2562 3694
198 109 281 159 146

134 187 399 228 stificationem
417 214 428 232 ,
458 182 492 221 8<
520 182 681 223 salutem
701 214 711 233 ,
741 188 942 239 inquiens:
988 191 1258 232 Accedentem

134 238 190 281 ad
211 239 344 277 Deum
373 246 522 289 oportet
550 237 732 288 credere,
761 245 855 292 quia
883 252 968 292 est,
997 248 1046 286 <9⁴
1075 251 1168 297 qum
1197 252 1257 285 ιἠ-

136 291 375 346 quirentibus
402 304 446 329 se
475 301 754 330 remunerator
783 304 872 340 est;
901 298 1008 337 nulla
1031 301 1129 338 facta
1150 314 1257 339 men-

135 348 234 386 tione
264 346 532 397 mysteriorum
564 346 863 398 lncarnationis,
894 350 927 387 ὃ(
959 352 1174 390 Trinitatis·

185 399 254 438 88.
285 398 419 450 Hesp„
450 400 679 437 mentionem
711 404 933 442 necessitatis
963 405 1052 442 fidei
1081 406 1257 444 lucarna-

134 453 276 500 tionis,
319 453 352 488 ἂ
396 451 594 491 Trinitatis
638 454 723 492 fieri
766 457 805 494 iii
835 456 921 494 aliis
950 459 1158 507 Scripturae
1188 459 1257 497 Sa-

136 520 213 545 crae
244 505 365 544 locis.
395 505 482 543 Ideo
511 515 635 544 autem
666 510 704 546 iii
734 508 816 545 loeo
844 509 992 558 objecto
1012 509 1121 547 nulla
1142 510 1184 549 fit
1204 521 1258 551 ta-

134 560 182 599 lis
212 560 379 607 mentio,
408 560 500 611 quia
531 559 598 598 illa
627 562 730 609 duo,
760 561 904 599 scilicet
934 561 1060 599 Deum
1090 577 1195 614 esse,
1225 567 1259 602 8t

136 622 462 653 remuneratorem
491 627 595 661 esse,
630 615 793 665 oportuit
821 614 974 652 credere
1003 616 1186 666 explicite
1217 633 1261 657 o-

137 668 222 706 mni
252 676 447 717 teinpore;
490 668 667 718 quamvis
696 665 780 702 aliis
816 668 1053 720 temporibus
1090 685 1261 712 necessa-

136 722 241 759 rium
273 721 343 757 fuit
374 720 407 756 ὅ(
436 719 513 757 alia
532 718 714 770 explicite
729 718 908 770 credere,
940 732 1050 774 prout
1080 722 1262 767 hactenus

137 775 381 825 exposuimus
398 799 408 810 .

193 826 260 880 89.
290 825 382 876 Obj.
412 832 577 874 quarto.
616 822 717 861 Illud
749 833 923 865 tenemur
949 828 997 866 de
1026 830 1109 868 Deo
1139 833 1264 886 expli-

139 882 214 919 cite
229 881 380 917 credere
396 907 406 925 ,
425 878 526 928 quod
550 885 601 914 est
617 887 751 915 nosti-ae
777 879 1021 921 beatitudinis
1037 884 1231 936 objectum
1250 903 1261 935 ;

141 934 205 972 sed
226 933 417 983 objectum
435 938 570 967 nostrae
592 930 837 971 beatitudinis
858 943 909 972 est
930 950 1081 975 summa
1100 939 1173 978 Dei
1194 941 1263 979 bo-

141 990 237 1025 nitas
255 1016 265 1032 ,
295 997 382 1036 quae
401 991 517 1035 potest
538 987 740 1035 cognosci,
771 985 804 1021 ἃ
824 989 927 1027 credi
946 991 1060 1029 etiam
1091 993 1174 1032 sine
1203 996 1262 1034 di-

142 1039 336 1079 stinctione
365 1049 636 1089 personarum:
666 1052 753 1090 ergo
774 1039 843 1079 δερ.

195 1105 260 1143 90·
292 1090 504 1142 Respondet
533 1090 573 1128 S.
604 1091 773 1131 Thomas
803 1103 873 1133 art.
903 1095 942 1135 8.
974 1097 1021 1135 ad
1052 1098 1116 1148 3.,
1160 1102 1264 1154 quod

142 1175 168 1194 „
197 1158 345 1182 sumina
388 1143 537 1181 bonitas
578 1144 651 1183 Dei
698 1148 909 1187 secundum
954 1152 1140 1202 modum,
1187 1168 1265 1207 quo

143 1229 167 1248 „
197 1212 296 1235 nunc
320 1196 543 1248 intelligitur
564 1213 631 1249 per
647 1199 801 1239 effectus
817 1232 827 1249 ‚
859 1214 976 1254 potest
994 1206 1157 1260 intelligi
1179 1210 1263 1247 abs-

141 1279 166 1302 „
196 1266 270 1303 que
301 1251 490 1288 Trinitate
520 1250 802 1303 Personarum,
833 1258 895 1294 sed
925 1261 1133 1298 secundum
1163 1263 1266 1313 quod

141 1336 166 1355 „
199 1304 423 1356 intelligitur
455 1305 493 1343 in
523 1307 674 1356 seipsa,
717 1318 831 1359 prout
874 1312 1023 1350 videtur
1061 1329 1083 1352 a
1113 1315 1265 1364 Remis,

141 1388 168 1409 ,‚
199 1373 271 1398 non
300 1367 419 1412 potest
448 1357 609 1411 intelligi
637 1362 718 1398 sine
749 1362 935 1403 Trinitate
964 1365 1214 1409 Personarum
1230 1371 1268 1410 '’-

564 1466 738 1506 CAPUT
768 1463 837 1508 IV.

357 1571 423 1611 De
450 1581 624 1612 externa
640 1574 749 1628 fidel
776 1575 1052 1629 professione.

196 1693 262 1732 9¹·
278 1639 646 1729 Quemadmodum
679 1682 880 1735 Apostolus
907 1686 1015 1725 docet
1038 1688 1199 1728 Roman.
1221 1689 1274 1728 X.

151 1747 214 1772 10.
233 1763 244 1779 ,
288 1733 430 1783 duplex
461 1743 513 1770 est
542 1734 631 1770 fidei
661 1746 791 1783 acuis3
835 1739 930 1776 alter
960 1742 1158 1790 internus,
1200 1756 1275 1793 quo

148 1786 268 1824 corde
295 1785 467 1822 creditur
497 1785 801 1838 adjustitiam,
841 1791 937 1829 alter
967 1803 1140 1833 externus
1159 1825 1168 1843 ,
1199 1808 1276 1847 quo

146 1853 215 1878 ore
244 1838 441 1889 consessio
459 1838 517 1891 fit
547 1839 603 1876 ud
631 1841 828 1881 salacem.
860 1845 918 1882 De
946 1849 1074 1897 primo
1096 1848 1275 1886 hacteuus

147 1894 314 1944 egimus,
345 1906 447 1929 nunc
478 1906 599 1943 pauca
628 1894 674 1930 de
695 1895 835 1932 altero:
867 1897 899 1932 8(
929 1900 1085 1950 quidem
1115 1901 1190 1938 duo
1219 1902 1277 1938 di·

148 1946 343 1984 sentienda
373 1946 635 1996 suscipimus3
663 1951 839 1996 primum
868 1964 915 1987 an
948 1951 1059 1990 liceat
1089 1953 1206 1991 fidem
1238 1968 1278 1991 a-

146 1999 332 2051 liquando
361 1998 590 2036 extrinsecus
619 2009 749 2051 aperte
778 2016 916 2054 negare
937 2034 946 2051 ,
977 2005 1186 2044 dummodo
1215 2019 1276 2045 oc-

146 2052 249 2091 culte
278 2052 438 2090 interius
470 2052 674 2091 retineatur
695 2055 734 2092 iii
755 2056 897 2095 corde?
927 2057 1096 2097 Deinde*-
1115 2074 1162 2098 an
1191 2074 1277 2098 eam

148 2105 290 2188 saltem2
310 2105 500 2144 occultare
528 2105 670 2156 liceat,
715 2107 852 2148 falsam
890 2111 1118 2164 religionem
1157 2116 1276 2153 simu-

147 2159 287 2199 lando»

203 2226 270 2265 92.
300 2212 498 2261 Quantum
523 2212 569 2251 ad
588 2214 759 2265 primum
776 2246 787 2264 ‚
819 2227 924 2257 vetus
955 2220 1025 2258 fuit
1044 2220 1279 2260 Helcesaita-

149 2281 238 2305 rum
268 2280 372 2303 error
390 2296 400 2313 ,
431 2267 496 2318 qui
529 2267 715 2306 referente
743 2270 911 2323 Origene
940 2275 1042 2325 apud
1066 2275 1279 2314 Eusebium

155 2321 245 2360 Lib.
262 2320 330 2357 VI.
362 2319 467 2357 Hist.
488 2319 613 2358 Eccl.-
635 2337 720 2374 cap.
738 2323 803 2362 58.
834 2355 859 2373 „
885 2327 1165 2367 indifferentem
1199 2343 1280 2367 rem

154 2403 181 2423 „
211 2388 288 2411 esse
307 2372 519 2421 docebant,
547 2374 740 2414 Christum
762 2378 953 2431 abnegare
969 2412 979 2429 ,
1011 2397 1191 2435 eumque,
1212 2384 1282 2436 qui

155 2456 181 2477 „
212 2428 337 2478 sapit,
366 2440 430 2464 ore
459 2428 617 2479 quidem
647 2437 753 2467 tenus
783 2432 823 2470 in
853 2435 934 2484 ipso
963 2436 1187 2474 discrimine
1216 2451 1281 2474 ne-

156 2508 181 2527 „
210 2490 385 2531 gaturum
417 2494 519 2528 esse,
550 2483 612 2520 sed
639 2497 714 2521 non
744 2498 788 2522 ex
818 2488 937 2525 animi
969 2491 1150 2528 sententia
1165 2491 1186 2506 '³
1204 2517 1216 2529 .
1248 2491 1281 2528 1-

153 2535 242 2572 dem
272 2534 385 2571 etiain
417 2534 600 2573 docebant
630 2535 953 2589 Priscillianistae,
988 2553 1026 2580 iit
1055 2557 1101 2581 ex
1130 2544 1171 2582 S.
1203 2545 1281 2582 Au-

155 2589 305 2640 gustino
333 2586 527 2639 colligitur
556 2588 646 2628 Lib.
680 2600 823 2629 contra
851 2593 1148 2647 ll‘Ienclacz'um,
1186 2612 1284 2652 quo-

155 2655 243 2681 rum
272 2640 370 2680 illud
401 2650 478 2679 erat
507 2642 673 2694 impium
705 2645 887 2684 effatum:

264 2747 387 2798 Jura,
416 2749 607 2803 perjura,
637 2761 834 2792 secretum
861 2755 1027 2806 prodere
1056 2758 1163 2798 noli.

211 2922 268 2970 (α).
281 2920 371 2953 Eum
396 2924 577 2958 revocavit
597 2925 740 2960 ahorco
758 2927 843 2960 Saec.
860 2929 959 2963 XIV.
980 2930 1123 2963 ineunte
1143 2929 1288 2975 quidam

165 2964 587 3017 DulmniusNovariensis
608 2973 870 3008 vivicomburio
887 2977 1056 3010 Vercellis
1075 2975 1262 3011 damnatus
1279 2999 1290 3018 ‚

166 3010 208 3043 de
235 3022 304 3054 quo
329 3011 436 3046 videri
463 3026 605 3058 possunt
632 3027 791 3053 auctores
819 3034 838 3054 a
864 3023 983 3056 Natali
1012 3023 1215 3057 Alexandro
1241 3025 1292 3057 ci-

166 3057 232 3090 tati
261 3057 347 3089 Saec.
375 3059 495 3100 Xtti.‚
521 3066 552 3095 ἃ
579 3066 677 3098 XtV.
706 3078 780 3111 cap.
810 3068 842 3101 3.
868 3077 934 3103 art.
966 3082 1041 3110 11.;
1081 3073 1113 3101 ἃ
1141 3071 1290 3104 ulterius

165 3102 242 3136 duae
267 3102 424 3136 liistoriae
451 3117 467 3136 a
498 3108 583 3141 Lud.
610 3112 691 3144 Ant.
717 3114 918 3149 muratorio
952 3116 987 3148 in
1024 3115 1155 3150 calcem
1188 3115 1291 3150 ediiae

168 3150 272 3183 Τοιη.
293 3151 358 3183 JX.
385 3150 549 3184 Historiae
569 3154 643 3190 Ital.
671 3158 801 3192 Eodem
825 3162 909 3195 Saec.
928 3163 1024 3197 XtV.
1052 3162 1214 3196 eumdem
1237 3175 1293 3197 er-

168 3207 287 3229 rorem
320 3196 500 3240 evulgasse
538 3197 665 3234 dicitur
703 3206 934 3251 Raymundus
964 3210 1085 3242 Lullus
1114 3210 1293 3244 'Pari-aco-

168 3243 288 3275 nensis
307 3264 317 3283 2
343 3243 403 3287 qni
429 3255 470 3277 ex
489 3242 609 3277 Judaeo
633 3251 744 3283 maliis
764 3254 986 3289 Christianus
1008 3257 1119 3290 factus
1145 3266 1220 3298 est,
1247 3258 1291 3291 ab

170 3288 283 3322 altero
309 3289 524 3324 celebratiss.
545 3290 752 3334 Rayinundo
779 3301 880 3334 Lullo
904 3301 1090 3344 diversus3
1118 3305 1203 3337 Saec.
1232 3317 1294 3338 au-

170 3343 244 3371 tem
270 3336 369 3373 XVI·
397 3337 502 3382 Greg·
538 3336 676 3378 David,
713 3341 843 3388 Belga,
882 3350 941 3393 qui
968 3361 1008 3385 eo
1033 3350 1186 3386 audaciae
1212 3362 1295 3396 pro—

658 104 739 150 DE
774 107 932 152 viar.
967 100 1194 148 THEoL.
1226 99 1493 146 DISSERT.
1517 101 1552 144 1.
1585 102 1967 151 cAP.1v.APP.

1325 180 1475 220 Mirum
1506 188 1587 228 est,
1616 189 1693 218 tam
1722 187 1979 233 perniciosum
2006 198 2173 225 errorem
2202 187 2367 239 potuisse
2394 198 2453 224 se-

1325 233 1526 286 quioribus
1556 235 1670 271 etiam
1700 239 1934 287 temporibus
1964 250 2140 292 patronos
2167 241 2341 279 invenire
2370 240 2454 292 (a).

1379 288 1446 340 95.
1477 287 1671 334 Quantum
1702 301 1792 325 vero
1820 290 1867 328 ad
1896 295 2125 343 secundum,
2157 295 2319 332 refertur
2340 294 2379 332 in
2396 293 2450 330 A-

1324 341 1395 378 ctis
1422 341 1577 378 concilii
1607 339 1856 380 Provincialis
1884 346 1923 383 in
1952 346 2119 386 Albania
2140 347 2180 386 P.
2197 349 2227 386 Ι.
2256 362 2342 398 cap.
2362 359 2398 383 2.
2418 345 2454 381 δε

1326 393 1365 432 5.
1395 394 1485 441 edit.
1504 393 1612 432 Rom.
1629 408 1690 432 an.
1713 395 1828 447 1706.
1845 426 1856 443 ,
1887 397 2001 435 fuisse
2030 401 2215 452 quosdam
2245 400 2452 439 Missioiia-

1324 448 1427 495 rios,
1457 449 1524 499 qui
1556 448 1788 500 imprudenti
1817 449 1908 487 fidei
1937 451 2140 490 dilatandae
2159 455 2238 492 zeto
2258 455 2333 491 suis
2353 452 2454 490 Neo-

1327 500 1457 552 phytis
1486 503 1524 538 in
1539 502 1779 539 Ottoinanico
1802 504 1967 553 imperio
1987 503 2288 545 Mahumeticam
2311 516 2453 544 sectam

1328 553 1513 605 sacrilega
1527 555 1769 593 simulatione
1785 557 1942 608 publice
1967 558 2135 608 profiteri
2160 560 2423 612 permittebant
2439 587 2454 606 ,

1329 607 1537 645 dummodo
1565 608 1824 647 Christianam
1857 609 2092 662 Religionem
2137 613 2234 650 intus
2269 615 2310 650 in
2340 612 2456 650 corde

1328 670 1524 700 tenerent.
1568 662 1654 699 Huc
1685 663 1799 700 etiam
1838 674 1978 715 spectat
2017 667 2161 703 rituum
2198 664 2455 703 idololatrico-

1329 728 1419 753 rum
1448 716 1488 753 in
1518 715 1668 753 Sinensi
1700 717 1888 767 imperiO,
1919 718 1953 754 St
1982 719 2083 770 apud
2112 717 2334 757 Malabaros
2363 718 2456 755 tole·-

1329 769 1472 818 rantia,
1501 769 1548 808 de
1576 769 1718 822 quibus
1748 770 1935 809 nonnulla
1964 773 2004 810 in
2026 773 2237 824 appendice
2256 771 2458 811 dicemus.

1709 876 2013 917 PRoPoslTio
2043 879 2074 918 Ι.

1467 980 1704 1034 Numquam
1734 985 1885 1022 licitum
1913 994 1974 1023 est
1989 984 2126 1039 fidem
2156 987 2334 1023 exterius

1562 1040 1746 1091 ejurare,
1775 1043 1938 1077 ttztizetsi'
1968 1053 2019 1077 eu,
2049 1043 2090 1078 in
2119 1039 2238 1078 corde

1800 1102 2003 1132 serretur.

1385 1196 1452 1248 94.
1467 1172 1606 1239 Prob.
1635 1202 1764 1248 primo
1786 1213 1830 1237 ex
1861 1199 1988 1239 verbis
2007 1200 2147 1238 Christi
2168 1198 2326 1237 Domini
2348 1195 2462 1235 Matt.

1334 1249 1387 1289 X.
1407 1252 1474 1289 52.
1505 1250 1537 1285 ἃ
1560 1252 1648 1290 55.;
1681 1283 1706 1300 „
1727 1254 1862 1291 Omnis
1892 1267 2001 1304 ergo,
2031 1255 2097 1305 qui
2128 1252 2370 1290 confitebitur
2399 1262 2463 1286 me

1335 1334 1361 1352 „
1391 1318 1518 1341 coram
1550 1303 1793 1352 hominibus,
1823 1306 2032 1343 confitebor
2062 1307 2094 1341 ὅ(
2124 1320 2191 1356 ego
2221 1319 2309 1341 eum
2332 1315 2466 1341 coram

1338 1387 1364 1406 „
1394 1357 1502 1394 Patre
1532 1371 1637 1405 nieO,
1669 1361 1735 1410 qui
1767 1361 1804 1396 in
1834 1359 1942 1396 coelis
1971 1368 2046 1397 est.
2083 1359 2161 1405 Qui
2193 1368 2319 1394 autem
2350 1370 2465 1405 nega-

1339 1440 1365 1460 „
1396 1413 1493 1448 verit
1540 1425 1601 1447 me
1649 1425 1778 1449 corani
1821 1412 2075 1460 huminibus,
2119 1411 2266 1462 negabo
2308 1409 2341 1444 8<
2395 1420 2464 1457 ego

1338 1494 1366 1513 „
1397 1478 1485 1501 euin
1516 1477 1644 1502 coram
1678 1464 1784 1504 Patre
1814 1479 1926 1514 meo,
1970 1467 2037 1518 qui
2076 1468 2114 1503 in
2145 1463 2254 1502 coelis
2284 1472 2363 1500 est.
2410 1458 2468 1497 Et:

1340 1547 1369 1566 „
1398 1517 1524 1555 Lucae
1544 1516 1618 1555 IX.
1642 1518 1705 1557 26.
1752 1519 1831 1566 Qui
1862 1535 1922 1557 ine
1950 1520 2172 1567 erubuerit,
2204 1517 2236 1552 ἃ
2266 1529 2368 1554 meos
2397 1526 2476 1551 ser-

1341 1600 1370 1621 „
1402 1585 1554 1620 mones,
1586 1572 1684 1611 hunc
1707 1572 1833 1611 Filius
1864 1573 2032 1612 hominis
2053 1574 2269 1618 erubescet,
2300 1582 2388 1608 cum
2410 1580 2477 1605 ve-

1343 1654 1370 1674 „
1402 1627 1496 1663 uerit
1526 1627 1565 1663 iii
1598 1627 1791 1678 majestate
1820 1628 1948 1664 sua''.
1997 1627 2154 1664 Accedit
2185 1627 2373 1662 funestum
2404 1620 2473 1658 Pe-

1343 1680 1391 1716 tri
1422 1678 1642 1729 exemplum
1661 1709 1671 1726 ,
1710 1694 1825 1731 quein
1855 1681 2020 1731 graviter
2051 1692 2251 1731 peccasse,
2293 1689 2392 1734 cuin
2413 1674 2477 1711 Je-

1343 1739 1428 1768 su'm
1459 1745 1538 1782 pree
1570 1733 1704 1769 timore
1734 1736 1907 1784 negavit,
1946 1747 2059 1771 nemo
2088 1741 2167 1779 est,
2204 1730 2272 1783 qui
2303 1729 2478 1772 dubitem

1343 1798 1458 1835 quem
1489 1794 1613 1822 taiiieii
1651 1787 1807 1824 interius
1844 1788 1963 1825 fidem
2002 1788 2224 1832 retinuisse,
2262 1782 2475 1835 plusquam

1343 1848 1488 1885 certum
1521 1848 1597 1876 est.

1399 1892 1466 1942 95.
1497 1891 1609 1930 Proh,
1639 1892 1812 1931 secundo
1834 1893 2124 1946 Apostolorum,
2154 1899 2270 1943 atque
2299 1889 2480 1950 intrume-

1344 1943 1530 1982 rabilium
1554 1946 1772 1998 Martyrum
1805 1948 2007 2000 exemplo,
2038 1948 2105 1998 qui
2136 1961 2157 1983 a
2187 1944 2323 1996 primis
2344 1939 2481 1978 hecle-

1346 1998 1413 2034 siae
1446 1999 1690 2038 incunabulis
1713 2010 1899 2039 tormenta
1919 2001 2128 2054 quaelibet,
2159 2000 2359 2050 ipsamque
2380 2003 2479 2054 atro-

1347 2051 1541 2089 cissiinam
1572 2063 1730 2091 mortem
1752 2056 1882 2093 subire
1903 2055 2125 2093 maluerunt
2142 2082 2153 2100 ,
2183 2065 2300 2104 quam
2324 2048 2383 2086 vel
2406 2060 2482 2109 ¹¹¹¹„-

1347 2105 1454 2142 nimo
1483 2108 1655 2144 exteriori
1686 2110 1790 2159 signo
1818 2125 1838 2146 a
1869 2109 1944 2146 fide
1974 2109 2159 2151 deficere3
2190 2105 2290 2142 unde
2322 2110 2418 2140 recte
2439 2100 2482 2138 b·

1349 2157 1584 2210 Augustinus
1605 2160 1695 2198 Lib.
1725 2170 1829 2198 cont.
1852 2160 1994 2197 ffilend.
2026 2161 2081 2197 acl
2104 2159 2359 2196 Consentium
2389 2168 2477 2206 cap.

1350 2226 1387 2250 2.
1417 2214 1462 2250 de
1494 2212 1562 2250 hoc
1601 2215 1682 2265 ipso
1713 2213 2090 2252 Priscilliaiiistarum
2133 2223 2258 2249 errore
2295 2209 2481 2261 loquens:

1353 2266 1454 2316 Quae
1483 2271 1712 2316 sententia,
1744 2270 1892 2320 inquit,
1923 2276 2085 2305 sanctos
2116 2265 2331 2317 Martyres
2361 2260 2483 2323 exlio-

1349 2329 1469 2358 norat
1487 2351 1496 2368 ,
1528 2324 1653 2359 immo
1675 2335 1762 2359 vero
1782 2322 1914 2375 aufert
1929 2330 2076 2359 sancta
2096 2322 2235 2358 omnia
2253 2324 2482 2378 martyrio,-

1404 2374 1471 2426 96.
1502 2374 1615 2413 Proh.
1654 2379 1768 2413 tertio
1810 2390 1853 2414 ex
1899 2375 2083 2414 constanti
2114 2372 2299 2411 Ecctefflae
2343 2381 2482 2422 praxi,

1349 2442 1426 2480 qua
1459 2442 1608 2479 semper
1627 2430 1842 2481 gravissimi
1860 2431 2034 2468 criminis
2056 2429 2111 2466 rei
2130 2427 2248 2464 habiti
2271 2433 2354 2463 sunt
2374 2430 2484 2475 quot-

1349 2491 1439 2533 quot
1469 2497 1490 2520 a
1523 2482 1717 2534 Religione
1747 2485 1861 2522 etiam
1892 2485 2056 2521 exterius
2084 2481 2208 2519 solum
2238 2479 2481 2540 defecerunt.

1350 2536 1452 2574 Hinc
1483 2535 1543 2574 illi
1566 2537 1809 2585 Libellatici,
1839 2539 1906 2590 qui
1939 2546 2108 2588 tempore
2139 2541 2409 2592 persecutionis
2437 2527 2486 2565 fi-

1349 2589 1437 2627 dem
1469 2592 1632 2628 exterius
1662 2591 1852 2642 ejurantes
1882 2591 2032 2629 libellos
2063 2585 2387 2646 aMagistratibtts
2415 2581 2484 2618 ob-

1353 2643 1554 2693 tinebant,
1585 2645 1725 2697 quibus
1756 2646 1914 2696 ejuratae
1943 2644 2169 2682 Christianae
2194 2640 2403 2700 Religionis
2431 2644 2486 2672 te-

1352 2699 1574 2736 stiinonium
1598 2700 1668 2750 ipsi
1691 2699 1926 2747 tradebatur,
1956 2698 2060 2735 duris
2076 2726 2086 2744 ,
2116 2696 2382 2743 diuturnisque
2404 2703 2487 2741 poe-

1353 2752 1529 2791 nitentiis
1557 2752 1722 2805 subjecti
1751 2754 1904 2792 fuerunt
1934 2751 1989 2804 (b)
2009 2778 2019 2790 .
2063 2750 2258 2798 Quorsum
2287 2757 2377 2786 vero
2393 2752 2487 2835 ttan-

2410 2811 2432 2834 a.

1357 2928 1461 2963 00⁵⁵st
1476 2949 1486 2968 ³
1512 2935 1550 2960 tlt
1565 2927 1777 2972 Apostolos,
1803 2934 2009 2970 sanctosque
2036 2923 2222 2974 Martyres.
2243 2918 2402 2972 stultitiae
2427 2924 2486 2949 ac-

1358 2982 1521 3014 cusaret,
1549 2973 1641 3018 quod
1668 2982 1817 3007 mortem
1844 2974 1959 3007 subire
1977 2994 1987 3012 ,
2011 2982 2116 3016 quam
2138 2969 2271 3021 Christi
2298 2963 2398 3018 tidem
2424 2960 2487 3011 ah-

1358 3033 1484 3066 negare
1511 3022 1701 3053 maluerint
1723 3044 1731 3052 .
1761 3020 1934 3053 Libertini
1960 3019 2068 3052 etiam
2096 3015 2421 3061 indifferentisiiium
2447 3017 2484 3036 in

1359 3067 1556 3112 Religionis
1575 3068 1712 3111 negotio
1735 3067 1937 3111 profitentes
1964 3067 1998 3098 in
2027 3063 2179 3109 idipsum
2205 3054 2482 3112 consentiebant,

1358 3114 1446 3148 duce
1470 3114 1668 3157 Quinum,
1705 3115 1763 3158 qui
1791 3126 1833 3146 ex
1861 3122 1992 3146 sertore
2020 3119 2124 3155 caput
2160 3110 2275 3161 iinpiae
2302 3108 2402 3135 sectae
2423 3101 2483 3164 ιίει-

1359 3170 1462 3201 Ct¹¹⁵>
1488 3161 1631 3195 meritas
1658 3162 1723 3195 luit
1744 3172 1864 3206 poenas
1880 3159 2032 3194 Tornaci
2053 3159 2202 3193 flammis
2217 3151 2400 3184 damnatus
2421 3157 2483 3178 an-

1360 3221 1406 3243 no
1435 3208 1534 3241 1530.
2282 3240 2291 3247 .
2393 3237 2405 3271 1

1408 3258 1455 3296 (b)
1481 3256 1530 3288 De
1557 3253 1610 3287 liis
1640 3253 1855 3289 Libellaticis
1880 3252 1992 3286 videri
2011 3255 2153 3299 possunt
2169 3245 2335 3295 Baroniiis
2363 3251 2394 3272 a(
2424 3249 2480 3271 an.

1363 3302 1445 3336 253.
1474 3314 1506 3335 n.
1530 3314 1584 3345 ¹9·
1612 3304 1643 3334 δε
1657 3314 1727 3347 seq.
1742 3323 1753 3342 ‚
1778 3301 1861 3335 Nat.
1879 3296 2074 3334 Alexander
2092 3296 2184 3328 DiSS·
2200 3290 2243 3323 V.
2264 3302 2298 3322 m
2317 3289 2401 3321 Saec.
2419 3286 2477 3318 tit.

1360 3350 1508 3385 Gabriel
1532 3348 1775 3395 Albaspinaeus
1800 3349 1942 3384 Observ-
1971 3344 2047 3380 Lib.
2072 3343 2099 3375 1.
2126 3349 2201 3383 cap.
2218 3337 2299 3377 25„
2324 3333 2476 3370 Carolus
