<?xml version="1.0" encoding="UTF-8"?>
<!DOCTYPE html PUBLIC "-//W3C//DTD XHTML 1.0 Transitional//EN"
    "http://www.w3.org/TR/xhtml1/DTD/xhtml1-transitional.dtd">
<html xmlns="http://www.w3.org/1999/xhtml" xml:lang="en" lang="en">
 <head>
  <title>
</title>
<meta http-equiv="Content-Type" content="text/html;charset=utf-8" />
  <meta name='ocr-system' content='tesseract 3.04.00' />
  <meta name='ocr-capabilities' content='ocr_page ocr_carea ocr_par ocr_line ocrx_word'/>
</head>
<body>
  <div class='ocr_page' id='page_1' title='image "./fratrispetrimari06gazzuoft/fratrispetrimari06gazzuoft_0083.png"; bbox 0 0 2570 3745; ppageno 0'>
   <div class='ocr_carea' id='block_1_1' title="bbox 802 151 2291 222">
    <p class='ocr_par' dir='ltr' id='par_1_1' title="bbox 802 151 2291 222">
     <span class='ocr_line' id='line_1_1' title="bbox 802 151 2291 222; baseline 0.009 -24"><span class='ocrx_word' id='word_1_1' title='bbox 802 153 883 198; x_wconf 82' lang='lat' dir='ltr'>DE</span> <span class='ocrx_word' id='word_1_2' title='bbox 918 151 1228 199; x_wconf 85' lang='lat' dir='ltr'>CORNELIO</span> <span class='ocrx_word' id='word_1_3' title='bbox 1261 151 1566 198; x_wconf 82' lang='lat' dir='ltr'><strong>JANSENIO</strong></span> <span class='ocrx_word' id='word_1_4' title='bbox 1588 183 1600 198; x_wconf 89' lang='lat'><strong>.</strong></span> <span class='ocrx_word' id='word_1_5' title='bbox 1706 156 1712 159; x_wconf 50' lang='lat'>‘</span> <span class='ocrx_word' id='word_1_6' title='bbox 2242 183 2291 222; x_wconf 83' lang='lat'>7¹</span> 
     </span>
    </p>
   </div>
   <div class='ocr_carea' id='block_1_2' title="bbox 28 230 1161 2574">
    <p class='ocr_par' dir='ltr' id='par_1_2' title="bbox 37 230 1160 1189">
     <span class='ocr_line' id='line_1_2' title="bbox 42 230 1160 290; baseline -0.007 -13"><span class='ocrx_word' id='word_1_7' title='bbox 42 235 109 284; x_wconf 68' lang='lat' dir='ltr'>ni,</span> <span class='ocrx_word' id='word_1_8' title='bbox 138 233 270 290; x_wconf 68' lang='lat' dir='ltr'>palam</span> <span class='ocrx_word' id='word_1_9' title='bbox 296 230 538 284; x_wconf 64' lang='lat' dir='ltr'>ettssgautes,</span> <span class='ocrx_word' id='word_1_10' title='bbox 566 230 804 271; x_wconf 71' lang='lat' dir='ltr'>Clementem</span> <span class='ocrx_word' id='word_1_11' title='bbox 834 234 905 271; x_wconf 88' lang='lat' dir='ltr'>IX.</span> <span class='ocrx_word' id='word_1_12' title='bbox 936 235 1052 273; x_wconf 81' lang='lat' dir='ltr'>fuisse</span> <span class='ocrx_word' id='word_1_13' title='bbox 1081 232 1160 272; x_wconf 77' lang='lat' dir='ltr'>sola</span> 
     </span>
     <span class='ocr_line' id='line_1_3' title="bbox 43 286 1159 340; baseline -0.004 -11"><span class='ocrx_word' id='word_1_14' title='bbox 43 300 201 334; x_wconf 77' lang='lat' dir='ltr'>externa</span> <span class='ocrx_word' id='word_1_15' title='bbox 227 287 438 328; x_wconf 72' lang='lat' dir='ltr'>reverentia</span> <span class='ocrx_word' id='word_1_16' title='bbox 465 286 569 324; x_wconf 87' lang='lat' dir='ltr'>circa</span> <span class='ocrx_word' id='word_1_17' title='bbox 597 287 768 334; x_wconf 79' lang='lat' dir='ltr'>factum,</span> <span class='ocrx_word' id='word_1_18' title='bbox 811 300 876 324; x_wconf 88' lang='lat' dir='ltr'>seu</span> <span class='ocrx_word' id='word_1_19' title='bbox 906 287 1081 340; x_wconf 81' lang='lat' dir='ltr'>religioso</span> <span class='ocrx_word' id='word_1_20' title='bbox 1109 288 1159 325; x_wconf 88' lang='lat' dir='ltr'>si-</span> 
     </span>
     <span class='ocr_line' id='line_1_4' title="bbox 42 340 1157 392; baseline -0.005 -9"><span class='ocrx_word' id='word_1_21' title='bbox 42 341 162 386; x_wconf 61' lang='lat' dir='ltr'>lentis)</span> <span class='ocrx_word' id='word_1_22' title='bbox 186 350 433 388; x_wconf 80' lang='lat' dir='ltr'>contentum,</span> <span class='ocrx_word' id='word_1_23' title='bbox 471 353 541 377; x_wconf 89' lang='lat' dir='ltr'>uec</span> <span class='ocrx_word' id='word_1_24' title='bbox 569 353 806 392; x_wconf 81' lang='lat' dir='ltr'>quemquam</span> <span class='ocrx_word' id='word_1_25' title='bbox 839 340 996 378; x_wconf 76' lang='lat' dir='ltr'>ulterius</span> <span class='ocrx_word' id='word_1_26' title='bbox 1025 340 1157 392; x_wconf 83' lang='lat' dir='ltr'>adigi,</span> 
     </span>
     <span class='ocr_line' id='line_1_5' title="bbox 45 392 1158 446; baseline 0.002 -16"><span class='ocrx_word' id='word_1_27' title='bbox 45 406 91 443; x_wconf 69' lang='lat'>¹3¹</span> <span class='ocrx_word' id='word_1_28' title='bbox 118 396 320 442; x_wconf 61' lang='lat' dir='ltr'>fateretur,</span> <span class='ocrx_word' id='word_1_29' title='bbox 360 392 554 431; x_wconf 85' lang='lat' dir='ltr'>damnatas</span> <span class='ocrx_word' id='word_1_30' title='bbox 596 395 769 445; x_wconf 84' lang='lat' dir='ltr'>quinque</span> <span class='ocrx_word' id='word_1_31' title='bbox 811 395 1082 446; x_wconf 84' lang='lat' dir='ltr'>propositiones</span> <span class='ocrx_word' id='word_1_32' title='bbox 1121 395 1158 432; x_wconf 89' lang='lat' dir='ltr'>in</span> 
     </span>
     <span class='ocr_line' id='line_1_6' title="bbox 44 445 1158 498; baseline -0.002 -12"><span class='ocrx_word' id='word_1_33' title='bbox 44 447 214 492; x_wconf 69' lang='lat' dir='ltr'>lansenii</span> <span class='ocrx_word' id='word_1_34' title='bbox 242 445 354 484; x_wconf 87' lang='lat' dir='ltr'>libris</span> <span class='ocrx_word' id='word_1_35' title='bbox 383 448 542 498; x_wconf 83' lang='lat' dir='ltr'>reperiri</span> <span class='ocrx_word' id='word_1_36' title='bbox 561 472 572 485; x_wconf 88' lang='lat'>.</span> <span class='ocrx_word' id='word_1_37' title='bbox 603 449 648 485; x_wconf 79' lang='lat' dir='ltr'>At</span> <span class='ocrx_word' id='word_1_38' title='bbox 671 460 758 484; x_wconf 72' lang='lat' dir='ltr'>vero</span> <span class='ocrx_word' id='word_1_39' title='bbox 778 446 863 497; x_wconf 83' lang='lat' dir='ltr'>jure</span> <span class='ocrx_word' id='word_1_40' title='bbox 885 447 1158 494; x_wconf 74' lang='lat' dir='ltr'>reclamabant,</span> 
     </span>
     <span class='ocr_line' id='line_1_7' title="bbox 41 498 1157 555; baseline -0.003 -15"><span class='ocrx_word' id='word_1_41' title='bbox 41 502 109 555; x_wconf 85' lang='lat' dir='ltr'>qni</span> <span class='ocrx_word' id='word_1_42' title='bbox 137 499 198 552; x_wconf 78' lang='lat' dir='ltr'>jus</span> <span class='ocrx_word' id='word_1_43' title='bbox 226 514 248 541; x_wconf 73' lang='lat' dir='ltr'>a</span> <span class='ocrx_word' id='word_1_44' title='bbox 276 500 376 542; x_wconf 77' lang='lat' dir='ltr'>facto</span> <span class='ocrx_word' id='word_1_45' title='bbox 393 499 560 538; x_wconf 76' lang='lat' dir='ltr'>Jansenii</span> <span class='ocrx_word' id='word_1_46' title='bbox 583 498 691 537; x_wconf 86' lang='lat' dir='ltr'>nullo</span> <span class='ocrx_word' id='word_1_47' title='bbox 712 501 822 537; x_wconf 81' lang='lat' dir='ltr'>modo</span> <span class='ocrx_word' id='word_1_48' title='bbox 848 500 1157 552; x_wconf 78' lang='lat' dir='ltr'>distinguendum</span> 
     </span>
     <span class='ocr_line' id='line_1_8' title="bbox 41 554 1156 605; baseline 0.001 -15"><span class='ocrx_word' id='word_1_49' title='bbox 41 568 119 596; x_wconf 59' lang='lat' dir='ltr'>we</span> <span class='ocrx_word' id='word_1_50' title='bbox 147 563 305 605; x_wconf 80' lang='lat' dir='ltr'>putant,</span> <span class='ocrx_word' id='word_1_51' title='bbox 346 566 390 594; x_wconf 78' lang='lat' dir='ltr'>ac</span> <span class='ocrx_word' id='word_1_52' title='bbox 422 555 624 605; x_wconf 85' lang='lat' dir='ltr'>perspicue</span> <span class='ocrx_word' id='word_1_53' title='bbox 655 554 938 602; x_wconf 79' lang='lat' dir='ltr'>demonstrant,</span> <span class='ocrx_word' id='word_1_54' title='bbox 980 554 1156 592; x_wconf 80' lang='lat' dir='ltr'>Clemen-</span> 
     </span>
     <span class='ocr_line' id='line_1_9' title="bbox 41 605 1156 649; baseline -0.002 -4"><span class='ocrx_word' id='word_1_55' title='bbox 41 615 118 649; x_wconf 80' lang='lat' dir='ltr'>tem</span> <span class='ocrx_word' id='word_1_56' title='bbox 136 606 205 647; x_wconf 87' lang='lat' dir='ltr'>lX.</span> <span class='ocrx_word' id='word_1_57' title='bbox 232 620 309 647; x_wconf 81' lang='lat' dir='ltr'>non</span> <span class='ocrx_word' id='word_1_58' title='bbox 339 605 416 646; x_wconf 81' lang='lat' dir='ltr'>alia</span> <span class='ocrx_word' id='word_1_59' title='bbox 444 606 490 644; x_wconf 92' lang='lat' dir='ltr'>de</span> <span class='ocrx_word' id='word_1_60' title='bbox 518 621 632 645; x_wconf 82' lang='lat' dir='ltr'>causa</span> <span class='ocrx_word' id='word_1_61' title='bbox 652 608 697 644; x_wconf 84' lang='lat' dir='ltr'>ad</span> <span class='ocrx_word' id='word_1_62' title='bbox 719 608 1027 645; x_wconf 83' lang='lat' dir='ltr'>conunuuionein</span> <span class='ocrx_word' id='word_1_63' title='bbox 1047 620 1156 644; x_wconf 83' lang='lat' dir='ltr'>suam</span> 
     </span>
     <span class='ocr_line' id='line_1_10' title="bbox 40 659 1158 712; baseline -0.003 -13"><span class='ocrx_word' id='word_1_64' title='bbox 40 669 268 701; x_wconf 73' lang='lat' dir='ltr'>memomtos</span> <span class='ocrx_word' id='word_1_65' title='bbox 295 659 506 712; x_wconf 76' lang='lat' dir='ltr'>Episcopos</span> <span class='ocrx_word' id='word_1_66' title='bbox 535 662 745 712; x_wconf 79' lang='lat' dir='ltr'>recepisse,</span> <span class='ocrx_word' id='word_1_67' title='bbox 775 662 848 697; x_wconf 85' lang='lat' dir='ltr'>nisi</span> <span class='ocrx_word' id='word_1_68' title='bbox 878 662 970 712; x_wconf 87' lang='lat' dir='ltr'>quia</span> <span class='ocrx_word' id='word_1_69' title='bbox 997 659 1120 698; x_wconf 84' lang='lat' dir='ltr'>eidem</span> <span class='ocrx_word' id='word_1_70' title='bbox 1137 673 1158 696; x_wconf 88' lang='lat' dir='ltr'>a</span> 
     </span>
     <span class='ocr_line' id='line_1_11' title="bbox 40 712 1160 766; baseline -0.003 -13"><span class='ocrx_word' id='word_1_71' title='bbox 40 714 148 766; x_wconf 84' lang='lat' dir='ltr'>pacis</span> <span class='ocrx_word' id='word_1_72' title='bbox 174 712 490 754; x_wconf 79' lang='lat' dir='ltr'>conciliatoribus</span> <span class='ocrx_word' id='word_1_73' title='bbox 519 716 703 765; x_wconf 85' lang='lat' dir='ltr'>scriptum</span> <span class='ocrx_word' id='word_1_74' title='bbox 742 714 886 751; x_wconf 80' lang='lat' dir='ltr'>fuerat:</span> <span class='ocrx_word' id='word_1_75' title='bbox 935 743 961 761; x_wconf 89' lang='lat'>,‚</span> <span class='ocrx_word' id='word_1_76' title='bbox 991 712 1064 752; x_wconf 86' lang='lat' dir='ltr'>Eos</span> <span class='ocrx_word' id='word_1_77' title='bbox 1093 713 1160 751; x_wconf 82' lang='lat' dir='ltr'>da-</span> 
     </span>
     <span class='ocr_line' id='line_1_12' title="bbox 40 765 1158 819; baseline -0.003 -14"><span class='ocrx_word' id='word_1_78' title='bbox 40 795 69 816; x_wconf 86' lang='lat'><strong>„</strong></span> <span class='ocrx_word' id='word_1_79' title='bbox 97 780 273 815; x_wconf 83' lang='lat' dir='ltr'>mnasse,</span> <span class='ocrx_word' id='word_1_80' title='bbox 302 767 336 804; x_wconf 75' lang='grc' dir='ltr'><strong>ἃ</strong></span> <span class='ocrx_word' id='word_1_81' title='bbox 366 782 387 806; x_wconf 84' lang='lat' dir='ltr'>a</span> <span class='ocrx_word' id='word_1_82' title='bbox 416 769 492 805; x_wconf 88' lang='lat' dir='ltr'>suis</span> <span class='ocrx_word' id='word_1_83' title='bbox 512 767 686 806; x_wconf 73' lang='lat' dir='ltr'>(lainnari</span> <span class='ocrx_word' id='word_1_84' title='bbox 708 765 859 818; x_wconf 81' lang='lat' dir='ltr'>jussisse</span> <span class='ocrx_word' id='word_1_85' title='bbox 879 769 1053 819; x_wconf 87' lang='lat' dir='ltr'>quinque</span> <span class='ocrx_word' id='word_1_86' title='bbox 1073 778 1158 818; x_wconf 91' lang='lat' dir='ltr'>pro-</span> 
     </span>
     <span class='ocr_line' id='line_1_13' title="bbox 40 819 1156 872; baseline -0.002 -14"><span class='ocrx_word' id='word_1_87' title='bbox 40 848 70 870; x_wconf 75' lang='lat'><em>„</em></span> <span class='ocrx_word' id='word_1_88' title='bbox 99 821 303 872; x_wconf 75' lang='lat' dir='ltr'>positiones</span> <span class='ocrx_word' id='word_1_89' title='bbox 330 821 503 868; x_wconf 80' lang='lat' dir='ltr'>sincero,</span> <span class='ocrx_word' id='word_1_90' title='bbox 533 820 678 872; x_wconf 82' lang='lat' dir='ltr'>absque</span> <span class='ocrx_word' id='word_1_91' title='bbox 707 819 786 858; x_wconf 90' lang='lat' dir='ltr'>ulla</span> <span class='ocrx_word' id='word_1_92' title='bbox 815 822 1061 872; x_wconf 82' lang='lat' dir='ltr'><strong>exceptione,</strong></span> <span class='ocrx_word' id='word_1_93' title='bbox 1091 832 1156 856; x_wconf 81' lang='lat' dir='ltr'>seu</span> 
     </span>
     <span class='ocr_line' id='line_1_14' title="bbox 40 872 1154 923; baseline -0.001 -12"><span class='ocrx_word' id='word_1_94' title='bbox 40 902 68 921; x_wconf 79' lang='lat'>‚‚</span> <span class='ocrx_word' id='word_1_95' title='bbox 99 874 331 911; x_wconf 73' lang='lat' dir='ltr'>restrictione</span> <span class='ocrx_word' id='word_1_96' title='bbox 347 904 358 922; x_wconf 89' lang='lat'>,</span> <span class='ocrx_word' id='word_1_97' title='bbox 387 875 426 912; x_wconf 88' lang='lat' dir='ltr'>in</span> <span class='ocrx_word' id='word_1_98' title='bbox 455 887 498 912; x_wconf 87' lang='lat' dir='ltr'>eo</span> <span class='ocrx_word' id='word_1_99' title='bbox 525 875 630 911; x_wconf 82' lang='lat' dir='ltr'>omui</span> <span class='ocrx_word' id='word_1_100' title='bbox 651 886 757 909; x_wconf 70' lang='lat' dir='ltr'>sensu</span> <span class='ocrx_word' id='word_1_101' title='bbox 775 902 784 919; x_wconf 94' lang='lat'>‚</span> <span class='ocrx_word' id='word_1_102' title='bbox 813 886 891 923; x_wconf 84' lang='lat' dir='ltr'>quo</span> <span class='ocrx_word' id='word_1_103' title='bbox 912 873 1064 910; x_wconf 82' lang='lat' dir='ltr'>suntab</span> <span class='ocrx_word' id='word_1_104' title='bbox 1081 872 1154 910; x_wconf 83' lang='lat' dir='ltr'>Ec-</span> 
     </span>
     <span class='ocr_line' id='line_1_15' title="bbox 39 925 1155 974; baseline -0.002 -10"><span class='ocrx_word' id='word_1_105' title='bbox 39 954 69 974; x_wconf 84' lang='lat'><strong>„</strong></span> <span class='ocrx_word' id='word_1_106' title='bbox 98 926 214 964; x_wconf 88' lang='lat' dir='ltr'>clesia</span> <span class='ocrx_word' id='word_1_107' title='bbox 255 927 444 964; x_wconf 78' lang='lat' dir='ltr'>dainnatae</span> <span class='ocrx_word' id='word_1_108' title='bbox 467 927 515 963; x_wconf 90' lang='lat'>’&#39;.</span> <span class='ocrx_word' id='word_1_109' title='bbox 564 926 662 962; x_wconf 82' lang='lat' dir='ltr'>Hinc</span> <span class='ocrx_word' id='word_1_110' title='bbox 704 925 882 962; x_wconf 82' lang='lat' dir='ltr'>eumdem</span> <span class='ocrx_word' id='word_1_111' title='bbox 917 926 1155 963; x_wconf 71' lang='lat' dir='ltr'>Clementem</span> 
     </span>
     <span class='ocr_line' id='line_1_16' title="bbox 40 976 1156 1032; baseline -0.002 -15"><span class='ocrx_word' id='word_1_112' title='bbox 40 981 237 1032; x_wconf 76' lang='lat' dir='ltr'>scripsisse</span> <span class='ocrx_word' id='word_1_113' title='bbox 266 978 357 1032; x_wconf 78' lang='lat' dir='ltr'>Regi</span> <span class='ocrx_word' id='word_1_114' title='bbox 383 979 708 1018; x_wconf 74' lang='lat' dir='ltr'>Christianissimo</span> <span class='ocrx_word' id='word_1_115' title='bbox 735 978 793 1015; x_wconf 81' lang='grc' dir='ltr'>ιὸ.</span> <span class='ocrx_word' id='word_1_116' title='bbox 815 977 919 1029; x_wconf 85' lang='lat' dir='ltr'>Sept.</span> <span class='ocrx_word' id='word_1_117' title='bbox 948 976 1084 1025; x_wconf 61' lang='lat'>1068„</span> <span class='ocrx_word' id='word_1_118' title='bbox 1115 991 1156 1015; x_wconf 85' lang='lat' dir='ltr'>se</span> 
     </span>
     <span class='ocr_line' id='line_1_17' title="bbox 41 1030 1156 1084; baseline -0.005 -12"><span class='ocrx_word' id='word_1_119' title='bbox 41 1044 133 1072; x_wconf 79' lang='lat' dir='ltr'>cum</span> <span class='ocrx_word' id='word_1_120' title='bbox 164 1033 304 1072; x_wconf 71' lang='lat' dir='ltr'>laetitia</span> <span class='ocrx_word' id='word_1_121' title='bbox 333 1035 557 1084; x_wconf 76' lang='lat' dir='ltr'>cognovisse</span> <span class='ocrx_word' id='word_1_122' title='bbox 592 1034 634 1068; x_wconf 86' lang='lat' dir='ltr'>in</span> <span class='ocrx_word' id='word_1_123' title='bbox 662 1031 831 1080; x_wconf 76' lang='lat' dir='ltr'>simplici</span> <span class='ocrx_word' id='word_1_124' title='bbox 859 1043 909 1067; x_wconf 78' lang='lat' dir='ltr'>‹zc</span> <span class='ocrx_word' id='word_1_125' title='bbox 939 1043 1039 1080; x_wconf 80' lang='lat' dir='ltr'>pura</span> <span class='ocrx_word' id='word_1_126' title='bbox 1069 1030 1156 1067; x_wconf 81' lang='lat' dir='ltr'>sub-</span> 
     </span>
     <span class='ocr_line' id='line_1_18' title="bbox 39 1082 1155 1136; baseline -0.001 -15"><span class='ocrx_word' id='word_1_127' title='bbox 39 1089 253 1136; x_wconf 70' lang='lat' dir='ltr'>scriptione</span> <span class='ocrx_word' id='word_1_128' title='bbox 282 1084 520 1124; x_wconf 82' lang='lat' dir='ltr'>Formularii</span> <span class='ocrx_word' id='word_1_129' title='bbox 548 1092 716 1135; x_wconf 78' lang='lat' dir='ltr'>quatuor</span> <span class='ocrx_word' id='word_1_130' title='bbox 753 1085 911 1121; x_wconf 74' lang='lat' dir='ltr'>illorum</span> <span class='ocrx_word' id='word_1_131' title='bbox 939 1082 1155 1134; x_wconf 82' lang='lat' dir='ltr'>Episcopo-</span> 
     </span>
     <span class='ocr_line' id='line_1_19' title="bbox 37 1136 1156 1189; baseline 0 -15"><span class='ocrx_word' id='word_1_132' title='bbox 37 1151 129 1177; x_wconf 83' lang='lat' dir='ltr'>rum</span> <span class='ocrx_word' id='word_1_133' title='bbox 157 1137 447 1182; x_wconf 74' lang='lat' dir='ltr'>obedientiam;</span> <span class='ocrx_word' id='word_1_134' title='bbox 484 1136 518 1172; x_wconf 72' lang='lat'>8:</span> <span class='ocrx_word' id='word_1_135' title='bbox 548 1138 689 1189; x_wconf 87' lang='lat' dir='ltr'>pariter</span> <span class='ocrx_word' id='word_1_136' title='bbox 719 1138 757 1175; x_wconf 92' lang='lat' dir='ltr'>in</span> <span class='ocrx_word' id='word_1_137' title='bbox 790 1137 900 1175; x_wconf 78' lang='lat' dir='ltr'>Brevi</span> <span class='ocrx_word' id='word_1_138' title='bbox 929 1137 976 1175; x_wconf 90' lang='lat' dir='ltr'>ad</span> <span class='ocrx_word' id='word_1_139' title='bbox 1007 1137 1156 1174; x_wconf 86' lang='lat' dir='ltr'>eosdem</span> 
     </span>
    </p>

    <p class='ocr_par' dir='ltr' id='par_1_3' title="bbox 36 1189 1158 1455">
     <span class='ocr_line' id='line_1_20' title="bbox 71 1189 1156 1243; baseline -0.002 -15"><span class='ocrx_word' id='word_1_140' title='bbox 71 1201 202 1230; x_wconf 83' lang='lat' dir='ltr'>uatuor</span> <span class='ocrx_word' id='word_1_141' title='bbox 230 1190 435 1243; x_wconf 83' lang='lat' dir='ltr'>Episcopos</span> <span class='ocrx_word' id='word_1_142' title='bbox 469 1203 531 1242; x_wconf 79' lang='lat'>19.</span> <span class='ocrx_word' id='word_1_143' title='bbox 551 1190 724 1228; x_wconf 70' lang='lat' dir='ltr'>,Ianuarii</span> <span class='ocrx_word' id='word_1_144' title='bbox 753 1189 893 1242; x_wconf 80' lang='lat'><strong>1669.‚</strong></span> <span class='ocrx_word' id='word_1_145' title='bbox 922 1189 1156 1241; x_wconf 80' lang='lat' dir='ltr'>gratulatum</span> 
     </span>
     <span class='ocr_line' id='line_1_21' title="bbox 37 1206 1156 1296; baseline -0.002 -13"><span class='ocrx_word' id='word_1_146' title='bbox 37 1206 154 1284; x_wconf 51' lang='lat' dir='ltr'>{luisse</span> <span class='ocrx_word' id='word_1_147' title='bbox 181 1243 228 1283; x_wconf 89' lang='lat' dir='ltr'>de</span> <span class='ocrx_word' id='word_1_148' title='bbox 257 1244 452 1296; x_wconf 81' lang='lat' dir='ltr'>perfecta,</span> <span class='ocrx_word' id='word_1_149' title='bbox 495 1244 529 1281; x_wconf 71' lang='grc' dir='ltr'>ἀ</span> <span class='ocrx_word' id='word_1_150' title='bbox 558 1244 604 1281; x_wconf 91' lang='lat' dir='ltr'>de</span> <span class='ocrx_word' id='word_1_151' title='bbox 634 1245 779 1296; x_wconf 83' lang='lat' dir='ltr'>integra</span> <span class='ocrx_word' id='word_1_152' title='bbox 807 1243 1022 1281; x_wconf 78' lang='lat' dir='ltr'>obedientia</span> <span class='ocrx_word' id='word_1_153' title='bbox 1058 1243 1156 1292; x_wconf 91' lang='lat' dir='ltr'>sibi,</span> 
     </span>
     <span class='ocr_line' id='line_1_22' title="bbox 38 1294 1157 1350; baseline -0.004 -14"><span class='ocrx_word' id='word_1_154' title='bbox 38 1295 74 1336; x_wconf 72' lang='grc' dir='ltr'><strong>ἃ</strong></span> <span class='ocrx_word' id='word_1_155' title='bbox 103 1296 328 1348; x_wconf 80' lang='lat' dir='ltr'>Apostolicae</span> <span class='ocrx_word' id='word_1_156' title='bbox 354 1297 447 1337; x_wconf 81' lang='lat' dir='ltr'>sedi</span> <span class='ocrx_word' id='word_1_157' title='bbox 479 1299 668 1350; x_wconf 67' lang='lat' dir='ltr'>praestita,</span> <span class='ocrx_word' id='word_1_158' title='bbox 698 1295 978 1347; x_wconf 80' lang='lat' dir='ltr'>subscriptione</span> <span class='ocrx_word' id='word_1_159' title='bbox 992 1294 1157 1348; x_wconf 84' lang='lat' dir='ltr'>formu-</span> 
     </span>
     <span class='ocr_line' id='line_1_23' title="bbox 36 1349 1158 1403; baseline 0.002 -17"><span class='ocrx_word' id='word_1_160' title='bbox 36 1349 130 1391; x_wconf 73' lang='lat' dir='ltr'>larii·</span> <span class='ocrx_word' id='word_1_161' title='bbox 156 1354 312 1389; x_wconf 83' lang='lat' dir='ltr'>sincero</span> <span class='ocrx_word' id='word_1_162' title='bbox 339 1355 506 1398; x_wconf 79' lang='grc' dir='ltr'>αηὶιηο,</span> <span class='ocrx_word' id='word_1_163' title='bbox 534 1351 584 1391; x_wconf 64' lang='grc' dir='ltr'>(θ’</span> <span class='ocrx_word' id='word_1_164' title='bbox 607 1352 732 1403; x_wconf 75' lang='lat' dir='ltr'>juxta</span> <span class='ocrx_word' id='word_1_165' title='bbox 760 1354 1037 1403; x_wconf 72' lang='lat' dir='ltr'>praescriptum</span> <span class='ocrx_word' id='word_1_166' title='bbox 1058 1349 1158 1388; x_wconf 80' lang='lat' dir='ltr'>licte-</span> 
     </span>
     <span class='ocr_line' id='line_1_24' title="bbox 39 1402 954 1455; baseline 0.004 -17"><span class='ocrx_word' id='word_1_167' title='bbox 39 1414 183 1442; x_wconf 85' lang='lat' dir='ltr'>rarum</span> <span class='ocrx_word' id='word_1_168' title='bbox 215 1404 529 1453; x_wconf 68' lang='lat' dir='ltr'>Apostolicorum</span> <span class='ocrx_word' id='word_1_169' title='bbox 559 1402 609 1442; x_wconf 86' lang='lat' dir='ltr'>ab</span> <span class='ocrx_word' id='word_1_170' title='bbox 638 1407 685 1441; x_wconf 84' lang='lat' dir='ltr'>iis</span> <span class='ocrx_word' id='word_1_171' title='bbox 701 1403 831 1455; x_wconf 70' lang='lat' dir='ltr'>jacta</span> <span class='ocrx_word' id='word_1_172' title='bbox 861 1405 954 1455; x_wconf 81' lang='lat' dir='ltr'><em>(a).</em></span> 
     </span>
    </p>

    <p class='ocr_par' dir='ltr' id='par_1_4' title="bbox 37 1455 1159 1775">
     <span class='ocr_line' id='line_1_25' title="bbox 96 1455 1158 1509; baseline -0.003 -14"><span class='ocrx_word' id='word_1_173' title='bbox 96 1455 161 1506; x_wconf 82' lang='lat'>73.</span> <span class='ocrx_word' id='word_1_174' title='bbox 190 1455 290 1495; x_wconf 86' lang='lat' dir='ltr'>Hinc</span> <span class='ocrx_word' id='word_1_175' title='bbox 320 1458 491 1505; x_wconf 79' lang='lat' dir='ltr'>fainosa,</span> <span class='ocrx_word' id='word_1_176' title='bbox 535 1455 569 1493; x_wconf 84' lang='lat'>&amp;</span> <span class='ocrx_word' id='word_1_177' title='bbox 606 1456 803 1495; x_wconf 88' lang='lat' dir='ltr'>decantata</span> <span class='ocrx_word' id='word_1_178' title='bbox 846 1471 921 1509; x_wconf 81' lang='lat' dir='ltr'>pax</span> <span class='ocrx_word' id='word_1_179' title='bbox 949 1456 1158 1495; x_wconf 87' lang='lat' dir='ltr'>Clementis</span> 
     </span>
     <span class='ocr_line' id='line_1_26' title="bbox 37 1507 1159 1563; baseline 0.001 -17"><span class='ocrx_word' id='word_1_180' title='bbox 37 1507 110 1547; x_wconf 83' lang='lat' dir='ltr'>IX.</span> <span class='ocrx_word' id='word_1_181' title='bbox 141 1523 216 1548; x_wconf 89' lang='lat' dir='ltr'>non</span> <span class='ocrx_word' id='word_1_182' title='bbox 243 1510 313 1549; x_wconf 82' lang='lat' dir='ltr'>diu</span> <span class='ocrx_word' id='word_1_183' title='bbox 340 1511 517 1556; x_wconf 80' lang='lat' dir='ltr'>duravit3</span> <span class='ocrx_word' id='word_1_184' title='bbox 548 1511 764 1562; x_wconf 81' lang='lat' dir='ltr'>iterumque</span> <span class='ocrx_word' id='word_1_185' title='bbox 794 1525 914 1563; x_wconf 86' lang='lat' dir='ltr'>pura,</span> <span class='ocrx_word' id='word_1_186' title='bbox 944 1510 978 1548; x_wconf 80' lang='lat' dir='ltr'>8t</span> <span class='ocrx_word' id='word_1_187' title='bbox 996 1509 1159 1561; x_wconf 75' lang='lat' dir='ltr'>simplex</span> 
     </span>
     <span class='ocr_line' id='line_1_27' title="bbox 38 1561 1159 1616; baseline 0.002 -16"><span class='ocrx_word' id='word_1_188' title='bbox 38 1561 275 1601; x_wconf 83' lang='lat' dir='ltr'>Forinularii</span> <span class='ocrx_word' id='word_1_189' title='bbox 303 1564 533 1616; x_wconf 73' lang='lat' dir='ltr'>subscriptio</span> <span class='ocrx_word' id='word_1_190' title='bbox 561 1573 693 1602; x_wconf 83' lang='lat' dir='ltr'>exacta</span> <span class='ocrx_word' id='word_1_191' title='bbox 723 1572 801 1609; x_wconf 84' lang='lat' dir='ltr'>est,</span> <span class='ocrx_word' id='word_1_192' title='bbox 833 1564 866 1600; x_wconf 86' lang='lat'>&amp;</span> <span class='ocrx_word' id='word_1_193' title='bbox 889 1563 1115 1602; x_wconf 82' lang='lat' dir='ltr'>Refractarii</span> <span class='ocrx_word' id='word_1_194' title='bbox 1137 1578 1159 1602; x_wconf 84' lang='lat' dir='ltr'>a</span> 
     </span>
     <span class='ocr_line' id='line_1_28' title="bbox 38 1614 1158 1668; baseline 0.001 -16"><span class='ocrx_word' id='word_1_195' title='bbox 38 1616 184 1653; x_wconf 86' lang='lat' dir='ltr'>muniis</span> <span class='ocrx_word' id='word_1_196' title='bbox 212 1628 250 1653; x_wconf 92' lang='lat' dir='ltr'>se</span> <span class='ocrx_word' id='word_1_197' title='bbox 277 1615 484 1663; x_wconf 85' lang='lat' dir='ltr'>abdicare,</span> <span class='ocrx_word' id='word_1_198' title='bbox 513 1614 638 1654; x_wconf 84' lang='lat' dir='ltr'>solum</span> <span class='ocrx_word' id='word_1_199' title='bbox 659 1627 834 1664; x_wconf 85' lang='lat' dir='ltr'>mutare,</span> <span class='ocrx_word' id='word_1_200' title='bbox 864 1619 1065 1668; x_wconf 87' lang='lat' dir='ltr'>omnisque</span> <span class='ocrx_word' id='word_1_201' title='bbox 1093 1631 1158 1667; x_wconf 80' lang='lat' dir='ltr'>ge-</span> 
     </span>
     <span class='ocr_line' id='line_1_29' title="bbox 38 1667 1158 1721; baseline 0.002 -15"><span class='ocrx_word' id='word_1_202' title='bbox 38 1668 140 1707; x_wconf 83' lang='lat' dir='ltr'>neris</span> <span class='ocrx_word' id='word_1_203' title='bbox 171 1667 359 1707; x_wconf 76' lang='lat' dir='ltr'>molestias</span> <span class='ocrx_word' id='word_1_204' title='bbox 388 1670 532 1721; x_wconf 84' lang='lat' dir='ltr'>perpeti</span> <span class='ocrx_word' id='word_1_205' title='bbox 561 1670 681 1707; x_wconf 86' lang='lat' dir='ltr'>coacti</span> <span class='ocrx_word' id='word_1_206' title='bbox 711 1679 819 1715; x_wconf 76' lang='lat' dir='ltr'>sunt5</span> <span class='ocrx_word' id='word_1_207' title='bbox 847 1677 1070 1721; x_wconf 87' lang='lat' dir='ltr'>tantumque</span> <span class='ocrx_word' id='word_1_208' title='bbox 1090 1670 1158 1708; x_wconf 80' lang='lat' dir='ltr'>ab·</span> 
     </span>
     <span class='ocr_line' id='line_1_30' title="bbox 41 1721 1158 1775; baseline -0.001 -14"><span class='ocrx_word' id='word_1_209' title='bbox 41 1721 145 1769; x_wconf 69' lang='lat' dir='ltr'>tuit,</span> <span class='ocrx_word' id='word_1_210' title='bbox 188 1729 227 1761; x_wconf 85' lang='lat' dir='ltr'>ut</span> <span class='ocrx_word' id='word_1_211' title='bbox 256 1730 384 1773; x_wconf 85' lang='lat' dir='ltr'>postea</span> <span class='ocrx_word' id='word_1_212' title='bbox 413 1722 615 1774; x_wconf 81' lang='lat' dir='ltr'>benignius</span> <span class='ocrx_word' id='word_1_213' title='bbox 642 1736 733 1761; x_wconf 88' lang='lat' dir='ltr'>cum</span> <span class='ocrx_word' id='word_1_214' title='bbox 763 1724 808 1760; x_wconf 88' lang='lat' dir='ltr'>iis</span> <span class='ocrx_word' id='word_1_215' title='bbox 838 1732 1032 1774; x_wconf 81' lang='lat' dir='ltr'>ageretur,</span> <span class='ocrx_word' id='word_1_216' title='bbox 1062 1725 1158 1775; x_wconf 88' lang='lat' dir='ltr'>quin</span> 
     </span>
    </p>

    <p class='ocr_par' dir='ltr' id='par_1_5' title="bbox 28 1773 1161 2574">
     <span class='ocr_line' id='line_1_31' title="bbox 68 1773 1158 1828; baseline 0.003 -18"><span class='ocrx_word' id='word_1_217' title='bbox 68 1774 164 1811; x_wconf 86' lang='lat' dir='ltr'>otius</span> <span class='ocrx_word' id='word_1_218' title='bbox 191 1773 312 1827; x_wconf 80' lang='lat' dir='ltr'>aliqui</span> <span class='ocrx_word' id='word_1_219' title='bbox 344 1776 382 1814; x_wconf 85' lang='lat' dir='ltr'>in</span> <span class='ocrx_word' id='word_1_220' title='bbox 413 1775 543 1827; x_wconf 77' lang='lat' dir='ltr'>Belgio</span> <span class='ocrx_word' id='word_1_221' title='bbox 571 1776 757 1828; x_wconf 83' lang='lat' dir='ltr'>Episcopi</span> <span class='ocrx_word' id='word_1_222' title='bbox 799 1780 814 1828; x_wconf 94' lang='lat'>(</span> <span class='ocrx_word' id='word_1_223' title='bbox 847 1775 1081 1814; x_wconf 88' lang='lat' dir='ltr'>Huinbertus</span> <span class='ocrx_word' id='word_1_224' title='bbox 1111 1776 1158 1813; x_wconf 89' lang='lat' dir='ltr'>de</span> 
     </span>
     <span class='ocr_line' id='line_1_32' title="bbox 38 1787 1156 1882; baseline 0.003 -19"><span class='ocrx_word' id='word_1_225' title='bbox 38 1787 282 1879; x_wconf 47' lang='lat' dir='ltr'>{recipiano</span> <span class='ocrx_word' id='word_1_226' title='bbox 311 1827 431 1867; x_wconf 77' lang='lat' dir='ltr'>Arch.</span> <span class='ocrx_word' id='word_1_227' title='bbox 460 1828 781 1878; x_wconf 70' lang='lat' dir='ltr'>Mechliniensis,</span> <span class='ocrx_word' id='word_1_228' title='bbox 812 1829 845 1865; x_wconf 87' lang='lat'>&amp;</span> <span class='ocrx_word' id='word_1_229' title='bbox 874 1828 943 1867; x_wconf 87' lang='lat' dir='ltr'>alii</span> <span class='ocrx_word' id='word_1_230' title='bbox 975 1830 1156 1882; x_wconf 88' lang='lat' dir='ltr'>pauci),</span> 
     </span>
     <span class='ocr_line' id='line_1_33' title="bbox 38 1879 1158 1935; baseline 0.002 -17"><span class='ocrx_word' id='word_1_231' title='bbox 38 1879 88 1918; x_wconf 79' lang='lat' dir='ltr'>ad</span> <span class='ocrx_word' id='word_1_232' title='bbox 105 1891 261 1919; x_wconf 85' lang='lat' dir='ltr'>omnem</span> <span class='ocrx_word' id='word_1_233' title='bbox 283 1881 426 1920; x_wconf 79' lang='lat' dir='ltr'>fraudis</span> <span class='ocrx_word' id='word_1_234' title='bbox 445 1884 697 1933; x_wconf 80' lang='lat' dir='ltr'>suspicionem</span> <span class='ocrx_word' id='word_1_235' title='bbox 719 1883 1012 1935; x_wconf 64' lang='lat' dir='ltr'>praecavendam</span> <span class='ocrx_word' id='word_1_236' title='bbox 1029 1913 1040 1931; x_wconf 88' lang='lat'>,</span> <span class='ocrx_word' id='word_1_237' title='bbox 1062 1883 1158 1920; x_wconf 82' lang='lat' dir='ltr'>For-</span> 
     </span>
     <span class='ocr_line' id='line_1_34' title="bbox 28 1932 1156 1989; baseline 0.004 -19"><span class='ocrx_word' id='word_1_238' title='bbox 28 1932 207 1981; x_wconf 58' lang='lat' dir='ltr'>&gt;mulatio</span> <span class='ocrx_word' id='word_1_239' title='bbox 235 1933 446 1975; x_wconf 79' lang='lat' dir='ltr'>Alexandri</span> <span class='ocrx_word' id='word_1_240' title='bbox 475 1934 565 1974; x_wconf 83' lang='lat' dir='ltr'><strong>VII.</strong></span> <span class='ocrx_word' id='word_1_241' title='bbox 609 1936 759 1988; x_wconf 83' lang='lat' dir='ltr'>aliquid</span> <span class='ocrx_word' id='word_1_242' title='bbox 801 1937 937 1976; x_wconf 82' lang='lat' dir='ltr'>addere</span> <span class='ocrx_word' id='word_1_243' title='bbox 967 1950 1156 1989; x_wconf 75' lang='lat' dir='ltr'>praesuin-</span> 
     </span>
     <span class='ocr_line' id='line_1_35' title="bbox 35 1989 1156 2041; baseline 0.004 -17"><span class='ocrx_word' id='word_1_244' title='bbox 35 1995 220 2039; x_wconf 84' lang='lat' dir='ltr'>pserunt,</span> <span class='ocrx_word' id='word_1_245' title='bbox 249 1989 436 2041; x_wconf 78' lang='lat' dir='ltr'>exigentes</span> <span class='ocrx_word' id='word_1_246' title='bbox 463 1992 619 2041; x_wconf 81' lang='lat' dir='ltr'>primo:</span> <span class='ocrx_word' id='word_1_247' title='bbox 647 2016 675 2039; x_wconf 90' lang='lat'><strong>„</strong></span> <span class='ocrx_word' id='word_1_248' title='bbox 698 1989 748 2028; x_wconf 87' lang='lat' dir='ltr'>Ut</span> <span class='ocrx_word' id='word_1_249' title='bbox 766 1990 1051 2030; x_wconf 80' lang='lat' dir='ltr'>subscriberent</span> <span class='ocrx_word' id='word_1_250' title='bbox 1079 2004 1156 2029; x_wconf 90' lang='lat' dir='ltr'>non</span> 
     </span>
     <span class='ocr_line' id='line_1_36' title="bbox 39 2042 1157 2097; baseline 0.001 -17"><span class='ocrx_word' id='word_1_251' title='bbox 39 2067 68 2089; x_wconf 87' lang='lat'>„</span> <span class='ocrx_word' id='word_1_252' title='bbox 97 2048 243 2080; x_wconf 74' lang='lat' dir='ltr'>tamum</span> <span class='ocrx_word' id='word_1_253' title='bbox 274 2042 312 2081; x_wconf 90' lang='lat' dir='ltr'>in</span> <span class='ocrx_word' id='word_1_254' title='bbox 341 2044 594 2087; x_wconf 80' lang='lat' dir='ltr'>reverentiam</span> <span class='ocrx_word' id='word_1_255' title='bbox 622 2045 936 2084; x_wconf 77' lang='lat' dir='ltr'>constitutionum</span> <span class='ocrx_word' id='word_1_256' title='bbox 966 2043 1157 2097; x_wconf 83' lang='lat' dir='ltr'>Apostoli-</span> 
     </span>
     <span class='ocr_line' id='line_1_37' title="bbox 38 2095 1161 2144; baseline 0.004 -13"><span class='ocrx_word' id='word_1_257' title='bbox 38 2120 68 2141; x_wconf 86' lang='lat'>„</span> <span class='ocrx_word' id='word_1_258' title='bbox 95 2106 253 2144; x_wconf 87' lang='lat' dir='ltr'>carum,</span> <span class='ocrx_word' id='word_1_259' title='bbox 280 2095 345 2135; x_wconf 80' lang='lat' dir='ltr'>sed</span> <span class='ocrx_word' id='word_1_260' title='bbox 373 2097 488 2144; x_wconf 78' lang='lat' dir='ltr'>etiam</span> <span class='ocrx_word' id='word_1_261' title='bbox 518 2098 558 2135; x_wconf 86' lang='lat' dir='ltr'>in</span> <span class='ocrx_word' id='word_1_262' title='bbox 587 2099 784 2137; x_wconf 81' lang='lat' dir='ltr'>veritatem</span> <span class='ocrx_word' id='word_1_263' title='bbox 813 2111 974 2144; x_wconf 87' lang='lat' dir='ltr'>earuin;</span> <span class='ocrx_word' id='word_1_264' title='bbox 1017 2110 1161 2136; x_wconf 67' lang='lat' dir='ltr'>secun-⁴</span> 
     </span>
     <span class='ocr_line' id='line_1_38' title="bbox 38 2145 1161 2204; baseline 0.003 -18"><span class='ocrx_word' id='word_1_265' title='bbox 38 2174 67 2195; x_wconf 84' lang='lat'>„</span> <span class='ocrx_word' id='word_1_266' title='bbox 95 2145 146 2186; x_wconf 80' lang='lat' dir='ltr'>do</span> <span class='ocrx_word' id='word_1_267' title='bbox 175 2147 224 2186; x_wconf 92' lang='lat' dir='ltr'>Ut</span> <span class='ocrx_word' id='word_1_268' title='bbox 243 2148 472 2197; x_wconf 76' lang='lat' dir='ltr'>damnarent</span> <span class='ocrx_word' id='word_1_269' title='bbox 498 2152 673 2204; x_wconf 68' lang='lat' dir='ltr'>quinque</span> <span class='ocrx_word' id='word_1_270' title='bbox 693 2153 968 2204; x_wconf 83' lang='lat' dir='ltr'>propositiones</span> <span class='ocrx_word' id='word_1_271' title='bbox 984 2181 996 2200; x_wconf 93' lang='lat'>,</span> <span class='ocrx_word' id='word_1_272' title='bbox 1026 2160 1067 2189; x_wconf 86' lang='lat' dir='ltr'>ut</span> <span class='ocrx_word' id='word_1_273' title='bbox 1096 2165 1161 2189; x_wconf 84' lang='lat' dir='ltr'>ex—</span> 
     </span>
     <span class='ocr_line' id='line_1_39' title="bbox 41 2202 1160 2253; baseline 0.004 -14"><span class='ocrx_word' id='word_1_274' title='bbox 41 2227 70 2247; x_wconf 86' lang='lat'><strong>„</strong></span> <span class='ocrx_word' id='word_1_275' title='bbox 98 2209 247 2252; x_wconf 79' lang='lat' dir='ltr'>cerptas</span> <span class='ocrx_word' id='word_1_276' title='bbox 274 2215 320 2240; x_wconf 81' lang='lat' dir='ltr'>ex</span> <span class='ocrx_word' id='word_1_277' title='bbox 348 2202 450 2242; x_wconf 90' lang='lat' dir='ltr'>libro</span> <span class='ocrx_word' id='word_1_278' title='bbox 477 2204 641 2243; x_wconf 84' lang='lat' dir='ltr'>Jansenii</span> <span class='ocrx_word' id='word_1_279' title='bbox 663 2235 674 2253; x_wconf 94' lang='lat'>,</span> <span class='ocrx_word' id='word_1_280' title='bbox 704 2204 738 2241; x_wconf 70' lang='grc'>8(</span> <span class='ocrx_word' id='word_1_281' title='bbox 767 2207 807 2244; x_wconf 89' lang='lat' dir='ltr'>in</span> <span class='ocrx_word' id='word_1_282' title='bbox 838 2219 950 2244; x_wconf 89' lang='lat' dir='ltr'>sensu</span> <span class='ocrx_word' id='word_1_283' title='bbox 978 2218 1000 2244; x_wconf 87' lang='lat' dir='ltr'>a</span> <span class='ocrx_word' id='word_1_284' title='bbox 1029 2205 1160 2244; x_wconf 86' lang='lat' dir='ltr'>Janse·</span> 
     </span>
     <span class='ocr_line' id='line_1_40' title="bbox 42 2254 1161 2311; baseline 0.007 -21"><span class='ocrx_word' id='word_1_285' title='bbox 42 2281 70 2300; x_wconf 92' lang='lat'><strong>„</strong></span> <span class='ocrx_word' id='word_1_286' title='bbox 99 2254 164 2291; x_wconf 88' lang='lat' dir='ltr'>nio</span> <span class='ocrx_word' id='word_1_287' title='bbox 193 2254 357 2303; x_wconf 54' lang='lat' dir='ltr'>intento,</span> <span class='ocrx_word' id='word_1_288' title='bbox 386 2270 452 2294; x_wconf 91' lang='lat' dir='ltr'>seu</span> <span class='ocrx_word' id='word_1_289' title='bbox 479 2259 521 2295; x_wconf 87' lang='lat' dir='ltr'>in</span> <span class='ocrx_word' id='word_1_290' title='bbox 551 2258 737 2308; x_wconf 81' lang='lat' dir='ltr'>praedicto</span> <span class='ocrx_word' id='word_1_291' title='bbox 767 2258 849 2310; x_wconf 77' lang='lat' dir='ltr'>ejus</span> <span class='ocrx_word' id='word_1_292' title='bbox 877 2259 979 2297; x_wconf 87' lang='lat' dir='ltr'>libro</span> <span class='ocrx_word' id='word_1_293' title='bbox 1007 2272 1161 2311; x_wconf 85' lang='lat' dir='ltr'>expres—</span> 
     </span>
     <span class='ocr_line' id='line_1_41' title="bbox 41 2305 1159 2361; baseline 0.007 -17"><span class='ocrx_word' id='word_1_294' title='bbox 41 2336 69 2356; x_wconf 91' lang='lat'>„</span> <span class='ocrx_word' id='word_1_295' title='bbox 97 2319 139 2348; x_wconf 74' lang='lat' dir='ltr'>so</span> <span class='ocrx_word' id='word_1_296' title='bbox 157 2305 208 2345; x_wconf 87' lang='lat'>&#39;’.</span> <span class='ocrx_word' id='word_1_297' title='bbox 252 2306 352 2356; x_wconf 79' lang='lat' dir='ltr'>Quoe</span> <span class='ocrx_word' id='word_1_298' title='bbox 382 2321 441 2347; x_wconf 89' lang='lat' dir='ltr'>res</span> <span class='ocrx_word' id='word_1_299' title='bbox 468 2309 661 2361; x_wconf 87' lang='lat' dir='ltr'>majorum</span> <span class='ocrx_word' id='word_1_300' title='bbox 690 2311 890 2350; x_wconf 87' lang='lat' dir='ltr'>turbarum</span> <span class='ocrx_word' id='word_1_301' title='bbox 920 2326 1035 2353; x_wconf 81' lang='lat' dir='ltr'>causa</span> <span class='ocrx_word' id='word_1_302' title='bbox 1064 2315 1159 2352; x_wconf 74' lang='lat' dir='ltr'>exti-</span> 
     </span>
     <span class='ocr_line' id='line_1_42' title="bbox 41 2361 1158 2407; baseline 0.005 -8"><span class='ocrx_word' id='word_1_303' title='bbox 41 2364 113 2407; x_wconf 76' lang='lat' dir='ltr'>tit3</span> <span class='ocrx_word' id='word_1_304' title='bbox 141 2362 235 2405; x_wconf 77' lang='lat' dir='ltr'>adeo</span> <span class='ocrx_word' id='word_1_305' title='bbox 262 2370 304 2399; x_wconf 87' lang='lat' dir='ltr'>ut</span> <span class='ocrx_word' id='word_1_306' title='bbox 318 2362 563 2403; x_wconf 77' lang='lat' dir='ltr'>innocentius</span> <span class='ocrx_word' id='word_1_307' title='bbox 583 2361 670 2402; x_wconf 87' lang='lat' dir='ltr'><strong>XII.</strong></span> <span class='ocrx_word' id='word_1_308' title='bbox 699 2364 995 2404; x_wconf 85' lang='lat' dir='ltr'>immoderatum</span> <span class='ocrx_word' id='word_1_309' title='bbox 1025 2380 1158 2405; x_wconf 89' lang='lat' dir='ltr'>eorum</span> 
     </span>
     <span class='ocr_line' id='line_1_43' title="bbox 43 2412 1158 2467; baseline 0.004 -13"><span class='ocrx_word' id='word_1_310' title='bbox 43 2414 326 2467; x_wconf 81' lang='lat' dir='ltr'>Episcoporum</span> <span class='ocrx_word' id='word_1_311' title='bbox 354 2412 480 2451; x_wconf 78' lang='lat' dir='ltr'>zelum</span> <span class='ocrx_word' id='word_1_312' title='bbox 507 2427 749 2465; x_wconf 82' lang='lat' dir='ltr'>compescere</span> <span class='ocrx_word' id='word_1_313' title='bbox 777 2429 927 2458; x_wconf 85' lang='lat' dir='ltr'>coactus</span> <span class='ocrx_word' id='word_1_314' title='bbox 957 2420 1094 2465; x_wconf 82' lang='lat' dir='ltr'>fuerit3</span> <span class='ocrx_word' id='word_1_315' title='bbox 1124 2420 1158 2458; x_wconf 69' lang='grc' dir='ltr'><strong>ἃ</strong></span> 
     </span>
     <span class='ocr_line' id='line_1_44' title="bbox 42 2466 1157 2524; baseline 0.005 -20"><span class='ocrx_word' id='word_1_316' title='bbox 42 2475 246 2521; x_wconf 85' lang='lat' dir='ltr'>propterea</span> <span class='ocrx_word' id='word_1_317' title='bbox 264 2467 419 2507; x_wconf 76' lang='lat' dir='ltr'>Coristit.</span> <span class='ocrx_word' id='word_1_318' title='bbox 434 2480 502 2505; x_wconf 86' lang='lat' dir='ltr'>sua</span> <span class='ocrx_word' id='word_1_319' title='bbox 517 2466 556 2506; x_wconf 90' lang='lat'>6.</span> <span class='ocrx_word' id='word_1_320' title='bbox 573 2467 690 2507; x_wconf 83' lang='lat' dir='ltr'>Febr.</span> <span class='ocrx_word' id='word_1_321' title='bbox 712 2468 825 2521; x_wconf 76' lang='lat'><strong>1694.</strong></span> <span class='ocrx_word' id='word_1_322' title='bbox 855 2474 1040 2524; x_wconf 78' lang='lat' dir='ltr'>praecepit</span> <span class='ocrx_word' id='word_1_323' title='bbox 1060 2473 1157 2511; x_wconf 86' lang='lat' dir='ltr'>dun-</span> 
     </span>
     <span class='ocr_line' id='line_1_45' title="bbox 41 2519 1159 2574; baseline 0.005 -14"><span class='ocrx_word' id='word_1_324' title='bbox 41 2528 172 2571; x_wconf 74' lang='lat' dir='ltr'>taxat,</span> <span class='ocrx_word' id='word_1_325' title='bbox 201 2527 242 2559; x_wconf 88' lang='lat' dir='ltr'>ut</span> <span class='ocrx_word' id='word_1_326' title='bbox 269 2519 534 2572; x_wconf 78' lang='lat' dir='ltr'>juramentum</span> <span class='ocrx_word' id='word_1_327' title='bbox 561 2531 811 2574; x_wconf 79' lang='lat' dir='ltr'>praestarent:</span> <span class='ocrx_word' id='word_1_328' title='bbox 841 2552 869 2573; x_wconf 91' lang='lat'>„</span> <span class='ocrx_word' id='word_1_329' title='bbox 888 2524 1045 2563; x_wconf 82' lang='lat' dir='ltr'>Sincere</span> <span class='ocrx_word' id='word_1_330' title='bbox 1073 2526 1159 2566; x_wconf 79' lang='lat' dir='ltr'>ahs-</span> 
     </span>
    </p>
   </div>
   <div class='ocr_carea' id='block_1_3' title="bbox 43 2679 1168 3242">
    <p class='ocr_par' dir='ltr' id='par_1_6' title="bbox 43 2679 1168 3242">
     <span class='ocr_line' id='line_1_46' title="bbox 89 2679 1162 2727; baseline 0.01 -15"><span class='ocrx_word' id='word_1_331' title='bbox 89 2684 140 2720; x_wconf 73' lang='lat' dir='ltr'>(a)</span> <span class='ocrx_word' id='word_1_332' title='bbox 162 2679 215 2719; x_wconf 78' lang='lat' dir='ltr'>Ad</span> <span class='ocrx_word' id='word_1_333' title='bbox 239 2681 330 2718; x_wconf 79' lang='lat' dir='ltr'>hano</span> <span class='ocrx_word' id='word_1_334' title='bbox 352 2694 437 2722; x_wconf 79' lang='lat' dir='ltr'>vero</span> <span class='ocrx_word' id='word_1_335' title='bbox 462 2684 738 2718; x_wconf 80' lang='lat' dir='ltr'>controversiam</span> <span class='ocrx_word' id='word_1_336' title='bbox 764 2683 949 2719; x_wconf 79' lang='lat' dir='ltr'>finiendam</span> <span class='ocrx_word' id='word_1_337' title='bbox 964 2708 975 2727; x_wconf 91' lang='lat'>,</span> <span class='ocrx_word' id='word_1_338' title='bbox 999 2686 1162 2724; x_wconf 82' lang='lat' dir='ltr'>Clemens</span> 
     </span>
     <span class='ocr_line' id='line_1_47' title="bbox 43 2725 1160 2770; baseline 0.006 -9"><span class='ocrx_word' id='word_1_339' title='bbox 43 2725 110 2761; x_wconf 77' lang='lat' dir='ltr'>Xl.</span> <span class='ocrx_word' id='word_1_340' title='bbox 136 2729 432 2764; x_wconf 82' lang='lat' dir='ltr'>Constitutionem</span> <span class='ocrx_word' id='word_1_341' title='bbox 456 2728 564 2766; x_wconf 79' lang='lat' dir='ltr'>edidit</span> <span class='ocrx_word' id='word_1_342' title='bbox 590 2729 731 2764; x_wconf 76' lang='lat' dir='ltr'>Vineam</span> <span class='ocrx_word' id='word_1_343' title='bbox 758 2731 897 2766; x_wconf 60' lang='lat' dir='ltr'>Domini</span> <span class='ocrx_word' id='word_1_344' title='bbox 926 2733 1078 2768; x_wconf 69' lang='lat' dir='ltr'>Sabaoth</span> <span class='ocrx_word' id='word_1_345' title='bbox 1105 2737 1160 2770; x_wconf 82' lang='lat'>16.</span> 
     </span>
     <span class='ocr_line' id='line_1_48' title="bbox 43 2772 1164 2823; baseline 0.009 -17"><span class='ocrx_word' id='word_1_346' title='bbox 43 2772 130 2812; x_wconf 79' lang='lat' dir='ltr'>Julii</span> <span class='ocrx_word' id='word_1_347' title='bbox 161 2776 290 2816; x_wconf 81' lang='lat'>1.05.,</span> <span class='ocrx_word' id='word_1_348' title='bbox 316 2777 351 2813; x_wconf 89' lang='lat' dir='ltr'>in</span> <span class='ocrx_word' id='word_1_349' title='bbox 376 2788 445 2822; x_wconf 78' lang='lat' dir='ltr'>qua</span> <span class='ocrx_word' id='word_1_350' title='bbox 470 2789 528 2810; x_wconf 88' lang='lat' dir='ltr'>eos</span> <span class='ocrx_word' id='word_1_351' title='bbox 553 2777 682 2811; x_wconf 83' lang='lat' dir='ltr'>acriter</span> <span class='ocrx_word' id='word_1_352' title='bbox 706 2777 897 2822; x_wconf 72' lang='lat' dir='ltr'>objurgat,</span> <span class='ocrx_word' id='word_1_353' title='bbox 922 2779 981 2823; x_wconf 81' lang='lat' dir='ltr'>qni</span> <span class='ocrx_word' id='word_1_354' title='bbox 1001 2781 1164 2815; x_wconf 79' lang='lat' dir='ltr'>Clemen-</span> 
     </span>
     <span class='ocr_line' id='line_1_49' title="bbox 46 2819 1165 2868; baseline 0.008 -16"><span class='ocrx_word' id='word_1_355' title='bbox 46 2819 92 2852; x_wconf 84' lang='lat' dir='ltr'>tis</span> <span class='ocrx_word' id='word_1_356' title='bbox 104 2819 168 2854; x_wconf 84' lang='lat' dir='ltr'>IX·</span> <span class='ocrx_word' id='word_1_357' title='bbox 208 2824 332 2859; x_wconf 75' lang='lat' dir='ltr'>itteras</span> <span class='ocrx_word' id='word_1_358' title='bbox 357 2827 394 2858; x_wconf 79' lang='lat' dir='ltr'>ia</span> <span class='ocrx_word' id='word_1_359' title='bbox 418 2826 549 2857; x_wconf 85' lang='lat' dir='ltr'>erroris</span> <span class='ocrx_word' id='word_1_360' title='bbox 574 2827 626 2857; x_wconf 85' lang='lat' dir='ltr'>sui</span> <span class='ocrx_word' id='word_1_361' title='bbox 650 2829 876 2868; x_wconf 74' lang='lat' dir='ltr'>patrocinium</span> <span class='ocrx_word' id='word_1_362' title='bbox 895 2826 1060 2860; x_wconf 69' lang='lat' dir='ltr'>advocare</span> <span class='ocrx_word' id='word_1_363' title='bbox 1076 2848 1087 2867; x_wconf 87' lang='lat'>‚</span> <span class='ocrx_word' id='word_1_364' title='bbox 1114 2836 1165 2861; x_wconf 80' lang='lat' dir='ltr'>te-</span> 
     </span>
     <span class='ocr_line' id='line_1_50' title="bbox 46 2869 1165 2915; baseline 0.007 -17"><span class='ocrx_word' id='word_1_365' title='bbox 46 2869 192 2900; x_wconf 79' lang='lat' dir='ltr'>merario</span> <span class='ocrx_word' id='word_1_366' title='bbox 214 2869 314 2912; x_wconf 81' lang='lat' dir='ltr'>plane</span> <span class='ocrx_word' id='word_1_367' title='bbox 340 2882 448 2911; x_wconf 79' lang='lat' dir='ltr'>ausu,</span> <span class='ocrx_word' id='word_1_368' title='bbox 471 2883 536 2903; x_wconf 86' lang='lat' dir='ltr'>non</span> <span class='ocrx_word' id='word_1_369' title='bbox 562 2872 762 2909; x_wconf 79' lang='lat' dir='ltr'>erubescunt</span> <span class='ocrx_word' id='word_1_370' title='bbox 777 2893 787 2912; x_wconf 90' lang='lat'>‚</span> <span class='ocrx_word' id='word_1_371' title='bbox 811 2873 957 2915; x_wconf 80' lang='lat' dir='ltr'>perinde</span> <span class='ocrx_word' id='word_1_372' title='bbox 982 2884 1022 2905; x_wconf 82' lang='lat' dir='ltr'>ac</span> <span class='ocrx_word' id='word_1_373' title='bbox 1048 2877 1078 2905; x_wconf 79' lang='lat' dir='ltr'>si</span> <span class='ocrx_word' id='word_1_374' title='bbox 1097 2887 1165 2906; x_wconf 83' lang='lat' dir='ltr'>me-</span> 
     </span>
     <span class='ocr_line' id='line_1_51' title="bbox 49 2914 1164 2962; baseline 0.007 -18"><span class='ocrx_word' id='word_1_375' title='bbox 49 2919 199 2946; x_wconf 74' lang='lat' dir='ltr'>moratus</span> <span class='ocrx_word' id='word_1_376' title='bbox 222 2914 380 2949; x_wconf 83' lang='lat' dir='ltr'>Clemens</span> <span class='ocrx_word' id='word_1_377' title='bbox 403 2918 659 2961; x_wconf 72' lang='lat' dir='ltr'>predecessor,</span> <span class='ocrx_word' id='word_1_378' title='bbox 694 2923 748 2962; x_wconf 81' lang='lat' dir='ltr'>qni</span> <span class='ocrx_word' id='word_1_379' title='bbox 775 2919 906 2951; x_wconf 81' lang='lat' dir='ltr'>eisdem</span> <span class='ocrx_word' id='word_1_380' title='bbox 932 2923 1003 2951; x_wconf 80' lang='lat' dir='ltr'>suis</span> <span class='ocrx_word' id='word_1_381' title='bbox 1030 2922 1164 2953; x_wconf 68' lang='lat' dir='ltr'>litteris</span> 
     </span>
     <span class='ocr_line' id='line_1_52' title="bbox 48 2957 1167 2999; baseline 0.004 -5"><span class='ocrx_word' id='word_1_382' title='bbox 48 2971 87 2992; x_wconf 68' lang='lat' dir='ltr'>«Be</span> <span class='ocrx_word' id='word_1_383' title='bbox 112 2957 229 2993; x_wconf 69' lang='lat' dir='ltr'>Innoc·</span> <span class='ocrx_word' id='word_1_384' title='bbox 247 2959 292 2993; x_wconf 77' lang='grc' dir='ltr'>Χ·</span> <span class='ocrx_word' id='word_1_385' title='bbox 317 2965 360 2996; x_wconf 72' lang='grc' dir='ltr'>Φ·</span> <span class='ocrx_word' id='word_1_386' title='bbox 377 2965 553 2997; x_wconf 69' lang='lat' dir='ltr'>Alexand·</span> <span class='ocrx_word' id='word_1_387' title='bbox 578 2963 657 2997; x_wconf 77' lang='lat' dir='ltr'><em>VII.</em></span> <span class='ocrx_word' id='word_1_388' title='bbox 683 2964 974 2999; x_wconf 63' lang='lat' dir='ltr'>Praete-cessurum</span> <span class='ocrx_word' id='word_1_389' title='bbox 998 2970 1167 2999; x_wconf 68' lang='lat' dir='ltr'>constitu-</span> 
     </span>
     <span class='ocr_line' id='line_1_53' title="bbox 52 3005 1167 3056; baseline 0.007 -18"><span class='ocrx_word' id='word_1_390' title='bbox 52 3005 206 3041; x_wconf 68' lang='lat' dir='ltr'>tionibus</span> <span class='ocrx_word' id='word_1_391' title='bbox 220 3006 429 3050; x_wconf 79' lang='lat' dir='ltr'>firmissime</span> <span class='ocrx_word' id='word_1_392' title='bbox 455 3011 642 3052; x_wconf 65' lang='lat' dir='ltr'>inhaere,</span> <span class='ocrx_word' id='word_1_393' title='bbox 667 3025 708 3046; x_wconf 80' lang='lat' dir='ltr'>ac</span> <span class='ocrx_word' id='word_1_394' title='bbox 733 3026 752 3047; x_wconf 84' lang='grc' dir='ltr'><em>α</em></span> <span class='ocrx_word' id='word_1_395' title='bbox 777 3014 888 3046; x_wconf 85' lang='lat' dir='ltr'>dictis</span> <span class='ocrx_word' id='word_1_396' title='bbox 913 3021 1052 3056; x_wconf 73' lang='lat' dir='ltr'>quatuor</span> <span class='ocrx_word' id='word_1_397' title='bbox 1078 3013 1167 3055; x_wconf 79' lang='lat' dir='ltr'>Epi-</span> 
     </span>
     <span class='ocr_line' id='line_1_54' title="bbox 51 3055 1168 3103; baseline 0.004 -16"><span class='ocrx_word' id='word_1_398' title='bbox 51 3055 168 3097; x_wconf 52' lang='lat' dir='ltr'>scopi}</span> <span class='ocrx_word' id='word_1_399' title='bbox 194 3066 328 3096; x_wconf 75' lang='lat' dir='ltr'>verani,</span> <span class='ocrx_word' id='word_1_400' title='bbox 354 3059 395 3088; x_wconf 61' lang='grc' dir='ltr'><em>Φ</em></span> <span class='ocrx_word' id='word_1_401' title='bbox 419 3059 560 3095; x_wconf 78' lang='lat' dir='ltr'>totalem</span> <span class='ocrx_word' id='word_1_402' title='bbox 583 3059 814 3093; x_wconf 80' lang='lat' dir='ltr'>obedientium</span> <span class='ocrx_word' id='word_1_403' title='bbox 830 3080 841 3099; x_wconf 93' lang='lat'>,</span> <span class='ocrx_word' id='word_1_404' title='bbox 865 3059 1015 3103; x_wconf 72' lang='lat' dir='ltr'>adeoque</span> <span class='ocrx_word' id='word_1_405' title='bbox 1031 3059 1168 3102; x_wconf 67' lang='lat' dir='ltr'>furum·</span> 
     </span>
     <span class='ocr_line' id='line_1_55' title="bbox 49 3098 1164 3146; baseline 0.006 -15"><span class='ocrx_word' id='word_1_406' title='bbox 49 3098 87 3132; x_wconf 77' lang='lat' dir='ltr'>le</span> <span class='ocrx_word' id='word_1_407' title='bbox 111 3112 131 3135; x_wconf 82' lang='grc' dir='ltr'><em>α</em></span> <span class='ocrx_word' id='word_1_408' title='bbox 153 3100 297 3146; x_wconf 71' lang='lat' dir='ltr'>prefato</span> <span class='ocrx_word' id='word_1_409' title='bbox 312 3102 515 3136; x_wconf 71' lang='lat' dir='ltr'>Alexandro</span> <span class='ocrx_word' id='word_1_410' title='bbox 540 3105 639 3137; x_wconf 72' lang='lat' dir='ltr'>edita</span> <span class='ocrx_word' id='word_1_411' title='bbox 666 3109 801 3139; x_wconf 86' lang='lat' dir='ltr'>sincere</span> <span class='ocrx_word' id='word_1_412' title='bbox 826 3118 886 3146; x_wconf 76' lang='lat' dir='ltr'>per</span> <span class='ocrx_word' id='word_1_413' title='bbox 912 3118 970 3138; x_wconf 69' lang='lat' dir='ltr'>eo&gt;-</span> <span class='ocrx_word' id='word_1_414' title='bbox 998 3108 1164 3138; x_wconf 63' lang='lat' dir='ltr'>subscribi</span> 
     </span>
     <span class='ocr_line' id='line_1_56' title="bbox 52 3147 1166 3195; baseline 0.004 -17"><span class='ocrx_word' id='word_1_415' title='bbox 52 3147 198 3179; x_wconf 73' lang='lat' dir='ltr'>voluisse</span> <span class='ocrx_word' id='word_1_416' title='bbox 221 3149 439 3188; x_wconf 76' lang='lat' dir='ltr'>declaravit,</span> <span class='ocrx_word' id='word_1_417' title='bbox 465 3151 611 3193; x_wconf 70' lang='lat' dir='ltr'>aliquam</span> <span class='ocrx_word' id='word_1_418' title='bbox 637 3152 671 3184; x_wconf 77' lang='lat' dir='ltr'>i&#39;n</span> <span class='ocrx_word' id='word_1_419' title='bbox 700 3160 766 3186; x_wconf 81' lang='lat' dir='ltr'>tam</span> <span class='ocrx_word' id='word_1_420' title='bbox 793 3157 890 3194; x_wconf 68' lang='lat' dir='ltr'>gravi</span> <span class='ocrx_word' id='word_1_421' title='bbox 909 3158 1047 3195; x_wconf 79' lang='lat' dir='ltr'>negotio</span> <span class='ocrx_word' id='word_1_422' title='bbox 1065 3166 1166 3186; x_wconf 65' lang='lat' dir='ltr'>exce-</span> 
     </span>
     <span class='ocr_line' id='line_1_57' title="bbox 48 3193 1166 3242; baseline 0.006 -17"><span class='ocrx_word' id='word_1_423' title='bbox 48 3193 214 3234; x_wconf 70' lang='lat' dir='ltr'>ptionem,</span> <span class='ocrx_word' id='word_1_424' title='bbox 240 3207 298 3228; x_wconf 85' lang='lat' dir='ltr'>seu</span> <span class='ocrx_word' id='word_1_425' title='bbox 323 3199 599 3237; x_wconf 81' lang='lat' dir='ltr'>restrictionem,</span> <span class='ocrx_word' id='word_1_426' title='bbox 624 3210 716 3242; x_wconf 85' lang='lat' dir='ltr'>quam</span> <span class='ocrx_word' id='word_1_427' title='bbox 741 3202 866 3233; x_wconf 75' lang='lat' dir='ltr'>nullum</span> <span class='ocrx_word' id='word_1_428' title='bbox 891 3211 1030 3242; x_wconf 82' lang='lat' dir='ltr'>prorsus</span> <span class='ocrx_word' id='word_1_429' title='bbox 1053 3212 1088 3233; x_wconf 87' lang='lat' dir='ltr'>se</span> <span class='ocrx_word' id='word_1_430' title='bbox 1106 3213 1166 3232; x_wconf 84' lang='lat' dir='ltr'>nn-</span> 
     </span>
    </p>
   </div>
   <div class='ocr_carea' id='block_1_4' title="bbox 48 3241 1165 3319">
    <p class='ocr_par' dir='ltr' id='par_1_7' title="bbox 48 3241 1165 3319">
     <span class='ocr_line' id='line_1_58' title="bbox 48 3241 1165 3291; baseline 0.002 -13"><span class='ocrx_word' id='word_1_431' title='bbox 48 3248 142 3291; x_wconf 57' lang='lat' dir='ltr'>‘IQ</span> <span class='ocrx_word' id='word_1_432' title='bbox 164 3241 387 3278; x_wconf 64' lang='lat' dir='ltr'>submissurum</span> <span class='ocrx_word' id='word_1_433' title='bbox 400 3243 524 3288; x_wconf 66' lang='lat' dir='ltr'>sitisse</span> <span class='ocrx_word' id='word_1_434' title='bbox 541 3264 551 3283; x_wconf 90' lang='lat'>,</span> <span class='ocrx_word' id='word_1_435' title='bbox 587 3253 796 3288; x_wconf 77' lang='lat' dir='ltr'>protestatus</span> <span class='ocrx_word' id='word_1_436' title='bbox 814 3245 892 3290; x_wconf 81' lang='lat' dir='ltr'>fuit</span> <span class='ocrx_word' id='word_1_437' title='bbox 910 3267 922 3287; x_wconf 90' lang='lat'>,</span> <span class='ocrx_word' id='word_1_438' title='bbox 960 3250 1077 3291; x_wconf 76' lang='lat' dir='ltr'>reipsa</span> <span class='ocrx_word' id='word_1_439' title='bbox 1101 3247 1165 3280; x_wconf 83' lang='lat' dir='ltr'>acl-</span> 
     </span>
     <span class='ocr_line' id='line_1_59' title="bbox 49 3293 224 3319; baseline 0.011 -2"><span class='ocrx_word' id='word_1_440' title='bbox 49 3293 224 3319; x_wconf 78' lang='lat' dir='ltr'>misisset·</span> 
     </span>
    </p>
   </div>
   <div class='ocr_carea' id='block_1_5' title="bbox 49 3328 1166 3430">
    <p class='ocr_par' dir='ltr' id='par_1_8' title="bbox 49 3328 1166 3430">
     <span class='ocr_line' id='line_1_60' title="bbox 98 3328 1164 3383; baseline 0.005 -17"><span class='ocrx_word' id='word_1_441' title='bbox 98 3328 144 3368; x_wconf 74' lang='lat' dir='ltr'>(b)</span> <span class='ocrx_word' id='word_1_442' title='bbox 169 3329 312 3376; x_wconf 80' lang='lat' dir='ltr'>Propter</span> <span class='ocrx_word' id='word_1_443' title='bbox 342 3335 554 3370; x_wconf 76' lang='lat' dir='ltr'>Jansenismi</span> <span class='ocrx_word' id='word_1_444' title='bbox 593 3345 711 3371; x_wconf 85' lang='lat' dir='ltr'>notam</span> <span class='ocrx_word' id='word_1_445' title='bbox 747 3339 852 3373; x_wconf 84' lang='lat' dir='ltr'>nimis</span> <span class='ocrx_word' id='word_1_446' title='bbox 890 3339 1164 3383; x_wconf 79' lang='lat' dir='ltr'>intemperanter</span> 
     </span>
     <span class='ocr_line' id='line_1_61' title="bbox 49 3371 1166 3430; baseline 0.013 -24"><span class='ocrx_word' id='word_1_447' title='bbox 49 3371 138 3409; x_wconf 81' lang='lat' dir='ltr'>bene</span> <span class='ocrx_word' id='word_1_448' title='bbox 163 3377 283 3412; x_wconf 84' lang='lat' dir='ltr'>multis</span> <span class='ocrx_word' id='word_1_449' title='bbox 307 3381 472 3425; x_wconf 85' lang='lat' dir='ltr'>inustam,</span> <span class='ocrx_word' id='word_1_450' title='bbox 499 3392 578 3418; x_wconf 79' lang='lat' dir='ltr'>ante</span> <span class='ocrx_word' id='word_1_451' title='bbox 603 3396 731 3430; x_wconf 82' lang='lat' dir='ltr'>pancos</span> <span class='ocrx_word' id='word_1_452' title='bbox 757 3397 862 3422; x_wconf 85' lang='lat' dir='ltr'>annos</span> <span class='ocrx_word' id='word_1_453' title='bbox 884 3387 1002 3421; x_wconf 80' lang='lat' dir='ltr'>Romae</span> <span class='ocrx_word' id='word_1_454' title='bbox 1020 3384 1166 3420; x_wconf 79' lang='lat' dir='ltr'>damna-</span> 
     </span>
    </p>
   </div>
   <div class='ocr_carea' id='block_1_6' title="bbox 1224 234 2387 2634">
    <p class='ocr_par' dir='ltr' id='par_1_9' title="bbox 1225 234 2347 592">
     <span class='ocr_line' id='line_1_62' title="bbox 1228 234 2347 300; baseline 0.01 -30"><span class='ocrx_word' id='word_1_455' title='bbox 1228 263 1254 283; x_wconf 89' lang='lat'><strong>„</strong></span> <span class='ocrx_word' id='word_1_456' title='bbox 1283 248 1362 286; x_wconf 81' lang='lat' dir='ltr'>que</span> <span class='ocrx_word' id='word_1_457' title='bbox 1389 234 1469 271; x_wconf 86' lang='lat' dir='ltr'>ulla</span> <span class='ocrx_word' id='word_1_458' title='bbox 1497 234 1736 273; x_wconf 81' lang='lat' dir='ltr'>distinctione</span> <span class='ocrx_word' id='word_1_459' title='bbox 1755 266 1765 284; x_wconf 95' lang='lat'>,</span> <span class='ocrx_word' id='word_1_460' title='bbox 1808 240 2064 291; x_wconf 78' lang='lat' dir='ltr'>restrictione,</span> <span class='ocrx_word' id='word_1_461' title='bbox 2101 251 2167 283; x_wconf 83' lang='lat' dir='ltr'>ant</span> <span class='ocrx_word' id='word_1_462' title='bbox 2195 249 2347 300; x_wconf 65' lang='lat' dir='ltr'>exposi-</span> 
     </span>
     <span class='ocr_line' id='line_1_63' title="bbox 1228 288 2347 342; baseline 0.017 -19"><span class='ocrx_word' id='word_1_463' title='bbox 1228 317 1254 336; x_wconf 89' lang='lat'>‚,</span> <span class='ocrx_word' id='word_1_464' title='bbox 1283 289 1411 336; x_wconf 88' lang='lat' dir='ltr'>tione,</span> <span class='ocrx_word' id='word_1_465' title='bbox 1439 288 1656 326; x_wconf 75' lang='lat' dir='ltr'>damnando</span> <span class='ocrx_word' id='word_1_466' title='bbox 1684 302 1746 327; x_wconf 73' lang='lat' dir='ltr'>eas</span> <span class='ocrx_word' id='word_1_467' title='bbox 1776 295 2046 342; x_wconf 72' lang='lat' dir='ltr'>propositiones</span> <span class='ocrx_word' id='word_1_468' title='bbox 2076 310 2121 335; x_wconf 76' lang='lat' dir='ltr'>ex</span> <span class='ocrx_word' id='word_1_469' title='bbox 2138 298 2239 339; x_wconf 86' lang='lat' dir='ltr'>libro</span> <span class='ocrx_word' id='word_1_470' title='bbox 2252 301 2347 341; x_wconf 85' lang='lat' dir='ltr'>Jau-</span> 
     </span>
     <span class='ocr_line' id='line_1_64' title="bbox 1227 341 2347 406; baseline 0.01 -30"><span class='ocrx_word' id='word_1_471' title='bbox 1227 370 1254 389; x_wconf 91' lang='lat'>„</span> <span class='ocrx_word' id='word_1_472' title='bbox 1283 341 1378 381; x_wconf 88' lang='lat' dir='ltr'>senii</span> <span class='ocrx_word' id='word_1_473' title='bbox 1406 349 1603 393; x_wconf 85' lang='lat' dir='ltr'>excerptas</span> <span class='ocrx_word' id='word_1_474' title='bbox 1621 370 1631 389; x_wconf 89' lang='lat'>,</span> <span class='ocrx_word' id='word_1_475' title='bbox 1663 342 1703 379; x_wconf 87' lang='lat' dir='ltr'>in</span> <span class='ocrx_word' id='word_1_476' title='bbox 1733 355 1843 381; x_wconf 73' lang='lat' dir='ltr'>sensu</span> <span class='ocrx_word' id='word_1_477' title='bbox 1872 345 2009 395; x_wconf 82' lang='lat' dir='ltr'>obvio,</span> <span class='ocrx_word' id='word_1_478' title='bbox 2040 364 2154 400; x_wconf 71' lang='lat' dir='ltr'>quem</span> <span class='ocrx_word' id='word_1_479' title='bbox 2185 355 2347 406; x_wconf 56' lang='lat' dir='ltr'>ipsamet</span> 
     </span>
     <span class='ocr_line' id='line_1_65' title="bbox 1227 395 2344 449; baseline 0.011 -20"><span class='ocrx_word' id='word_1_480' title='bbox 1227 421 1253 442; x_wconf 86' lang='lat'>,‚</span> <span class='ocrx_word' id='word_1_481' title='bbox 1284 395 1586 447; x_wconf 83' lang='lat' dir='ltr'>propositionum</span> <span class='ocrx_word' id='word_1_482' title='bbox 1617 395 1734 434; x_wconf 78' lang='lat' dir='ltr'>verba</span> <span class='ocrx_word' id='word_1_483' title='bbox 1764 399 2016 449; x_wconf 78' lang='lat' dir='ltr'>praeseferunt</span> <span class='ocrx_word' id='word_1_484' title='bbox 2036 402 2080 438; x_wconf 89' lang='lat'>’&#39;:</span> <span class='ocrx_word' id='word_1_485' title='bbox 2129 409 2245 446; x_wconf 86' lang='lat' dir='ltr'>vetuit</span> <span class='ocrx_word' id='word_1_486' title='bbox 2275 423 2344 448; x_wconf 85' lang='lat' dir='ltr'>au.</span> 
     </span>
     <span class='ocr_line' id='line_1_66' title="bbox 1226 448 2345 512; baseline 0.009 -28"><span class='ocrx_word' id='word_1_487' title='bbox 1226 456 1300 484; x_wconf 88' lang='lat' dir='ltr'>tem</span> <span class='ocrx_word' id='word_1_488' title='bbox 1330 460 1593 501; x_wconf 81' lang='lat' dir='ltr'>quascumque</span> <span class='ocrx_word' id='word_1_489' title='bbox 1620 448 1853 497; x_wconf 45' lang='lat' dir='ltr'>additione„</span> <span class='ocrx_word' id='word_1_490' title='bbox 1883 456 2008 490; x_wconf 71' lang='lat' dir='ltr'>eciam</span> <span class='ocrx_word' id='word_1_491' title='bbox 2037 455 2105 491; x_wconf 75' lang='lat' dir='ltr'>sub</span> <span class='ocrx_word' id='word_1_492' title='bbox 2133 471 2345 512; x_wconf 64' lang='lat' dir='ltr'>proetextu.</span> 
     </span>
     <span class='ocr_line' id='line_1_67' title="bbox 1255 500 2346 556; baseline 0.016 -20"><span class='ocrx_word' id='word_1_493' title='bbox 1255 500 1325 538; x_wconf 86' lang='lat' dir='ltr'>uod</span> <span class='ocrx_word' id='word_1_494' title='bbox 1356 500 1446 538; x_wconf 76' lang='lat' dir='ltr'>tales</span> <span class='ocrx_word' id='word_1_495' title='bbox 1475 501 1685 540; x_wconf 82' lang='lat' dir='ltr'>additiones</span> <span class='ocrx_word' id='word_1_496' title='bbox 1727 505 1990 545; x_wconf 78' lang='lat' dir='ltr'>contineantur</span> <span class='ocrx_word' id='word_1_497' title='bbox 2027 507 2067 546; x_wconf 87' lang='lat' dir='ltr'>iu</span> <span class='ocrx_word' id='word_1_498' title='bbox 2103 508 2346 556; x_wconf 68' lang='lat' dir='ltr'>Forinularisz</span> 
     </span>
     <span class='ocr_line' id='line_1_68' title="bbox 1225 515 1446 592; baseline 0.009 -2"><span class='ocrx_word' id='word_1_499' title='bbox 1225 515 1337 591; x_wconf 42' lang='lat' dir='ltr'>alex.</span> <span class='ocrx_word' id='word_1_500' title='bbox 1361 552 1446 592; x_wconf 83' lang='lat' dir='ltr'>VH.</span> 
     </span>
    </p>

    <p class='ocr_par' dir='ltr' id='par_1_10' title="bbox 1224 606 2387 2205">
     <span class='ocr_line' id='line_1_69' title="bbox 1284 606 2346 668; baseline 0.015 -26"><span class='ocrx_word' id='word_1_501' title='bbox 1284 606 1347 658; x_wconf 68' lang='lat'>74.</span> <span class='ocrx_word' id='word_1_502' title='bbox 1378 606 1512 658; x_wconf 87' lang='lat' dir='ltr'>Neque</span> <span class='ocrx_word' id='word_1_503' title='bbox 1541 609 1808 660; x_wconf 75' lang='lat' dir='ltr'>praetereunda</span> <span class='ocrx_word' id='word_1_504' title='bbox 1837 621 1923 650; x_wconf 86' lang='lat' dir='ltr'>sunt</span> <span class='ocrx_word' id='word_1_505' title='bbox 1953 612 2094 663; x_wconf 78' lang='lat' dir='ltr'>verba,</span> <span class='ocrx_word' id='word_1_506' title='bbox 2123 629 2211 668; x_wconf 80' lang='lat' dir='ltr'>qua:</span> <span class='ocrx_word' id='word_1_507' title='bbox 2243 619 2346 660; x_wconf 85' lang='lat' dir='ltr'>idem</span> 
     </span>
     <span class='ocr_line' id='line_1_70' title="bbox 1225 658 2348 717; baseline 0.013 -20"><span class='ocrx_word' id='word_1_508' title='bbox 1225 658 1493 699; x_wconf 75' lang='lat' dir='ltr'>sanctissimus</span> <span class='ocrx_word' id='word_1_509' title='bbox 1523 660 1696 701; x_wconf 77' lang='lat' dir='ltr'>Pontifex</span> <span class='ocrx_word' id='word_1_510' title='bbox 1726 663 1872 702; x_wconf 86' lang='lat' dir='ltr'>ibidem</span> <span class='ocrx_word' id='word_1_511' title='bbox 1902 666 2068 705; x_wconf 81' lang='lat' dir='ltr'>addidit:</span> <span class='ocrx_word' id='word_1_512' title='bbox 2113 697 2139 717; x_wconf 87' lang='lat'>„</span> <span class='ocrx_word' id='word_1_513' title='bbox 2168 671 2348 713; x_wconf 86' lang='lat' dir='ltr'>Ceterum</span> 
     </span>
     <span class='ocr_line' id='line_1_71' title="bbox 1228 715 2350 766; baseline 0.012 -16"><span class='ocrx_word' id='word_1_514' title='bbox 1228 743 1253 760; x_wconf 91' lang='lat'>,‚</span> <span class='ocrx_word' id='word_1_515' title='bbox 1284 717 1434 765; x_wconf 79' lang='lat' dir='ltr'>inquit,</span> <span class='ocrx_word' id='word_1_516' title='bbox 1464 715 1511 752; x_wconf 91' lang='lat' dir='ltr'>ad</span> <span class='ocrx_word' id='word_1_517' title='bbox 1542 717 1809 766; x_wconf 72' lang='lat' dir='ltr'>praecavendas</span> <span class='ocrx_word' id='word_1_518' title='bbox 1837 731 1969 759; x_wconf 86' lang='lat' dir='ltr'>omnes</span> <span class='ocrx_word' id='word_1_519' title='bbox 1997 721 2242 762; x_wconf 82' lang='lat' dir='ltr'>dissidiorum</span> <span class='ocrx_word' id='word_1_520' title='bbox 2258 739 2350 764; x_wconf 64' lang='lat' dir='ltr'>cau«</span> 
     </span>
     <span class='ocr_line' id='line_1_72' title="bbox 1228 768 2344 823; baseline 0.013 -20"><span class='ocrx_word' id='word_1_521' title='bbox 1228 796 1253 814; x_wconf 83' lang='lat'>,‚</span> <span class='ocrx_word' id='word_1_522' title='bbox 1284 781 1362 816; x_wconf 80' lang='lat' dir='ltr'>sas,</span> <span class='ocrx_word' id='word_1_523' title='bbox 1391 781 1480 820; x_wconf 81' lang='lat' dir='ltr'>quae</span> <span class='ocrx_word' id='word_1_524' title='bbox 1510 768 1764 808; x_wconf 76' lang='lat' dir='ltr'>Christianam</span> <span class='ocrx_word' id='word_1_525' title='bbox 1796 786 1930 823; x_wconf 80' lang='lat' dir='ltr'>pacem</span> <span class='ocrx_word' id='word_1_526' title='bbox 1960 773 2173 814; x_wconf 84' lang='lat' dir='ltr'>dilacerant</span> <span class='ocrx_word' id='word_1_527' title='bbox 2187 799 2270 807; x_wconf 62' lang='lat'><strong>-----</strong></span> <span class='ocrx_word' id='word_1_528' title='bbox 2286 780 2344 818; x_wconf 81' lang='lat' dir='ltr'>in-</span> 
     </span>
     <span class='ocr_line' id='line_1_73' title="bbox 1226 819 2351 882; baseline 0.012 -26"><span class='ocrx_word' id='word_1_529' title='bbox 1226 849 1251 869; x_wconf 83' lang='lat'>„</span> <span class='ocrx_word' id='word_1_530' title='bbox 1281 819 1504 872; x_wconf 82' lang='lat' dir='ltr'>jungimus,</span> <span class='ocrx_word' id='word_1_531' title='bbox 1533 836 1581 860; x_wconf 88' lang='lat' dir='ltr'>ne</span> <span class='ocrx_word' id='word_1_532' title='bbox 1613 822 1693 862; x_wconf 84' lang='lat' dir='ltr'>uIIa</span> <span class='ocrx_word' id='word_1_533' title='bbox 1723 826 1864 863; x_wconf 80' lang='lat' dir='ltr'>ratione</span> <span class='ocrx_word' id='word_1_534' title='bbox 1892 841 2129 880; x_wconf 84' lang='lat' dir='ltr'>quemquam</span> <span class='ocrx_word' id='word_1_535' title='bbox 2160 843 2255 882; x_wconf 78' lang='lat' dir='ltr'>vaga</span> <span class='ocrx_word' id='word_1_536' title='bbox 2277 833 2351 871; x_wconf 77' lang='lat' dir='ltr'>ista.</span> 
     </span>
     <span class='ocr_line' id='line_1_74' title="bbox 1225 875 2350 925; baseline 0.013 -16"><span class='ocrx_word' id='word_1_537' title='bbox 1225 903 1252 921; x_wconf 82' lang='lat'>,‚</span> <span class='ocrx_word' id='word_1_538' title='bbox 1281 877 1544 923; x_wconf 74' lang='lat' dir='ltr'>accusatione,</span> <span class='ocrx_word' id='word_1_539' title='bbox 1573 875 1608 913; x_wconf 72' lang='grc' dir='ltr'><strong>ἃ</strong></span> <span class='ocrx_word' id='word_1_540' title='bbox 1639 878 1825 916; x_wconf 84' lang='lat' dir='ltr'>invidioso</span> <span class='ocrx_word' id='word_1_541' title='bbox 1845 882 2001 919; x_wconf 87' lang='lat' dir='ltr'>nomine</span> <span class='ocrx_word' id='word_1_542' title='bbox 2021 881 2250 922; x_wconf 83' lang='lat' dir='ltr'>Jansenisini</span> <span class='ocrx_word' id='word_1_543' title='bbox 2272 894 2350 925; x_wconf 86' lang='lat' dir='ltr'>tra-</span> 
     </span>
     <span class='ocr_line' id='line_1_75' title="bbox 1226 927 2349 989; baseline 0.012 -26"><span class='ocrx_word' id='word_1_544' title='bbox 1226 957 1251 974; x_wconf 93' lang='lat'>„</span> <span class='ocrx_word' id='word_1_545' title='bbox 1282 927 1370 964; x_wconf 87' lang='lat' dir='ltr'>duci</span> <span class='ocrx_word' id='word_1_546' title='bbox 1401 937 1466 966; x_wconf 81' lang='lat' dir='ltr'>ant</span> <span class='ocrx_word' id='word_1_547' title='bbox 1496 933 1707 982; x_wconf 80' lang='lat' dir='ltr'>nuncupari</span> <span class='ocrx_word' id='word_1_548' title='bbox 1736 933 1887 981; x_wconf 85' lang='lat' dir='ltr'>sinatis,</span> <span class='ocrx_word' id='word_1_549' title='bbox 1918 936 2114 988; x_wconf 84' lang='lat' dir='ltr'>nisiprius</span> <span class='ocrx_word' id='word_1_550' title='bbox 2129 948 2349 989; x_wconf 83' lang='lat' dir='ltr'>suspectum.</span> 
     </span>
     <span class='ocr_line' id='line_1_76' title="bbox 1227 982 2351 1041; baseline 0.013 -25"><span class='ocrx_word' id='word_1_551' title='bbox 1227 1009 1252 1027; x_wconf 83' lang='lat'>,‚</span> <span class='ocrx_word' id='word_1_552' title='bbox 1283 994 1359 1017; x_wconf 82' lang='lat' dir='ltr'>esse</span> <span class='ocrx_word' id='word_1_553' title='bbox 1389 982 1616 1031; x_wconf 81' lang='lat' dir='ltr'>constiterit,</span> <span class='ocrx_word' id='word_1_554' title='bbox 1659 984 1831 1037; x_wconf 82' lang='lat' dir='ltr'>aliquam</span> <span class='ocrx_word' id='word_1_555' title='bbox 1862 1000 1907 1024; x_wconf 78' lang='lat' dir='ltr'>ex</span> <span class='ocrx_word' id='word_1_556' title='bbox 1937 987 1996 1027; x_wconf 84' lang='lat' dir='ltr'>liis</span> <span class='ocrx_word' id='word_1_557' title='bbox 2028 991 2351 1041; x_wconf 74' lang='lat' dir='ltr'>propositionibus</span> 
     </span>
     <span class='ocr_line' id='line_1_77' title="bbox 1226 1035 2348 1092; baseline 0.016 -25"><span class='ocrx_word' id='word_1_558' title='bbox 1226 1062 1252 1080; x_wconf 83' lang='lat'>,‚</span> <span class='ocrx_word' id='word_1_559' title='bbox 1284 1036 1299 1083; x_wconf 93' lang='lat'>(</span> <span class='ocrx_word' id='word_1_560' title='bbox 1330 1035 1476 1071; x_wconf 73' lang='lat' dir='ltr'>scilicet</span> <span class='ocrx_word' id='word_1_561' title='bbox 1504 1040 1673 1087; x_wconf 72' lang='lat' dir='ltr'>quinque</span> <span class='ocrx_word' id='word_1_562' title='bbox 1702 1038 1941 1090; x_wconf 60' lang='lat' dir='ltr'>damnatis)</span> <span class='ocrx_word' id='word_1_563' title='bbox 1972 1042 2172 1092; x_wconf 78' lang='lat' dir='ltr'>docuisse,</span> <span class='ocrx_word' id='word_1_564' title='bbox 2202 1055 2266 1084; x_wconf 87' lang='lat' dir='ltr'>aut</span> <span class='ocrx_word' id='word_1_565' title='bbox 2295 1055 2348 1085; x_wconf 89' lang='lat' dir='ltr'>te·</span> 
     </span>
     <span class='ocr_line' id='line_1_78' title="bbox 1227 1088 2348 1150; baseline 0.013 -28"><span class='ocrx_word' id='word_1_566' title='bbox 1227 1114 1253 1133; x_wconf 92' lang='lat'><strong>„</strong></span> <span class='ocrx_word' id='word_1_567' title='bbox 1283 1088 1409 1123; x_wconf 86' lang='lat' dir='ltr'>unisse</span> <span class='ocrx_word' id='word_1_568' title='bbox 1431 1088 1480 1125; x_wconf 86' lang='lat'>&#39;&#39;.</span> <span class='ocrx_word' id='word_1_569' title='bbox 1525 1088 1607 1127; x_wconf 85' lang='lat' dir='ltr'>Hac</span> <span class='ocrx_word' id='word_1_570' title='bbox 1637 1092 1682 1128; x_wconf 89' lang='lat' dir='ltr'>de</span> <span class='ocrx_word' id='word_1_571' title='bbox 1712 1107 1826 1131; x_wconf 84' lang='lat' dir='ltr'>causa</span> <span class='ocrx_word' id='word_1_572' title='bbox 1855 1107 1938 1143; x_wconf 88' lang='lat' dir='ltr'>eos,</span> <span class='ocrx_word' id='word_1_573' title='bbox 1969 1097 2037 1148; x_wconf 87' lang='lat' dir='ltr'>qui</span> <span class='ocrx_word' id='word_1_574' title='bbox 2068 1097 2231 1137; x_wconf 69' lang='lat' dir='ltr'>famosas</span> <span class='ocrx_word' id='word_1_575' title='bbox 2260 1114 2348 1150; x_wconf 87' lang='lat' dir='ltr'>pro-</span> 
     </span>
     <span class='ocr_line' id='line_1_79' title="bbox 1225 1139 2347 1196; baseline 0.016 -23"><span class='ocrx_word' id='word_1_576' title='bbox 1225 1139 1426 1189; x_wconf 85' lang='lat' dir='ltr'>positiones</span> <span class='ocrx_word' id='word_1_577' title='bbox 1456 1141 1694 1196; x_wconf 89' lang='lat' dir='ltr'>ubicnmque</span> <span class='ocrx_word' id='word_1_578' title='bbox 1724 1147 1994 1196; x_wconf 80' lang='lat' dir='ltr'>inveniantur,</span> <span class='ocrx_word' id='word_1_579' title='bbox 2039 1150 2184 1189; x_wconf 73' lang='lat' dir='ltr'>sincere</span> <span class='ocrx_word' id='word_1_580' title='bbox 2213 1166 2252 1190; x_wconf 90' lang='lat' dir='ltr'>se</span> <span class='ocrx_word' id='word_1_581' title='bbox 2281 1154 2347 1192; x_wconf 80' lang='lat' dir='ltr'>da-</span> 
     </span>
     <span class='ocr_line' id='line_1_80' title="bbox 1225 1192 2350 1245; baseline 0.016 -18"><span class='ocrx_word' id='word_1_582' title='bbox 1225 1205 1357 1228; x_wconf 77' lang='lat' dir='ltr'>mnare</span> <span class='ocrx_word' id='word_1_583' title='bbox 1386 1192 1687 1245; x_wconf 81' lang='lat' dir='ltr'>profitebantur,</span> <span class='ocrx_word' id='word_1_584' title='bbox 1718 1197 1752 1233; x_wconf 73' lang='grc' dir='ltr'><strong>ἃ</strong></span> <span class='ocrx_word' id='word_1_585' title='bbox 1781 1199 1905 1238; x_wconf 85' lang='lat' dir='ltr'>solum</span> <span class='ocrx_word' id='word_1_586' title='bbox 1936 1216 1996 1239; x_wconf 75' lang='lat' dir='ltr'>eas</span> <span class='ocrx_word' id='word_1_587' title='bbox 2028 1204 2066 1240; x_wconf 87' lang='lat' dir='ltr'>in</span> <span class='ocrx_word' id='word_1_588' title='bbox 2084 1203 2262 1244; x_wconf 76' lang='lat' dir='ltr'>Jausenin</span> <span class='ocrx_word' id='word_1_589' title='bbox 2290 1220 2350 1245; x_wconf 88' lang='lat' dir='ltr'>re-</span> 
     </span>
     <span class='ocr_line' id='line_1_81' title="bbox 1225 1245 2349 1307; baseline 0.015 -25"><span class='ocrx_word' id='word_1_590' title='bbox 1225 1245 1345 1295; x_wconf 87' lang='lat' dir='ltr'>periri</span> <span class='ocrx_word' id='word_1_591' title='bbox 1377 1246 1565 1298; x_wconf 72' lang='lat' dir='ltr'>negabant</span> <span class='ocrx_word' id='word_1_592' title='bbox 1596 1261 1661 1300; x_wconf 80' lang='lat' dir='ltr'>ego</span> <span class='ocrx_word' id='word_1_593' title='bbox 1676 1250 1906 1291; x_wconf 84' lang='lat' dir='ltr'>Janseniano</span> <span class='ocrx_word' id='word_1_594' title='bbox 1933 1256 2086 1293; x_wconf 85' lang='lat' dir='ltr'>nomine</span> <span class='ocrx_word' id='word_1_595' title='bbox 2113 1263 2268 1307; x_wconf 83' lang='lat' dir='ltr'>proprie</span> <span class='ocrx_word' id='word_1_596' title='bbox 2290 1262 2349 1299; x_wconf 88' lang='lat' dir='ltr'>in-</span> 
     </span>
     <span class='ocr_line' id='line_1_82' title="bbox 1226 1297 2355 1352; baseline 0.014 -17"><span class='ocrx_word' id='word_1_597' title='bbox 1226 1297 1365 1336; x_wconf 69' lang='lat' dir='ltr'>famari</span> <span class='ocrx_word' id='word_1_598' title='bbox 1395 1312 1470 1337; x_wconf 89' lang='lat' dir='ltr'>non</span> <span class='ocrx_word' id='word_1_599' title='bbox 1500 1313 1605 1352; x_wconf 86' lang='lat' dir='ltr'>posse</span> <span class='ocrx_word' id='word_1_600' title='bbox 1635 1315 1795 1352; x_wconf 88' lang='lat' dir='ltr'>censeo,</span> <span class='ocrx_word' id='word_1_601' title='bbox 1825 1306 1899 1343; x_wconf 82' lang='lat' dir='ltr'>nisi</span> <span class='ocrx_word' id='word_1_602' title='bbox 1928 1306 2013 1344; x_wconf 85' lang='lat' dir='ltr'>aliis</span> <span class='ocrx_word' id='word_1_603' title='bbox 2041 1309 2088 1346; x_wconf 90' lang='lat' dir='ltr'>de</span> <span class='ocrx_word' id='word_1_604' title='bbox 2117 1313 2240 1348; x_wconf 85' lang='lat' dir='ltr'>causis</span> <span class='ocrx_word' id='word_1_605' title='bbox 2258 1312 2355 1350; x_wconf 84' lang='lat' dir='ltr'>Jan·</span> 
     </span>
     <span class='ocr_line' id='line_1_83' title="bbox 1224 1352 2352 1411; baseline 0.012 -23"><span class='ocrx_word' id='word_1_606' title='bbox 1224 1354 1393 1390; x_wconf 83' lang='lat' dir='ltr'>scnianae</span> <span class='ocrx_word' id='word_1_607' title='bbox 1425 1352 1614 1393; x_wconf 70' lang='lat' dir='ltr'>haereseou</span> <span class='ocrx_word' id='word_1_608' title='bbox 1643 1358 1795 1394; x_wconf 83' lang='lat' dir='ltr'>tuendae</span> <span class='ocrx_word' id='word_1_609' title='bbox 1826 1358 2023 1398; x_wconf 79' lang='lat' dir='ltr'>fundatam</span> <span class='ocrx_word' id='word_1_610' title='bbox 2053 1360 2251 1411; x_wconf 56' lang='lat' dir='ltr'>praebeant</span> <span class='ocrx_word' id='word_1_611' title='bbox 2286 1377 2352 1403; x_wconf 80' lang='lat' dir='ltr'>su-</span> 
     </span>
     <span class='ocr_line' id='line_1_84' title="bbox 1224 1407 2352 1458; baseline 0.012 -17"><span class='ocrx_word' id='word_1_612' title='bbox 1224 1408 1469 1454; x_wconf 77' lang='lat' dir='ltr'>spicionem.</span> <span class='ocrx_word' id='word_1_613' title='bbox 1498 1407 1599 1445; x_wconf 88' lang='lat' dir='ltr'>Nam</span> <span class='ocrx_word' id='word_1_614' title='bbox 1632 1407 1672 1447; x_wconf 80' lang='grc' dir='ltr'>1ιί</span> <span class='ocrx_word' id='word_1_615' title='bbox 1702 1410 1772 1449; x_wconf 90' lang='lat' dir='ltr'>soli</span> <span class='ocrx_word' id='word_1_616' title='bbox 1802 1425 1847 1450; x_wconf 85' lang='lat' dir='ltr'>ex</span> <span class='ocrx_word' id='word_1_617' title='bbox 1876 1411 1993 1451; x_wconf 73' lang='lat' dir='ltr'>allata</span> <span class='ocrx_word' id='word_1_618' title='bbox 2023 1413 2352 1458; x_wconf 83' lang='lat' dir='ltr'>InnocentiiCon-</span> 
     </span>
     <span class='ocr_line' id='line_1_85' title="bbox 1224 1458 2350 1522; baseline 0.012 -27"><span class='ocrx_word' id='word_1_619' title='bbox 1224 1460 1417 1496; x_wconf 88' lang='lat' dir='ltr'>stitutione</span> <span class='ocrx_word' id='word_1_620' title='bbox 1445 1458 1687 1500; x_wconf 66' lang='lat' dir='ltr'>,Icinseniani</span> <span class='ocrx_word' id='word_1_621' title='bbox 1717 1467 1871 1516; x_wconf 86' lang='lat' dir='ltr'>proprie</span> <span class='ocrx_word' id='word_1_622' title='bbox 1893 1467 2019 1504; x_wconf 79' lang='lat' dir='ltr'>vocari</span> <span class='ocrx_word' id='word_1_623' title='bbox 2067 1477 2193 1508; x_wconf 87' lang='lat' dir='ltr'>ossunt</span> <span class='ocrx_word' id='word_1_624' title='bbox 2223 1470 2350 1522; x_wconf 75' lang='lat' dir='ltr'>(Vid.</span> 
     </span>
     <span class='ocr_line' id='line_1_86' title="bbox 1226 1509 2350 1573; baseline 0.015 -25"><span class='ocrx_word' id='word_1_625' title='bbox 1226 1509 1345 1564; x_wconf 87' lang='lat' dir='ltr'>Scrry</span> <span class='ocrx_word' id='word_1_626' title='bbox 1373 1513 1517 1563; x_wconf 87' lang='lat' dir='ltr'>disput.</span> <span class='ocrx_word' id='word_1_627' title='bbox 1540 1514 1608 1553; x_wconf 89' lang='lat' dir='ltr'>IV.</span> <span class='ocrx_word' id='word_1_628' title='bbox 1640 1515 1689 1553; x_wconf 81' lang='lat' dir='ltr'>de</span> <span class='ocrx_word' id='word_1_629' title='bbox 1716 1527 1867 1556; x_wconf 75' lang='lat' dir='ltr'>natura</span> <span class='ocrx_word' id='word_1_630' title='bbox 1897 1518 2013 1568; x_wconf 77' lang='lat' dir='ltr'>lapsa</span> <span class='ocrx_word' id='word_1_631' title='bbox 2074 1520 2219 1561; x_wconf 78' lang='lat' dir='ltr'>raelect.</span> <span class='ocrx_word' id='word_1_632' title='bbox 2241 1524 2270 1563; x_wconf 88' lang='lat'>1.</span> <span class='ocrx_word' id='word_1_633' title='bbox 2302 1526 2350 1573; x_wconf 82' lang='lat'>)·</span> 
     </span>
     <span class='ocr_line' id='line_1_87' title="bbox 1226 1566 2351 1630; baseline 0.014 -29"><span class='ocrx_word' id='word_1_634' title='bbox 1226 1566 1476 1617; x_wconf 80' lang='lat' dir='ltr'>Quamquam</span> <span class='ocrx_word' id='word_1_635' title='bbox 1506 1581 1594 1606; x_wconf 87' lang='lat' dir='ltr'>usus</span> <span class='ocrx_word' id='word_1_636' title='bbox 1623 1569 1703 1607; x_wconf 77' lang='lat' dir='ltr'>fere</span> <span class='ocrx_word' id='word_1_637' title='bbox 1732 1571 1899 1610; x_wconf 89' lang='lat' dir='ltr'>obtinuit</span> <span class='ocrx_word' id='word_1_638' title='bbox 1943 1581 1982 1609; x_wconf 90' lang='lat' dir='ltr'>ut</span> <span class='ocrx_word' id='word_1_639' title='bbox 2026 1573 2054 1611; x_wconf 90' lang='lat' dir='ltr'>ii</span> <span class='ocrx_word' id='word_1_640' title='bbox 2083 1586 2241 1625; x_wconf 86' lang='lat' dir='ltr'>omnes,</span> <span class='ocrx_word' id='word_1_641' title='bbox 2277 1579 2351 1630; x_wconf 78' lang='lat' dir='ltr'>qui</span> 
     </span>
     <span class='ocr_line' id='line_1_88' title="bbox 1226 1619 2355 1673; baseline 0.012 -18"><span class='ocrx_word' id='word_1_642' title='bbox 1226 1619 1452 1658; x_wconf 76' lang='lat' dir='ltr'>formulario</span> <span class='ocrx_word' id='word_1_643' title='bbox 1482 1622 1772 1673; x_wconf 80' lang='lat' dir='ltr'>refragabantur</span> <span class='ocrx_word' id='word_1_644' title='bbox 1801 1626 1928 1663; x_wconf 87' lang='lat' dir='ltr'>odioso</span> <span class='ocrx_word' id='word_1_645' title='bbox 1958 1625 2028 1664; x_wconf 87' lang='lat' dir='ltr'>hoc</span> <span class='ocrx_word' id='word_1_646' title='bbox 2058 1630 2213 1668; x_wconf 85' lang='lat' dir='ltr'>nomine</span> <span class='ocrx_word' id='word_1_647' title='bbox 2257 1632 2355 1670; x_wconf 72' lang='lat' dir='ltr'>insi-⁴</span> 
     </span>
     <span class='ocr_line' id='line_1_89' title="bbox 1226 1673 2352 1726; baseline 0.013 -19"><span class='ocrx_word' id='word_1_648' title='bbox 1226 1673 1426 1722; x_wconf 79' lang='lat' dir='ltr'>gnirentur</span> <span class='ocrx_word' id='word_1_649' title='bbox 1443 1702 1454 1721; x_wconf 94' lang='lat'>,</span> <span class='ocrx_word' id='word_1_650' title='bbox 1484 1675 1564 1712; x_wconf 87' lang='lat' dir='ltr'>sive</span> <span class='ocrx_word' id='word_1_651' title='bbox 1594 1677 1695 1726; x_wconf 87' lang='lat' dir='ltr'>quod</span> <span class='ocrx_word' id='word_1_652' title='bbox 1726 1677 1851 1716; x_wconf 87' lang='lat' dir='ltr'>latiori</span> <span class='ocrx_word' id='word_1_653' title='bbox 1875 1692 1995 1716; x_wconf 69' lang='lat' dir='ltr'>rsensu</span> <span class='ocrx_word' id='word_1_654' title='bbox 2014 1679 2244 1722; x_wconf 77' lang='lat' dir='ltr'>Janseuismi</span> <span class='ocrx_word' id='word_1_655' title='bbox 2265 1693 2352 1725; x_wconf 78' lang='lat' dir='ltr'>nota.</span> 
     </span>
     <span class='ocr_line' id='line_1_90' title="bbox 1229 1728 2352 1783; baseline 0.012 -22"><span class='ocrx_word' id='word_1_656' title='bbox 1229 1735 1503 1776; x_wconf 87' lang='lat' dir='ltr'>usurparetur;</span> <span class='ocrx_word' id='word_1_657' title='bbox 1544 1728 1625 1766; x_wconf 83' lang='lat' dir='ltr'>sive</span> <span class='ocrx_word' id='word_1_658' title='bbox 1656 1731 1806 1780; x_wconf 82' lang='lat' dir='ltr'>potius,</span> <span class='ocrx_word' id='word_1_659' title='bbox 1849 1732 1950 1783; x_wconf 84' lang='lat' dir='ltr'>quod</span> <span class='ocrx_word' id='word_1_660' title='bbox 1980 1732 2026 1770; x_wconf 88' lang='lat' dir='ltr'>de</span> <span class='ocrx_word' id='word_1_661' title='bbox 2056 1735 2204 1773; x_wconf 86' lang='lat' dir='ltr'>tuendis</span> <span class='ocrx_word' id='word_1_662' title='bbox 2233 1737 2352 1776; x_wconf 80' lang='lat' dir='ltr'>etiam</span> 
     </span>
     <span class='ocr_line' id='line_1_91' title="bbox 1227 1780 2351 1837; baseline 0.013 -23"><span class='ocrx_word' id='word_1_663' title='bbox 1227 1780 1551 1830; x_wconf 81' lang='lat' dir='ltr'>propositionibus</span> <span class='ocrx_word' id='word_1_664' title='bbox 1580 1781 1769 1821; x_wconf 83' lang='lat' dir='ltr'>damnatis</span> <span class='ocrx_word' id='word_1_665' title='bbox 1800 1784 1838 1822; x_wconf 88' lang='lat' dir='ltr'>in</span> <span class='ocrx_word' id='word_1_666' title='bbox 1867 1785 2126 1836; x_wconf 85' lang='lat' dir='ltr'>suspicionem</span> <span class='ocrx_word' id='word_1_667' title='bbox 2149 1789 2351 1837; x_wconf 72' lang='lat' dir='ltr'>venirent5</span> 
     </span>
     <span class='ocr_line' id='line_1_92' title="bbox 1225 1832 2354 1887; baseline 0.013 -19"><span class='ocrx_word' id='word_1_668' title='bbox 1225 1833 1328 1884; x_wconf 78' lang='lat' dir='ltr'>quod</span> <span class='ocrx_word' id='word_1_669' title='bbox 1356 1832 1535 1871; x_wconf 88' lang='lat' dir='ltr'>Clemens</span> <span class='ocrx_word' id='word_1_670' title='bbox 1553 1834 1624 1872; x_wconf 87' lang='lat' dir='ltr'>XI.</span> <span class='ocrx_word' id='word_1_671' title='bbox 1655 1836 1694 1873; x_wconf 89' lang='lat' dir='ltr'>in</span> <span class='ocrx_word' id='word_1_672' title='bbox 1725 1836 1837 1875; x_wconf 82' lang='lat' dir='ltr'>Bulla</span> <span class='ocrx_word' id='word_1_673' title='bbox 1859 1835 2035 1876; x_wconf 65' lang='lat' dir='ltr'>Vineam</span> <span class='ocrx_word' id='word_1_674' title='bbox 2056 1839 2223 1880; x_wconf 77' lang='lat' dir='ltr'>Domini</span> <span class='ocrx_word' id='word_1_675' title='bbox 2251 1857 2354 1887; x_wconf 84' lang='lat' dir='ltr'>anuo</span> 
     </span>
     <span class='ocr_line' id='line_1_93' title="bbox 1231 1885 2387 1947; baseline 0.012 -25"><span class='ocrx_word' id='word_1_676' title='bbox 1231 1885 1346 1936; x_wconf 87' lang='lat'>1705.</span> <span class='ocrx_word' id='word_1_677' title='bbox 1379 1886 1435 1925; x_wconf 82' lang='lat' dir='ltr'>liis</span> <span class='ocrx_word' id='word_1_678' title='bbox 1466 1887 1593 1926; x_wconf 87' lang='lat' dir='ltr'>verbis</span> <span class='ocrx_word' id='word_1_679' title='bbox 1613 1889 1868 1941; x_wconf 77' lang='lat' dir='ltr'>significavit:</span> <span class='ocrx_word' id='word_1_680' title='bbox 1901 1891 2112 1939; x_wconf 82' lang='lat' dir='ltr'>„Fallacis</span> <span class='ocrx_word' id='word_1_681' title='bbox 2143 1895 2257 1947; x_wconf 75' lang='lat' dir='ltr'>liujus</span> <span class='ocrx_word' id='word_1_682' title='bbox 2286 1897 2353 1935; x_wconf 82' lang='lat' dir='ltr'>do·</span> <span class='ocrx_word' id='word_1_683' title='bbox 2380 1936 2387 1944; x_wconf 77' lang='grc'><em>,</em></span> 
     </span>
     <span class='ocr_line' id='line_1_94' title="bbox 1226 1940 2354 1997; baseline 0.013 -22"><span class='ocrx_word' id='word_1_684' title='bbox 1226 1966 1251 1987; x_wconf 90' lang='grc'>,,</span> <span class='ocrx_word' id='word_1_685' title='bbox 1282 1940 1415 1978; x_wconf 85' lang='lat' dir='ltr'>ctrinae</span> <span class='ocrx_word' id='word_1_686' title='bbox 1445 1940 1567 1992; x_wconf 78' lang='lat' dir='ltr'>pallio</span> <span class='ocrx_word' id='word_1_687' title='bbox 1599 1955 1676 1982; x_wconf 86' lang='lat' dir='ltr'>non</span> <span class='ocrx_word' id='word_1_688' title='bbox 1705 1944 1910 1997; x_wconf 81' lang='lat' dir='ltr'>deponitur</span> <span class='ocrx_word' id='word_1_689' title='bbox 1940 1959 2072 1995; x_wconf 87' lang='lat' dir='ltr'>error,</span> <span class='ocrx_word' id='word_1_690' title='bbox 2101 1963 2138 1987; x_wconf 91' lang='lat' dir='ltr'>se</span> <span class='ocrx_word' id='word_1_691' title='bbox 2219 1950 2354 1990; x_wconf 87' lang='lat' dir='ltr'>bscon-</span> 
     </span>
     <span class='ocr_line' id='line_1_95' title="bbox 1227 1993 2354 2048; baseline 0.012 -19"><span class='ocrx_word' id='word_1_692' title='bbox 1227 2021 1253 2041; x_wconf 95' lang='lat'><strong>„</strong></span> <span class='ocrx_word' id='word_1_693' title='bbox 1283 1993 1406 2040; x_wconf 86' lang='lat' dir='ltr'>ditur;</span> <span class='ocrx_word' id='word_1_694' title='bbox 1438 1994 1578 2034; x_wconf 87' lang='lat' dir='ltr'>vulnus</span> <span class='ocrx_word' id='word_1_695' title='bbox 1598 1998 1734 2048; x_wconf 86' lang='lat' dir='ltr'>tegitur</span> <span class='ocrx_word' id='word_1_696' title='bbox 1751 2028 1762 2046; x_wconf 95' lang='lat'>,</span> <span class='ocrx_word' id='word_1_697' title='bbox 1791 2011 1868 2037; x_wconf 87' lang='lat' dir='ltr'>non</span> <span class='ocrx_word' id='word_1_698' title='bbox 1887 2009 2042 2038; x_wconf 72' lang='lat' dir='ltr'>curatur</span> <span class='ocrx_word' id='word_1_699' title='bbox 2059 2015 2070 2046; x_wconf 64' lang='grc' dir='ltr'>ς</span> <span class='ocrx_word' id='word_1_700' title='bbox 2101 2002 2178 2041; x_wconf 81' lang='lat' dir='ltr'>Ecc</span> <span class='ocrx_word' id='word_1_701' title='bbox 2198 2005 2284 2042; x_wconf 81' lang='lat' dir='ltr'>esiae</span> <span class='ocrx_word' id='word_1_702' title='bbox 2304 2004 2354 2042; x_wconf 77' lang='lat' dir='ltr'>il-</span> 
     </span>
     <span class='ocr_line' id='line_1_96' title="bbox 1227 2045 2352 2100; baseline 0.012 -18"><span class='ocrx_word' id='word_1_703' title='bbox 1227 2075 1253 2094; x_wconf 90' lang='lat'>„</span> <span class='ocrx_word' id='word_1_704' title='bbox 1283 2045 1462 2095; x_wconf 90' lang='lat' dir='ltr'>luditur,</span> <span class='ocrx_word' id='word_1_705' title='bbox 1491 2061 1567 2086; x_wconf 88' lang='lat' dir='ltr'>non</span> <span class='ocrx_word' id='word_1_706' title='bbox 1597 2059 1783 2100; x_wconf 81' lang='lat' dir='ltr'>paretur3</span> <span class='ocrx_word' id='word_1_707' title='bbox 1813 2051 1847 2087; x_wconf 72' lang='lat' dir='ltr'>St</span> <span class='ocrx_word' id='word_1_708' title='bbox 1877 2051 1953 2090; x_wconf 87' lang='lat' dir='ltr'>lata</span> <span class='ocrx_word' id='word_1_709' title='bbox 1981 2053 2138 2092; x_wconf 86' lang='lat' dir='ltr'>demum</span> <span class='ocrx_word' id='word_1_710' title='bbox 2170 2056 2263 2095; x_wconf 87' lang='lat' dir='ltr'>filiis</span> <span class='ocrx_word' id='word_1_711' title='bbox 2292 2058 2352 2095; x_wconf 87' lang='lat' dir='ltr'>in-</span> 
     </span>
     <span class='ocr_line' id='line_1_97' title="bbox 1227 2099 2354 2151; baseline 0.011 -15"><span class='ocrx_word' id='word_1_712' title='bbox 1227 2127 1253 2148; x_wconf 89' lang='lat'><strong>„</strong></span> <span class='ocrx_word' id='word_1_713' title='bbox 1282 2099 1511 2138; x_wconf 87' lang='lat' dir='ltr'>obedientiae</span> <span class='ocrx_word' id='word_1_714' title='bbox 1543 2103 1605 2140; x_wconf 81' lang='lat' dir='ltr'>via</span> <span class='ocrx_word' id='word_1_715' title='bbox 1633 2105 1834 2151; x_wconf 87' lang='lat' dir='ltr'>sternitur,</span> <span class='ocrx_word' id='word_1_716' title='bbox 1878 2105 1925 2142; x_wconf 83' lang='lat' dir='ltr'>ad</span> <span class='ocrx_word' id='word_1_717' title='bbox 1970 2106 2172 2146; x_wconf 79' lang='lat' dir='ltr'>fovendam</span> <span class='ocrx_word' id='word_1_718' title='bbox 2203 2110 2354 2149; x_wconf 78' lang='lat' dir='ltr'>silentio</span> 
     </span>
     <span class='ocr_line' id='line_1_98' title="bbox 1230 2153 2269 2205; baseline 0.012 -16"><span class='ocrx_word' id='word_1_719' title='bbox 1230 2183 1257 2203; x_wconf 82' lang='lat'>„</span> <span class='ocrx_word' id='word_1_720' title='bbox 1288 2153 1466 2192; x_wconf 80' lang='lat' dir='ltr'>Iiaeresim</span> <span class='ocrx_word' id='word_1_721' title='bbox 1497 2153 1554 2205; x_wconf 84' lang='lat' dir='ltr'>(b)</span> <span class='ocrx_word' id='word_1_722' title='bbox 1578 2154 1626 2194; x_wconf 87' lang='lat'>&#39;‘.</span> <span class='ocrx_word' id='word_1_723' title='bbox 1656 2156 1729 2195; x_wconf 87' lang='lat' dir='ltr'>Sed</span> <span class='ocrx_word' id='word_1_724' title='bbox 1761 2172 1781 2194; x_wconf 87' lang='lat' dir='ltr'>e</span> <span class='ocrx_word' id='word_1_725' title='bbox 1810 2158 2039 2196; x_wconf 86' lang='lat' dir='ltr'>diverticulo</span> <span class='ocrx_word' id='word_1_726' title='bbox 2068 2161 2107 2198; x_wconf 84' lang='lat' dir='ltr'>in</span> <span class='ocrx_word' id='word_1_727' title='bbox 2137 2163 2269 2201; x_wconf 82' lang='lat' dir='ltr'>viam.</span> 
     </span>
    </p>

    <p class='ocr_par' dir='ltr' id='par_1_11' title="bbox 1227 2207 2358 2586">
     <span class='ocr_line' id='line_1_99' title="bbox 1287 2207 2350 2260; baseline 0.009 -15"><span class='ocrx_word' id='word_1_728' title='bbox 1287 2207 1350 2259; x_wconf 82' lang='lat'>75.</span> <span class='ocrx_word' id='word_1_729' title='bbox 1380 2207 1694 2260; x_wconf 82' lang='lat' dir='ltr'>Sapientissimus</span> <span class='ocrx_word' id='word_1_730' title='bbox 1723 2208 1790 2247; x_wconf 82' lang='lat' dir='ltr'>ille</span> <span class='ocrx_word' id='word_1_731' title='bbox 1818 2210 1921 2250; x_wconf 87' lang='lat' dir='ltr'>Cleri</span> <span class='ocrx_word' id='word_1_732' title='bbox 1953 2212 2149 2252; x_wconf 69' lang='lat' dir='ltr'>Gallicani</span> <span class='ocrx_word' id='word_1_733' title='bbox 2183 2229 2350 2254; x_wconf 87' lang='lat' dir='ltr'>conven-</span> 
     </span>
     <span class='ocr_line' id='line_1_100' title="bbox 1229 2263 2355 2316; baseline 0.008 -18"><span class='ocrx_word' id='word_1_734' title='bbox 1229 2269 1288 2298; x_wconf 89' lang='lat' dir='ltr'>tus</span> <span class='ocrx_word' id='word_1_735' title='bbox 1315 2275 1408 2299; x_wconf 83' lang='lat' dir='ltr'>ann.</span> <span class='ocrx_word' id='word_1_736' title='bbox 1446 2275 1588 2313; x_wconf 84' lang='grc' dir='ltr'>ι7οο.,</span> <span class='ocrx_word' id='word_1_737' title='bbox 1617 2265 1686 2315; x_wconf 89' lang='lat' dir='ltr'>qui</span> <span class='ocrx_word' id='word_1_738' title='bbox 1717 2274 1868 2316; x_wconf 81' lang='lat' dir='ltr'>propter</span> <span class='ocrx_word' id='word_1_739' title='bbox 1897 2263 2138 2304; x_wconf 84' lang='lat' dir='ltr'>eliminatum</span> <span class='ocrx_word' id='word_1_740' title='bbox 2170 2267 2355 2307; x_wconf 79' lang='lat' dir='ltr'>Probabi-</span> 
     </span>
     <span class='ocr_line' id='line_1_101' title="bbox 1231 2314 2354 2370; baseline 0.009 -19"><span class='ocrx_word' id='word_1_741' title='bbox 1231 2314 1388 2355; x_wconf 81' lang='lat' dir='ltr'>lismuin</span> <span class='ocrx_word' id='word_1_742' title='bbox 1408 2345 1419 2364; x_wconf 87' lang='lat'>,</span> <span class='ocrx_word' id='word_1_743' title='bbox 1450 2315 1630 2367; x_wconf 78' lang='lat' dir='ltr'>laxasque</span> <span class='ocrx_word' id='word_1_744' title='bbox 1663 2330 1812 2355; x_wconf 75' lang='lat' dir='ltr'>mortun</span> <span class='ocrx_word' id='word_1_745' title='bbox 1842 2318 2044 2370; x_wconf 87' lang='lat' dir='ltr'>opiniones</span> <span class='ocrx_word' id='word_1_746' title='bbox 2079 2320 2273 2360; x_wconf 66' lang='lat' dir='ltr'>damnatas</span> <span class='ocrx_word' id='word_1_747' title='bbox 2302 2321 2354 2361; x_wconf 89' lang='lat' dir='ltr'>ab</span> 
     </span>
     <span class='ocr_line' id='line_1_102' title="bbox 1230 2368 2350 2427; baseline 0.008 -22"><span class='ocrx_word' id='word_1_748' title='bbox 1230 2368 1408 2406; x_wconf 86' lang='lat' dir='ltr'>omnibus</span> <span class='ocrx_word' id='word_1_749' title='bbox 1438 2370 1602 2421; x_wconf 85' lang='lat' dir='ltr'>purioris</span> <span class='ocrx_word' id='word_1_750' title='bbox 1624 2369 1847 2422; x_wconf 74' lang='lat' dir='ltr'>Tlieologias</span> <span class='ocrx_word' id='word_1_751' title='bbox 1878 2371 2091 2413; x_wconf 85' lang='lat' dir='ltr'>cultoribus</span> <span class='ocrx_word' id='word_1_752' title='bbox 2120 2377 2249 2427; x_wconf 85' lang='lat' dir='ltr'>magui</span> <span class='ocrx_word' id='word_1_753' title='bbox 2281 2375 2350 2414; x_wconf 83' lang='lat' dir='ltr'>fie-</span> 
     </span>
     <span class='ocr_line' id='line_1_103' title="bbox 1228 2421 2353 2482; baseline 0.007 -23"><span class='ocrx_word' id='word_1_754' title='bbox 1228 2424 1262 2460; x_wconf 86' lang='lat' dir='ltr'>ri</span> <span class='ocrx_word' id='word_1_755' title='bbox 1292 2421 1411 2470; x_wconf 87' lang='lat' dir='ltr'>solet,</span> <span class='ocrx_word' id='word_1_756' title='bbox 1454 2431 1616 2474; x_wconf 83' lang='lat' dir='ltr'>quatuor</span> <span class='ocrx_word' id='word_1_757' title='bbox 1644 2425 1915 2476; x_wconf 84' lang='lat' dir='ltr'>propositiones</span> <span class='ocrx_word' id='word_1_758' title='bbox 1943 2425 2163 2466; x_wconf 84' lang='lat' dir='ltr'>damnavit:</span> <span class='ocrx_word' id='word_1_759' title='bbox 2209 2458 2236 2476; x_wconf 87' lang='lat'>‚‚</span> <span class='ocrx_word' id='word_1_760' title='bbox 2264 2430 2353 2482; x_wconf 90' lang='lat' dir='ltr'>qui·</span> 
     </span>
     <span class='ocr_line' id='line_1_104' title="bbox 1229 2475 2358 2530; baseline 0.005 -17"><span class='ocrx_word' id='word_1_761' title='bbox 1229 2504 1254 2524; x_wconf 93' lang='lat'><strong>„</strong></span> <span class='ocrx_word' id='word_1_762' title='bbox 1286 2475 1356 2514; x_wconf 86' lang='lat' dir='ltr'>bus</span> <span class='ocrx_word' id='word_1_763' title='bbox 1387 2476 1544 2527; x_wconf 87' lang='lat' dir='ltr'>inquieti</span> <span class='ocrx_word' id='word_1_764' title='bbox 1575 2476 1749 2516; x_wconf 81' lang='lat' dir='ltr'>homines</span> <span class='ocrx_word' id='word_1_765' title='bbox 1777 2478 1992 2517; x_wconf 81' lang='lat' dir='ltr'>Innocentii</span> <span class='ocrx_word' id='word_1_766' title='bbox 2013 2479 2066 2519; x_wconf 88' lang='lat' dir='ltr'>X.</span> <span class='ocrx_word' id='word_1_767' title='bbox 2084 2511 2094 2530; x_wconf 94' lang='lat'>‚</span> <span class='ocrx_word' id='word_1_768' title='bbox 2125 2480 2158 2517; x_wconf 71' lang='grc' dir='ltr'><strong>ἃ</strong></span> <span class='ocrx_word' id='word_1_769' title='bbox 2188 2481 2358 2519; x_wconf 80' lang='lat' dir='ltr'>Alexan-</span> 
     </span>
     <span class='ocr_line' id='line_1_105' title="bbox 1227 2529 2357 2586; baseline 0.005 -18"><span class='ocrx_word' id='word_1_770' title='bbox 1227 2557 1254 2578; x_wconf 83' lang='lat'>„</span> <span class='ocrx_word' id='word_1_771' title='bbox 1283 2530 1344 2568; x_wconf 87' lang='lat' dir='ltr'>dri</span> <span class='ocrx_word' id='word_1_772' title='bbox 1375 2529 1460 2568; x_wconf 82' lang='lat' dir='ltr'><strong>VII.</strong></span> <span class='ocrx_word' id='word_1_773' title='bbox 1490 2530 1811 2581; x_wconf 82' lang='lat' dir='ltr'>Constitutiones,</span> <span class='ocrx_word' id='word_1_774' title='bbox 1840 2532 2052 2573; x_wconf 79' lang='lat' dir='ltr'>Innocentii</span> <span class='ocrx_word' id='word_1_775' title='bbox 2080 2548 2234 2586; x_wconf 86' lang='lat' dir='ltr'>quoque</span> <span class='ocrx_word' id='word_1_776' title='bbox 2265 2534 2357 2574; x_wconf 79' lang='lat' dir='ltr'>xli.</span> 
     </span>
    </p>

    <p class='ocr_par' dir='ltr' id='par_1_12' title="bbox 2170 2586 2304 2634">
     <span class='ocr_line' id='line_1_106' title="bbox 2170 2586 2304 2634; baseline 0.007 -11"><span class='ocrx_word' id='word_1_777' title='bbox 2170 2615 2196 2634; x_wconf 90' lang='lat'><strong>„</strong></span> <span class='ocrx_word' id='word_1_778' title='bbox 2214 2586 2304 2624; x_wconf 87' lang='lat' dir='ltr'>Bre-</span> 
     </span>
    </p>
   </div>
   <div class='ocr_carea' id='block_1_7' title="bbox 1230 2689 2357 3388">
    <p class='ocr_par' dir='ltr' id='par_1_13' title="bbox 1230 2689 2357 3388">
     <span class='ocr_line' id='line_1_107' title="bbox 1232 2689 2354 2736; baseline 0.004 -13"><span class='ocrx_word' id='word_1_779' title='bbox 1232 2698 1308 2723; x_wconf 88' lang='lat' dir='ltr'>tnm</span> <span class='ocrx_word' id='word_1_780' title='bbox 1334 2698 1385 2723; x_wconf 88' lang='lat' dir='ltr'>est</span> <span class='ocrx_word' id='word_1_781' title='bbox 1411 2702 1523 2736; x_wconf 85' lang='lat' dir='ltr'>opus,</span> <span class='ocrx_word' id='word_1_782' title='bbox 1550 2691 1606 2725; x_wconf 87' lang='lat' dir='ltr'>cni</span> <span class='ocrx_word' id='word_1_783' title='bbox 1628 2691 1776 2733; x_wconf 77' lang='lat' dir='ltr'>titulus:</span> <span class='ocrx_word' id='word_1_784' title='bbox 1807 2691 2042 2733; x_wconf 51' lang='lat' dir='ltr'>Bibliothecae</span> <span class='ocrx_word' id='word_1_785' title='bbox 2060 2689 2286 2734; x_wconf 79' lang='lat' dir='ltr'>Janseniste,</span> <span class='ocrx_word' id='word_1_786' title='bbox 2310 2707 2354 2728; x_wconf 75' lang='lat' dir='ltr'>0oe</span> 
     </span>
     <span class='ocr_line' id='line_1_108' title="bbox 1232 2736 2354 2788; baseline 0.006 -20"><span class='ocrx_word' id='word_1_787' title='bbox 1232 2738 1421 2782; x_wconf 75' lang='lat' dir='ltr'>Catulogue</span> <span class='ocrx_word' id='word_1_788' title='bbox 1446 2739 1684 2783; x_wconf 68' lang='lat' dir='ltr'>alphabetique</span> <span class='ocrx_word' id='word_1_789' title='bbox 1709 2740 1772 2772; x_wconf 85' lang='lat' dir='ltr'>des</span> <span class='ocrx_word' id='word_1_790' title='bbox 1798 2740 1903 2770; x_wconf 66' lang='lat' dir='ltr'>liures</span> <span class='ocrx_word' id='word_1_791' title='bbox 1929 2736 2152 2771; x_wconf 75' lang='lat' dir='ltr'>Jansenistes</span> <span class='ocrx_word' id='word_1_792' title='bbox 2168 2760 2179 2779; x_wconf 92' lang='lat'>‚</span> <span class='ocrx_word' id='word_1_793' title='bbox 2204 2738 2354 2788; x_wconf 72' lang='lat' dir='ltr'>Bajnni&#39;-</span> 
     </span>
     <span class='ocr_line' id='line_1_109' title="bbox 1233 2784 2351 2829; baseline 0.003 -14"><span class='ocrx_word' id='word_1_794' title='bbox 1233 2792 1331 2824; x_wconf 77' lang='lat' dir='ltr'>stes,</span> <span class='ocrx_word' id='word_1_795' title='bbox 1357 2797 1397 2817; x_wconf 85' lang='lat' dir='ltr'>ou</span> <span class='ocrx_word' id='word_1_796' title='bbox 1425 2793 1580 2829; x_wconf 77' lang='lat' dir='ltr'>suspects</span> <span class='ocrx_word' id='word_1_797' title='bbox 1607 2786 1651 2817; x_wconf 72' lang='grc' dir='ltr'>(ἴε</span> <span class='ocrx_word' id='word_1_798' title='bbox 1677 2796 1734 2817; x_wconf 84' lang='lat' dir='ltr'>ces</span> <span class='ocrx_word' id='word_1_799' title='bbox 1760 2794 1894 2816; x_wconf 83' lang='lat' dir='ltr'>erreiirs</span> <span class='ocrx_word' id='word_1_800' title='bbox 1923 2791 1976 2815; x_wconf 91' lang='lat'>20.</span> <span class='ocrx_word' id='word_1_801' title='bbox 2003 2784 2097 2828; x_wconf 84' lang='lat' dir='ltr'>Sept.</span> <span class='ocrx_word' id='word_1_802' title='bbox 2123 2785 2248 2829; x_wconf 74' lang='lat'><strong>1740.;</strong></span> <span class='ocrx_word' id='word_1_803' title='bbox 2275 2796 2351 2821; x_wconf 68' lang='lat' dir='ltr'>trun</span> 
     </span>
     <span class='ocr_line' id='line_1_110' title="bbox 1232 2826 2353 2876; baseline 0.004 -14"><span class='ocrx_word' id='word_1_804' title='bbox 1232 2830 1325 2862; x_wconf 86' lang='lat' dir='ltr'>aliud</span> <span class='ocrx_word' id='word_1_805' title='bbox 1352 2831 1466 2864; x_wconf 88' lang='lat' dir='ltr'>simile</span> <span class='ocrx_word' id='word_1_806' title='bbox 1492 2842 1578 2876; x_wconf 86' lang='lat' dir='ltr'>opus</span> <span class='ocrx_word' id='word_1_807' title='bbox 1606 2830 1836 2873; x_wconf 84' lang='lat' dir='ltr'>inscriptum:</span> <span class='ocrx_word' id='word_1_808' title='bbox 1876 2826 2122 2865; x_wconf 67' lang='lat' dir='ltr'>Dtccionnaire</span> <span class='ocrx_word' id='word_1_809' title='bbox 2147 2834 2211 2867; x_wconf 85' lang='lat' dir='ltr'>des</span> <span class='ocrx_word' id='word_1_810' title='bbox 2248 2835 2353 2868; x_wconf 68' lang='lat' dir='ltr'>liores</span> 
     </span>
     <span class='ocr_line' id='line_1_111' title="bbox 1232 2874 2354 2919; baseline 0.007 -14"><span class='ocrx_word' id='word_1_811' title='bbox 1232 2875 1476 2918; x_wconf 66' lang='lat' dir='ltr'>Jansenisee-s,</span> <span class='ocrx_word' id='word_1_812' title='bbox 1500 2889 1542 2911; x_wconf 79' lang='lat' dir='ltr'>ou</span> <span class='ocrx_word' id='word_1_813' title='bbox 1566 2880 1620 2919; x_wconf 76' lang='lat' dir='ltr'>qni</span> <span class='ocrx_word' id='word_1_814' title='bbox 1636 2875 1837 2918; x_wconf 69' lang='lat' dir='ltr'>fcit-orisent</span> <span class='ocrx_word' id='word_1_815' title='bbox 1860 2876 1894 2909; x_wconf 88' lang='lat' dir='ltr'>Ie</span> <span class='ocrx_word' id='word_1_816' title='bbox 1918 2874 2137 2911; x_wconf 78' lang='lat' dir='ltr'>Jansenisme</span> <span class='ocrx_word' id='word_1_817' title='bbox 2167 2891 2221 2911; x_wconf 78' lang='grc' dir='ltr'>Η.</span> <span class='ocrx_word' id='word_1_818' title='bbox 2246 2879 2354 2913; x_wconf 66' lang='lat' dir='ltr'>Mart.</span> 
     </span>
     <span class='ocr_line' id='line_1_112' title="bbox 1237 2922 2354 2965; baseline 0.005 -11"><span class='ocrx_word' id='word_1_819' title='bbox 1237 2922 1338 2965; x_wconf 72' lang='lat'><strong>1754.</strong></span> <span class='ocrx_word' id='word_1_820' title='bbox 1370 2925 1487 2957; x_wconf 77' lang='lat' dir='ltr'>Etiam</span> <span class='ocrx_word' id='word_1_821' title='bbox 1506 2924 1541 2955; x_wconf 76' lang='lat' dir='ltr'>P.</span> <span class='ocrx_word' id='word_1_822' title='bbox 1557 2922 1686 2954; x_wconf 78' lang='lat' dir='ltr'>Gliazzi</span> <span class='ocrx_word' id='word_1_823' title='bbox 1715 2932 1877 2955; x_wconf 78' lang='lat' dir='ltr'>revocare</span> <span class='ocrx_word' id='word_1_824' title='bbox 1903 2930 2044 2956; x_wconf 79' lang='lat' dir='ltr'>coactns</span> <span class='ocrx_word' id='word_1_825' title='bbox 2068 2931 2120 2957; x_wconf 86' lang='lat' dir='ltr'>est</span> <span class='ocrx_word' id='word_1_826' title='bbox 2138 2925 2354 2960; x_wconf 70' lang='lat' dir='ltr'>Jansenismi</span> 
     </span>
     <span class='ocr_line' id='line_1_113' title="bbox 1233 2966 2357 3013; baseline 0.004 -12"><span class='ocrx_word' id='word_1_827' title='bbox 1233 2979 1418 3003; x_wconf 80' lang='lat' dir='ltr'>censuram</span> <span class='ocrx_word' id='word_1_828' title='bbox 1435 2966 1646 3013; x_wconf 75' lang='lat' dir='ltr'>quibusdam</span> <span class='ocrx_word' id='word_1_829' title='bbox 1672 2966 1875 3002; x_wconf 83' lang='lat' dir='ltr'>orthodoxis</span> <span class='ocrx_word' id='word_1_830' title='bbox 1898 2968 2123 3013; x_wconf 86' lang='lat' dir='ltr'>opinionibus</span> <span class='ocrx_word' id='word_1_831' title='bbox 2151 2972 2286 3005; x_wconf 71' lang='lat' dir='ltr'>incante</span> <span class='ocrx_word' id='word_1_832' title='bbox 2313 2973 2357 3005; x_wconf 80' lang='lat' dir='ltr'>ii-</span> 
     </span>
     <span class='ocr_line' id='line_1_114' title="bbox 1234 3013 2355 3060; baseline 0.007 -15"><span class='ocrx_word' id='word_1_833' title='bbox 1234 3013 1361 3048; x_wconf 76' lang='lat' dir='ltr'>latam.</span> <span class='ocrx_word' id='word_1_834' title='bbox 1402 3016 1509 3060; x_wconf 75' lang='lat' dir='ltr'>Quam</span> <span class='ocrx_word' id='word_1_835' title='bbox 1534 3016 1630 3047; x_wconf 81' lang='lat' dir='ltr'>multi</span> <span class='ocrx_word' id='word_1_836' title='bbox 1647 3034 1658 3052; x_wconf 93' lang='lat'><em>‚</em></span> <span class='ocrx_word' id='word_1_837' title='bbox 1697 3013 1810 3059; x_wconf 85' lang='lat' dir='ltr'>inquit</span> <span class='ocrx_word' id='word_1_838' title='bbox 1835 3015 1993 3060; x_wconf 82' lang='lat' dir='ltr'>apposite</span> <span class='ocrx_word' id='word_1_839' title='bbox 2020 3015 2062 3050; x_wconf 80' lang='lat' dir='ltr'>ad</span> <span class='ocrx_word' id='word_1_840' title='bbox 2097 3029 2170 3052; x_wconf 83' lang='lat' dir='ltr'>rein</span> <span class='ocrx_word' id='word_1_841' title='bbox 2199 3029 2355 3054; x_wconf 70' lang='lat' dir='ltr'>nostr-iris</span> 
     </span>
     <span class='ocr_line' id='line_1_115' title="bbox 1233 3057 2355 3105; baseline 0.005 -13"><span class='ocrx_word' id='word_1_842' title='bbox 1233 3061 1513 3104; x_wconf 69' lang='lat' dir='ltr'>sapientissimus</span> <span class='ocrx_word' id='word_1_843' title='bbox 1539 3057 1644 3093; x_wconf 86' lang='lat' dir='ltr'>Card.</span> <span class='ocrx_word' id='word_1_844' title='bbox 1663 3059 1735 3093; x_wconf 82' lang='lat' dir='ltr'>Jos.</span> <span class='ocrx_word' id='word_1_845' title='bbox 1760 3061 1850 3105; x_wconf 85' lang='lat' dir='ltr'>Aug.</span> <span class='ocrx_word' id='word_1_846' title='bbox 1877 3062 1955 3097; x_wconf 86' lang='lat' dir='ltr'>Orsi</span> <span class='ocrx_word' id='word_1_847' title='bbox 1987 3060 2087 3096; x_wconf 77' lang='lat' dir='ltr'>Toin.</span> <span class='ocrx_word' id='word_1_848' title='bbox 2106 3065 2188 3099; x_wconf 86' lang='lat' dir='ltr'>XX.</span> <span class='ocrx_word' id='word_1_849' title='bbox 2213 3065 2355 3099; x_wconf 80' lang='lat' dir='ltr'>Hister.</span> 
     </span>
     <span class='ocr_line' id='line_1_116' title="bbox 1234 3104 2354 3151; baseline 0.007 -15"><span class='ocrx_word' id='word_1_850' title='bbox 1234 3105 1336 3140; x_wconf 73' lang='lat' dir='ltr'>Eccl.</span> <span class='ocrx_word' id='word_1_851' title='bbox 1363 3108 1421 3151; x_wconf 80' lang='lat' dir='ltr'>qni</span> <span class='ocrx_word' id='word_1_852' title='bbox 1440 3108 1557 3139; x_wconf 66' lang='lat' dir='ltr'>Romi:²</span> <span class='ocrx_word' id='word_1_853' title='bbox 1578 3104 1705 3149; x_wconf 79' lang='lat' dir='ltr'>prodiit</span> <span class='ocrx_word' id='word_1_854' title='bbox 1724 3118 1779 3139; x_wconf 83' lang='lat' dir='ltr'>an.</span> <span class='ocrx_word' id='word_1_855' title='bbox 1799 3106 1901 3151; x_wconf 78' lang='lat'><strong>1761.</strong></span> <span class='ocrx_word' id='word_1_856' title='bbox 1923 3106 1998 3142; x_wconf 85' lang='lat' dir='ltr'>Lib.</span> <span class='ocrx_word' id='word_1_857' title='bbox 2014 3109 2074 3151; x_wconf 77' lang='grc'>44.</span> <span class='ocrx_word' id='word_1_858' title='bbox 2093 3122 2125 3142; x_wconf 89' lang='lat' dir='ltr'>n.</span> <span class='ocrx_word' id='word_1_859' title='bbox 2144 3111 2198 3144; x_wconf 84' lang='grc'>53.</span> <span class='ocrx_word' id='word_1_860' title='bbox 2214 3133 2224 3151; x_wconf 89' lang='lat'>‚</span> <span class='ocrx_word' id='word_1_861' title='bbox 2251 3116 2354 3145; x_wconf 78' lang='lat' dir='ltr'>etiam</span> 
     </span>
     <span class='ocr_line' id='line_1_117' title="bbox 1234 3153 2353 3201; baseline 0.005 -17"><span class='ocrx_word' id='word_1_862' title='bbox 1234 3155 1553 3194; x_wconf 64' lang='lat' dir='ltr'>impraesentiarum,</span> <span class='ocrx_word' id='word_1_863' title='bbox 1589 3153 1749 3194; x_wconf 78' lang='lat' dir='ltr'>quosdam</span> <span class='ocrx_word' id='word_1_864' title='bbox 1781 3153 1996 3188; x_wconf 79' lang='lat' dir='ltr'>Jansenismi</span> <span class='ocrx_word' id='word_1_865' title='bbox 2033 3169 2195 3190; x_wconf 62' lang='lat' dir='ltr'>accus-are</span> <span class='ocrx_word' id='word_1_866' title='bbox 2228 3171 2353 3201; x_wconf 66' lang='lat' dir='ltr'>prasii·</span> 
     </span>
     <span class='ocr_line' id='line_1_118' title="bbox 1232 3199 2352 3245; baseline 0.005 -15"><span class='ocrx_word' id='word_1_867' title='bbox 1232 3207 1349 3237; x_wconf 77' lang='lat' dir='ltr'>niunt;</span> <span class='ocrx_word' id='word_1_868' title='bbox 1375 3203 1431 3242; x_wconf 70' lang='lat' dir='ltr'>qui</span> <span class='ocrx_word' id='word_1_869' title='bbox 1458 3203 1488 3230; x_wconf 84' lang='lat' dir='ltr'>si</span> <span class='ocrx_word' id='word_1_870' title='bbox 1514 3199 1555 3234; x_wconf 73' lang='lat' dir='ltr'>ab</span> <span class='ocrx_word' id='word_1_871' title='bbox 1581 3201 1671 3242; x_wconf 83' lang='lat' dir='ltr'>ipsis</span> <span class='ocrx_word' id='word_1_872' title='bbox 1697 3204 1981 3242; x_wconf 79' lang='lat' dir='ltr'>sciscitaremur,</span> <span class='ocrx_word' id='word_1_873' title='bbox 2006 3204 2088 3245; x_wconf 77' lang='lat' dir='ltr'>qnid</span> <span class='ocrx_word' id='word_1_874' title='bbox 2113 3202 2352 3237; x_wconf 80' lang='lat' dir='ltr'>Junsenismns</span> 
     </span>
     <span class='ocr_line' id='line_1_119' title="bbox 1232 3246 2347 3290; baseline 0.005 -13"><span class='ocrx_word' id='word_1_875' title='bbox 1232 3249 1304 3284; x_wconf 81' lang='lat' dir='ltr'>sit,</span> <span class='ocrx_word' id='word_1_876' title='bbox 1331 3246 1538 3287; x_wconf 77' lang='lat' dir='ltr'>respondere</span> <span class='ocrx_word' id='word_1_877' title='bbox 1561 3246 1861 3290; x_wconf 60' lang='lat' dir='ltr'>adsit-ingerentur</span> <span class='ocrx_word' id='word_1_878' title='bbox 1878 3269 1890 3288; x_wconf 89' lang='lat'>,</span> <span class='ocrx_word' id='word_1_879' title='bbox 1929 3260 1966 3280; x_wconf 87' lang='lat' dir='ltr'>se</span> <span class='ocrx_word' id='word_1_880' title='bbox 1993 3253 2129 3282; x_wconf 86' lang='lat' dir='ltr'>nescire</span> <span class='ocrx_word' id='word_1_881' title='bbox 2148 3273 2156 3280; x_wconf 90' lang='lat'><strong>.</strong></span> <span class='ocrx_word' id='word_1_882' title='bbox 2197 3249 2268 3283; x_wconf 81' lang='lat' dir='ltr'>His</span> <span class='ocrx_word' id='word_1_883' title='bbox 2297 3263 2347 3283; x_wconf 80' lang='lat' dir='ltr'>se-</span> 
     </span>
     <span class='ocr_line' id='line_1_120' title="bbox 1230 3291 2351 3341; baseline 0.006 -16"><span class='ocrx_word' id='word_1_884' title='bbox 1230 3292 1370 3325; x_wconf 80' lang='lat' dir='ltr'>cundnm</span> <span class='ocrx_word' id='word_1_885' title='bbox 1396 3291 1436 3322; x_wconf 89' lang='lat' dir='ltr'>S.</span> <span class='ocrx_word' id='word_1_886' title='bbox 1466 3291 1668 3336; x_wconf 84' lang='lat' dir='ltr'>Gregorimn</span> <span class='ocrx_word' id='word_1_887' title='bbox 1692 3292 1746 3326; x_wconf 82' lang='lat' dir='ltr'>M.</span> <span class='ocrx_word' id='word_1_888' title='bbox 1772 3295 1955 3328; x_wconf 82' lang='lat' dir='ltr'>dicendum</span> <span class='ocrx_word' id='word_1_889' title='bbox 1981 3304 2102 3334; x_wconf 54' lang='lat' dir='ltr'>essem</span> <span class='ocrx_word' id='word_1_890' title='bbox 2140 3304 2255 3332; x_wconf 77' lang='lat' dir='ltr'>tacete</span> <span class='ocrx_word' id='word_1_891' title='bbox 2281 3300 2351 3341; x_wconf 70' lang='lat' dir='ltr'>igi·</span> 
     </span>
     <span class='ocr_line' id='line_1_121' title="bbox 1231 3341 2165 3388; baseline 0.006 -18"><span class='ocrx_word' id='word_1_892' title='bbox 1231 3347 1296 3379; x_wconf 73' lang='lat' dir='ltr'>tur,</span> <span class='ocrx_word' id='word_1_893' title='bbox 1322 3350 1383 3372; x_wconf 89' lang='lat' dir='ltr'>nec</span> <span class='ocrx_word' id='word_1_894' title='bbox 1409 3345 1475 3375; x_wconf 78' lang='lat' dir='ltr'>tam</span> <span class='ocrx_word' id='word_1_895' title='bbox 1501 3342 1699 3386; x_wconf 79' lang='lat' dir='ltr'>ignorantes</span> <span class='ocrx_word' id='word_1_896' title='bbox 1724 3343 1815 3376; x_wconf 76' lang='lat' dir='ltr'>alios</span> <span class='ocrx_word' id='word_1_897' title='bbox 1835 3341 2000 3388; x_wconf 69' lang='lat' dir='ltr'>judicare</span> <span class='ocrx_word' id='word_1_898' title='bbox 2026 3345 2165 3379; x_wconf 64' lang='lat' dir='ltr'>vetitis.</span> 
     </span>
    </p>
   </div>
  </div>
 </body>
</html>
