2562 3694
745 133 825 178 DE
859 130 1174 176 NECESSIT.
1206 129 1365 175 FIDEI
1401 129 1485 173 AD
1517 129 1732 175 SALUT.

68 218 239 259 bonitate
268 217 369 266 Dei,
399 216 464 268 qui
493 225 635 253 omnes
664 212 845 252 homines
873 213 948 250 vult
969 210 1187 263 salvos-fie-

72 277 134 320 ri,
166 273 195 310 Ι.
225 272 332 310 Tim.
354 270 476 316 H.4.‚
514 271 665 320 exigere
694 268 743 305 ab
772 266 952 304 omnibus
981 264 1097 303 fidem
1127 278 1189 301 sn-

69 323 354 377 pernaturalem
377 352 387 369 ,
417 336 506 374 quae
536 321 863 374 quamplurimis,
893 320 958 371 qni
991 317 1086 356 nihil
1119 331 1190 354 un-

69 393 186 430 quam
215 377 261 413 de
290 374 373 413 Deo
401 386 552 413 auctore
581 376 713 426 gratiae
731 404 741 421 ,
785 383 847 412 ant
877 373 924 409 tle
952 371 1094 410 Messia
1123 384 1189 407 au-

68 431 274 477 diverunt,
305 438 355 466 est
385 442 538 467 ommno
568 427 841 480 impossibilis:
871 435 909 463 ut
938 427 1039 462 enim
1061 423 1189 474 ajebat

64 480 264 535 Apostolus
295 481 403 519 Rom.
436 481 487 520 Χ.
523 481 606 527 ι4.;
638 511 664 529 ,,
695 479 896 527 Quomodo
926 492 1014 528 ergo
1036 478 1187 515 invoca-

65 564 92 584 „
121 534 243 582 bunt,
274 536 313 573 in
344 549 461 586 quem
491 547 564 572 non
594 535 866 577 credidernnt3
904 542 967 569 aut
996 529 1188 582 quomodo

61 616 90 637 ,‚
118 587 271 626 credent
301 589 362 636 ei,
392 602 507 640 quem
538 601 612 626 non
641 585 871 626 audierunt?
901 584 1090 636 quomodo
1119 597 1187 619 au-

62 669 90 689 „
119 650 195 679 tem
226 640 382 679 audient
411 644 492 678 sine
523 642 754 692 praedicante
780 639 838 677 “?
869 639 972 676 Deus
992 646 1117 674 autem
1135 638 1186 671 (t)-

61 695 205 746 ptimus
235 694 431 732 Maximus
461 693 716 745 impossibilia
747 706 819 732 non
840 692 975 743 jubet.
1005 689 1187 728 Secundo

57 756 182 786 nostra
212 750 393 786 sententia
423 757 564 800 pugnat
594 749 708 785 etiam
739 760 828 784 cnm
857 759 900 782 ea
929 746 1085 782 veritate
1114 756 1184 779 sce-

61 801 150 852 pius
180 802 218 840 in
248 800 457 852 Scripturis
487 802 701 846 insinuata,
731 799 832 850 qual
861 811 942 835 non
972 807 1029 835 est
1050 809 1184 846 perso-

62 866 212 891 narum
240 863 429 904 acceptor
458 853 593 901 Dens,
622 854 692 892 sal
722 858 762 890 in
792 856 901 890 omni
930 860 1047 901 geute
1066 880 1075 895 ‚
1119 862 1184 899 (suc

60 911 174 945 timet
195 906 328 945 Deum
345 937 355 956 ,
386 907 435 948 69·
454 916 642 959 operatur
665 910 861 955 justitium
879 935 889 952 ‚
919 914 1104 952 acceptus
1126 912 1183 939 est

61 961 144 999 illt.
176 960 260 1000 Act.
281 961 333 999 X.
350 961 414 1007 54.
433 992 443 1008 ,
473 960 507 997 ἃ
531 960 640 999 Rom.
660 962 706 999 ll.
735 974 816 1006 ii.,
847 958 880 995 δε
903 958 1020 995 alibi.
1055 954 1184 993 Temo

61 1023 204 1065 pugnat
245 1028 335 1053 cum
377 1017 565 1053 axiomate
604 1015 672 1052 illo
702 1013 957 1061 Theologico:
1004 1009 1184 1047 Eicientc‘

60 1066 165 1117 quod
194 1071 234 1105 in
264 1081 307 1106 se
336 1077 420 1117 est,
451 1067 562 1106 Deus
591 1082 672 1105 non
700 1067 897 1116 denegat,
925 1067 1128 1115 gratiam.

114 1121 178 1158 52.
211 1120 322 1172 Resp.
351 1123 398 1160 ad
426 1125 600 1170 primum
622 1150 632 1168 ‚
663 1122 856 1172 supposito
887 1127 1040 1167 peccato
1067 1117 1184 1167 origi-

56 1173 163 1221 nali,
206 1173 356 1212 nullam
392 1175 538 1212 dlvinae
569 1174 726 1212 bonitati
769 1170 964 1210 maculam
1005 1173 1183 1222 aspergi,

61 1228 208 1264 etiamsi
238 1238 371 1264 omnes
400 1239 551 1278 prorsus
582 1226 752 1265 homines
783 1227 821 1263 in
853 1238 973 1262 massa
1003 1225 1183 1275 perditio-

57 1280 117 1318 nis
130 1280 413 1317 desererentur:
444 1309 470 1328 ,‚
495 1280 636 1328 Nulla,
664 1283 788 1331 inquit
805 1277 1076 1316 Bellarminus
1097 1275 1183 1315 Lib.

57 1362 86 1382 „
115 1331 170 1370 Il.
198 1333 245 1370 de
274 1332 412 1381 Grat.‚
443 1333 477 1370 8t
506 1334 596 1372 Lib.
627 1333 712 1372 arb.
742 1345 832 1383 cap.
854 1331 892 1377 4.
924 1340 1015 1369 esset
1047 1333 1084 1368 in
1101 1331 1184 1368 Deo

57 1415 86 1435 ,‚
116 1386 296 1436 iniquitas
315 1415 326 1435 ,
353 1387 384 1424 si
415 1399 486 1424 nou
515 1387 638 1425 solum
669 1386 867 1439 aliquibus
884 1416 894 1433 ‚
925 1385 988 1423 sed
1009 1385 1123 1422 etiam
1143 1398 1182 1422 o-

57 1468 85 1487 „
115 1437 269 1476 mnibus
297 1439 486 1478 auxilium
516 1439 706 1478 sufficiens
735 1441 781 1478 ad
812 1438 974 1478 salutem
1005 1446 1183 1490 negaret.

59 1520 86 1540 ‚‚
117 1491 214 1530 Haec
244 1494 452 1544 propositio
480 1495 690 1532 certissima
720 1502 774 1531 est
803 1493 903 1544 apud
933 1505 1022 1540 eos,
1053 1493 1183 1542 quiex

56 1573 85 1592 „
113 1544 254 1583 divinis
268 1545 420 1584 Litteris
433 1556 632 1598 peccatum
647 1545 835 1599 originale
852 1555 1032 1584 noverunt
1049 1545 1119 1584 ἃς.
1137 1548 1182 1581 “z

57 1597 93 1633 ἃ
120 1607 207 1636 ante
235 1597 513 1638 Bellarminum
543 1600 584 1637 S.
601 1600 771 1637 Thomas
789 1613 825 1637 2.
845 1613 882 1637 2.
897 1608 1034 1650 quaest.
1054 1613 1090 1638 2.
1109 1607 1181 1636 art.

55 1650 95 1688 5.
125 1651 173 1689 ad
199 1663 257 1689 r.:
301 1680 327 1698 ‚,
355 1650 399 1689 Si
427 1653 466 1690 in
494 1660 676 1704 potestate
705 1652 869 1689 hominis
887 1680 897 1697 ,
927 1655 1050 1700 inquit
1069 1681 1080 1699 ‚
1110 1651 1181 1688 ali-

53 1733 82 1753 „
111 1703 205 1756 quid
235 1717 312 1742 esse
338 1703 515 1753 dicatur,
558 1705 710 1744 excluso
747 1702 895 1748 auxilio
922 1705 1053 1754 gratiae
1072 1732 1082 1750 ‚
1127 1705 1183 1740 sie

57 1786 85 1805 „
115 1758 163 1796 ad
192 1756 315 1795 multa
343 1766 491 1796 tenetur
521 1757 662 1807 homo,
693 1758 740 1796 ad
769 1770 858 1810 quae
889 1768 961 1794 nou
992 1763 1107 1808 potest
1133 1757 1184 1794 si-

56 1839 83 1858 „
112 1823 160 1848 ne
189 1811 310 1862 gratia
339 1820 538 1864 reparante
556 1842 567 1860 ,
596 1813 694 1851 sicut
713 1811 760 1849 ad
774 1809 1016 1861 diligendum
1032 1809 1184 1857 Deum,

54 1891 82 1911 ,‚
113 1862 146 1899 8<
176 1866 419 1915 proximum,
450 1865 485 1902 8⁸:
514 1865 692 1904 similiter
718 1865 766 1904 ad
786 1863 1020 1903 credendum
1041 1863 1183 1901 articu-

55 1945 82 1964 „
114 1915 166 1952 los
195 1916 304 1955 fidei:
333 1918 396 1956 sed
427 1927 551 1957 tamen
571 1918 642 1957 hoc
664 1927 782 1971 potest
810 1930 900 1956 cum
930 1916 1078 1955 auxilio
1096 1930 1181 1967 gra-

53 1998 82 2018 „
110 1970 198 2014 tiae;
239 1970 341 2022 quod
371 1972 527 2024 quidem
557 1973 748 2011 auxilium
778 1971 1091 2024 quibuscumque
1122 1969 1180 2006 di—

56 2052 83 2071 „
112 2023 254 2062 vinitus
280 2024 419 2073 datur,
449 2027 744 2064 misericorditer
771 2026 911 2070 datur;
941 2023 1083 2076 quibus
1112 2036 1180 2059 au-

55 2103 82 2124 „
111 2084 189 2114 tem
217 2077 447 2128 mundatur,
476 2079 683 2131 exjustitia
704 2079 933 2125 non-datur,
962 2077 1179 2128 iupoenam

56 2158 83 2177 „
112 2130 389 2181 praeeedentis,
436 2142 502 2170 aut
529 2132 663 2170 saltem
691 2131 888 2183 originalis
917 2131 1063 2182 peccati
1081 2158 1092 2176 ,
1141 2137 1181 2167 nt

54 2209 82 2230 ‚,
110 2181 152 2221 S.
169 2184 403 2235 Augustinus
429 2185 523 2223 dicit
550 2185 598 2223 de
625 2193 790 2237 corrept.
821 2183 856 2220 8(
883 2184 1004 2235 gratia
1033 2195 1124 2234 cap.
1143 2183 1182 2221 5.

55 2265 82 2285 ,,
111 2235 161 2276 Θ
190 2235 231 2274 6.
259 2239 287 2258 ιι
304 2262 315 2275 0

109 2288 173 2327 53.
204 2288 245 2326 ld
276 2303 365 2328 vero
405 2291 618 2330 absurdum
658 2292 822 2331 minime
851 2305 954 2338 esse,
999 2289 1179 2343 liquido,

53 2350 210 2395 apparet
238 2344 278 2380 iu
307 2344 485 2398 exemplo
514 2354 563 2384 tot
591 2359 800 2398 puerorum
819 2376 829 2395 ,
872 2345 941 2397 qui
985 2346 1028 2382 in
1071 2353 1180 2382 utero

51 2396 184 2434 matris
212 2396 426 2447 decedunt,
468 2400 562 2451 quin
592 2398 717 2438 ullum
760 2407 935 2451 suppetat
971 2397 1144 2436 medium
1164 2427 1176 2446 ‚

51 2461 128 2502 quo
158 2463 226 2502 per
253 2449 489 2503 baptismum
517 2453 716 2504 originalis
744 2466 842 2491 noxa
886 2454 924 2490 in
967 2452 1014 2490 iis
1056 2450 1176 2490 deleri

49 2503 165 2555 possit
182 2529 193 2542 .
222 2503 559 2551 Quemadmodum
578 2507 679 2545 enim
694 2506 772 2546 fide
787 2516 934 2545 certum
949 2514 1002 2544 est
1019 2536 1029 2554 ,
1044 2518 1177 2544 omnes

46 2558 137 2595 istos
152 2569 289 2609 pueros
305 2558 383 2598 sola
403 2561 548 2611 peccati
564 2561 763 2612 originalis
783 2560 870 2599 labe
885 2572 1053 2611 aspersos
1069 2589 1080 2608 ,
1109 2572 1177 2597 cu-

47 2608 282 2664 juscumque
307 2622 434 2651 autem
456 2613 612 2652 alterius
644 2615 791 2666 peccati
811 2615 1005 2652 immunes
1022 2643 1034 2660 ‚
1063 2611 1175 2651 nulla

47 2675 154 2714 posse
174 2666 319 2703 ratione
333 2666 502 2713 salvari,
531 2669 629 2720 quin
656 2676 783 2706 tamen
812 2667 959 2720 aliquid
977 2666 1037 2705 vel
1059 2668 1174 2705 mini-

47 2728 158 2754 mum
178 2718 322 2757 divinae
343 2720 506 2760 bonitati
527 2721 752 2773 derogetur:
782 2723 835 2760 ita
856 2720 980 2758 multo
999 2722 1127 2759 minus
1143 2721 1173 2758 i-

47 2769 212 2821 niquitas
233 2773 302 2810 erit
317 2775 420 2826 apud
435 2775 564 2812 Deum
580 2805 591 2823 ‚
621 2775 651 2813 si
682 2775 776 2814 alios
800 2774 974 2815 homines
991 2804 1002 2822 ,
1033 2774 1174 2813 nedum

46 2822 225 2874 originali
241 2824 385 2878 culpa,
414 2829 478 2866 sed
508 2827 592 2866 aliis
621 2829 736 2867 etiam
759 2828 965 2867 sceleribus
988 2827 1175 2879 pollutos,

44 2876 87 2913 in
118 2877 279 2915 tenebris
306 2880 554 2930 gentilitatis,
595 2881 629 2918 8(
659 2883 698 2921 in
729 2883 868 2921 umbra
898 2882 1029 2919 mortis
1058 2880 1173 2919 relin-

44 2939 161 2980 quat,
191 2930 258 2969 ubi
287 2932 390 2971 salus
418 2935 511 2987 ipsis
540 2933 656 2987 plane
684 2934 935 2989 impossibilis
965 2943 1046 2973 est.
1096 2932 1173 2972 Vo-

45 2980 102 3020 bis
130 2995 207 3021 ora
232 2982 463 3035 obstruunt,
492 2989 644 3027 dicebat
672 2989 766 3029 olim
797 2992 837 3029 in
866 2989 984 3028 simili
1008 2989 1173 3026 occasio-

44 3049 96 3073 ne
125 3035 341 3089 Pelagianis
368 3037 410 3078 S.
428 3040 682 3093 Augustinus,
712 3044 764 3085 (J
784 3044 943 3096 linguas
959 3051 1143 3094 premunt
1160 3072 1173 3090 ‚

46 3093 112 3139 qui
141 3091 242 3143 loqui
270 3091 449 3130 nondum
478 3095 610 3132 valent
627 3122 638 3134 .
682 3095 783 3134 lllud
821 3106 950 3134 tamen
992 3098 1090 3133 serio
1117 3104 1173 3133 at-

47 3143 281 3184 tendendum
303 3155 354 3185 est
372 3177 382 3195 ‚
412 3148 514 3199 quod
543 3149 638 3186 sicut
669 3148 842 3202 parvulis
861 3163 938 3188 uon
960 3150 1175 3201 imputatur

49 3194 99 3235 ad
124 3197 310 3255 culpam,
352 3201 382 3238 si
419 3201 654 3253 baptismum
689 3212 770 3242 non
799 3203 1014 3254 recipiant,
1056 3217 1173 3254 quem

51 3259 246 3301 recipere,
289 3267 335 3292 ne
366 3264 506 3303 neunt,
549 3256 613 3293 sed
641 3256 763 3294 solum
806 3257 847 3293 in
886 3257 976 3307 ipsis
1005 3265 1177 3294 remanet

52 3299 170 3361 culpa
196 3268 424 3357 orignalis,
464 3323 554 3362 qnae
583 3309 701 3347 deleri
731 3312 814 3347 sine
843 3309 1070 3361 baptismate
1113 3324 1177 3346 ne·-

51 3364 163 3410 qulti
205 3357 257 3399 ita
284 3360 510 3404 infidelibus
536 3376 627 3418 „nou
655 3364 869 3417 imputatur
911 3362 959 3402 ad
989 3362 1147 3416 culpam
1163 3392 1178 3413 ,

2243 137 2315 184 ¹4¹

1257 210 1355 263 quod
1386 222 1460 246 non
1483 210 1634 247 cre-«lunt
1657 225 1698 246 ea
1717 240 1727 257 ,
1756 224 1845 262 quae
1868 211 1956 262 ipsis
1975 224 2050 250 non
2073 213 2349 250 annunciantur
2366 239 2376 249 .

1314 262 1376 307 54.
1402 263 1586 299 Audiatnr
1602 261 1641 298 S.
1660 263 1826 302 Thomas
1845 279 1881 302 2.
1900 279 1935 302 2.
1951 280 2017 317 qn.
2046 279 2104 303 lo.
2121 275 2192 304 art.
2216 280 2248 303 ι.
2266 295 2276 312 ,
2308 265 2375 304 nbi

1256 317 1389 363 docet,
1421 315 1515 353 hanc
1546 315 1807 353 infitlclitattm
1841 332 1932 368 pure
1953 324 2182 369 negativam
2215 318 2374 367 inillis,

1256 372 1321 422 qui
1354 368 1447 407 nihil
1479 368 1678 406 audierunt
1708 368 1753 404 (le
1783 369 1884 417 side,
1915 385 1993 408 non
2015 371 2157 410 habere
2172 376 2372 410 rationem

1256 427 1433 474 peccati,
1463 420 1532 460 secl
1561 425 1693 472 magis
1722 435 1874 470 paenoe;
1904 437 1996 472 quur.
2027 427 2120 462 tali·-
2141 429 2373 475 ignorantia

1256 476 1473 513 dit-[nornen
1518 487 1570 512 ex
1598 485 1762 523 peccato
1791 479 1907 523 primi
1937 483 2112 525 parentis
2155 488 2370 516 consecuta

1255 540 1333 568 est.
1367 530 1449 567 l’ost
1478 539 1603 566 antem
1634 529 1758 567 addit:
1791 558 1815 575 ‚‚
1847 529 1923 575 Qui
1955 540 2079 567 autem
2102 533 2152 568 sic
2183 541 2263 570 sunt
2289 530 2374 570 infi-

1257 613 1283 630 „
1314 582 1441 631 deles,
1471 584 1702 621 damnantur
1730 582 1886 632 quidem
1918 592 2069 632 propter
2097 584 2172 621 alia
2195 594 2342 634 peccata
2362 615 2373 634 ,

1257 666 1283 683 ss
1312 651 1400 688 qua:
1431 637 1510 673 sine
1541 636 1616 674 fule
1648 636 1784 674 remitti
1816 649 1889 672 non
1921 646 2100 686 possunt,
2143 651 2217 674 non
2249 650 2375 676 autem

1258 719 1283 736 ,,
1313 691 1541 727 damnantur
1564 698 1714 741 propter
1737 688 1971 726 infidelitatis
1993 699 2193 739 peceatum
2215 694 2240 711 “
2261 717 2271 727 .
2301 691 2374 728 Sed

1254 742 1285 778 ἃ
1318 743 1413 781 illud
1444 742 1688 791 addendum,
1732 743 1857 779 Deum
1890 756 1958 793 pro
1987 743 2139 780 infinita
2169 757 2234 779 sua
2266 744 2377 780 mise·

1253 797 1417 834 ricordia
1446 798 1559 834 etiam
1591 798 1668 834 istis
1698 795 1923 834 infidelibus
1953 806 2089 847 praesto
2117 796 2344 834 adfuturum
2364 827 2376 844 ‚

1252 851 1280 886 si
1314 851 1382 901 ἱρή
1414 851 1555 887 ‹livinae
1578 850 1701 898 lucis,
1731 863 1820 902 qum
1852 848 2049 888 illuminat
2076 862 2231 887 omnem
2255 848 2379 888 homi-

1251 917 1338 940 nem
1355 933 1365 950 ,
1395 913 1551 942 mictum
1583 913 1778 954 sequentes
1793 932 1803 950 ,
1837 903 2029 950 facerent,
2058 904 2158 954 quod
2181 904 2219 941 in
2239 918 2276 941 se
2293 912 2374 941 est.

1253 956 1362 1003 Quod
1395 966 1520 994 tamen
1551 959 1703 995 axioma
1745 965 1843 994 recte
1883 955 2173 1008 intelligendum
2210 965 2292 1005 est,
2338 966 2378 996 ut

1252 1023 1339 1048 mox
1370 1010 1651 1061 explicabimus
1666 1037 1676 1048 .

1306 1065 1372 1102 55.
1406 1065 1460 1102 Ad
1491 1064 1709 1102 secunlum
1741 1064 1790 1101 ita
1821 1063 2020 1116 respondet
2062 1063 2103 1102 S.
2135 1062 2304 1102 Thomas
2339 1079 2375 1103 r.

1253 1132 1291 1155 2.
1322 1127 1457 1168 quaest.
1475 1117 1540 1168 08.
1558 1127 1626 1156 art.
1645 1119 1683 1163 4.
1705 1118 1750 1155 ad
1770 1129 1831 1156 ’,κζ
1862 1147 1887 1165 „
1918 1119 2100 1168 Acceptio
2129 1131 2377 1170 personarum

1252 1200 1278 1218 ‚,
1310 1169 1420 1209 habet
1452 1171 1578 1209 locum
1610 1173 1650 1209 in
1681 1170 1762 1219 his,
1792 1184 1880 1223 quoe
1911 1183 1955 1208 ex
1986 1170 2114 1208 debito
2143 1172 2304 1208 dantur.
2336 1172 2378 1208 ln

1253 1254 1278 1272 ,‚
1309 1223 1366 1262 his
1396 1238 1512 1270 vero;
1555 1238 1642 1276 qua:
1673 1237 1717 1262 ex
1747 1225 1910 1276 gratuita
1939 1224 2136 1262 voluntate
2175 1225 2378 1262 conferun-

1253 1307 1278 1326 „
1309 1285 1370 1314 tur
1386 1308 1396 1326 ,
1417 1279 1588 1330 acceptio
1608 1290 1856 1330 personarum
1878 1276 2009 1315 locum
2028 1291 2102 1315 non
2121 1277 2232 1315 habet
2249 1304 2260 1315 .
2289 1277 2375 1316 Nou

1253 1361 1279 1379 ,‚
1310 1332 1411 1370 enim
1443 1340 1495 1370 est
1527 1344 1775 1383 personarum
1805 1338 2010 1382 acceptor,
2039 1333 2107 1383 qui
2138 1345 2181 1369 ex
2204 1329 2376 1368 liberali-

1252 1415 1277 1432 „
1308 1393 1379 1422 tate
1407 1386 1454 1423 <le
1482 1398 1550 1423 suo
1577 1386 1638 1424 dat
1670 1386 1734 1422 uni
1754 1415 1764 1433 ‚
1793 1383 1827 1421 &
1858 1398 1934 1422 non
1953 1383 2062 1422 alteri
2080 1410 2152 1423 .....
2183 1383 2377 1422 Salutaria.

1251 1468 1276 1486 ‚,
1307 1449 1433 1476 autem
1465 1438 1652 1477 beneficia
1678 1438 1781 1476 Deus
1812 1437 1984 1476 hnmano
2009 1440 2135 1489 generi
2167 1438 2376 1476 consenex

1252 1522 1278 1539 ,‚
1308 1506 1374 1530 sua
1403 1494 1548 1543 gratia:
1579 1493 1678 1531 unde
1706 1505 1781 1530 non
1811 1501 1861 1529 est
1892 1504 2135 1543 personarum
2166 1500 2374 1544 acceptor,

1252 1573 1278 1593 ,‚
1308 1547 1339 1583 si
1368 1546 1600 1598 quibusdam
1633 1559 1712 1596 prae
1743 1545 1830 1583 aliis
1859 1546 2050 1583 conferat:
2095 1545 2194 1582 unde
2222 1545 2264 1582 S.
2296 1547 2376 1582 An-

1251 1628 1277 1647 „
1307 1601 1479 1650 gustinns
1508 1600 1601 1637 dicit
1630 1598 1679 1636 de
1693 1598 1878 1648 praedest.
1908 1597 1978 1636 SS.
2006 1612 2093 1650 cap.
2110 1599 2174 1636 8.;
2203 1599 2377 1646 Omnes,

1252 1681 1278 1699 ‚‚
1308 1665 1402 1704 quos
1432 1652 1535 1690 Deus
1564 1652 1700 1697 docet,
1732 1651 1994 1689 misericordia
2023 1652 2156 1696 docet;
2184 1664 2277 1702 quos
2308 1665 2376 1689 au-

1252 1732 1279 1752 „
1310 1713 1386 1741 tem
1415 1717 1490 1743 non
1522 1705 1654 1751 docet,
1685 1703 1830 1754 judicio
1850 1717 1926 1741 non
1942 1705 2076 1748 docet;
2106 1704 2175 1740 hoc
2196 1704 2297 1740 enim
2314 1718 2379 1741 ve·-

1252 1785 1279 1804 ,,
1309 1758 1364 1794 nit
1394 1770 1438 1794 ex
1468 1757 1711 1794 damnatione
1752 1755 1911 1794 humani
1939 1757 2088 1807 generis
2118 1768 2188 1809 pro
2218 1766 2375 1808 peccato

1254 1838 1281 1858 „
1311 1811 1428 1860 primi
1461 1811 1626 1861 parentis
1655 1813 1681 1831 “
1701 1837 1712 1848 .

1309 1863 1373 1902 56.
1405 1864 1462 1901 Ad
1491 1867 1673 1901 tertium.
1718 1861 1817 1900 lllud
1847 1863 2021 1900 axioma:
2065 1861 2246 1901 Facienti
2274 1863 2378 1913 quod

1251 1919 1292 1952 ιή
1322 1929 1364 1953 se
1393 1925 1479 1963 est,
1508 1915 1620 1954 Deus
1649 1929 1729 1953 non
1759 1915 1932 1966 denegat
1958 1920 2140 1967 gratiam
2171 1915 2242 1954 &c.
2284 1930 2377 1954 cum

1249 1968 1291 2006 S.
1322 1968 1471 2007 Thoma
1489 1999 1499 2017 ‚
1538 1968 1702 2020 aliisque
1730 1968 1938 2006 Catholicis
1967 1969 2169 2021 Theologis
2187 2000 2198 2018 ‚
2241 1972 2376 2022 paucis

1250 2022 1442 2074 exceptis,
1472 2035 1638 2074 quorum
1667 2023 1839 2060 doctrina
1868 2023 1981 2060 nimis
2010 2021 2098 2060 laxa
2127 2032 2208 2070 est,
2251 2024 2298 2060 de
2328 2023 2375 2060 il-

1249 2074 1295 2113 lis
1326 2075 1489 2127 intelligi
1518 2076 1655 2122 debet,
1685 2076 1754 2128 qui
1782 2076 1956 2124 faciunt,
1986 2077 2086 2128 quod
2117 2078 2156 2114 in
2186 2091 2226 2114 se
2255 2086 2308 2114 est
2324 2090 2372 2114 ex

1248 2129 1396 2168 viribus
1424 2131 1558 2181 gratias
1577 2160 1587 2178 ‚
1617 2143 1694 2182 qua
1725 2130 2038 2182 praeveniuntur‚
2068 2143 2144 2167 non
2172 2140 2298 2168 autem
2327 2144 2375 2170 ex

1249 2182 1397 2222 viribus
1426 2191 1600 2232 naturae,
1660 2196 1718 2220 uae
1748 2183 1794 2221 ad
1823 2195 1939 2234 opera
1968 2183 2149 2221 salutaria
2177 2182 2277 2222 nihil
2308 2198 2376 2222 va-

1248 2236 1300 2274 let
1329 2238 1409 2275 sine
1436 2238 1586 2289 gratia.
1656 2237 1707 2275 id.
1738 2236 1870 2275 Tract.
1901 2236 1949 2275 de
1981 2236 2130 2275 Gratia
2159 2237 2272 2276 Tom.
2303 2237 2374 2276 Vl.

1247 2290 1349 2328 Diss.
1373 2291 1420 2328 ll.
1451 2305 1490 2329 n.
1514 2291 1603 2329 1¹5.

1302 2345 1367 2395 57.
1397 2345 1487 2383 lnst.
1518 2344 1662 2383 Saltem
1693 2357 1788 2395 puer
1816 2343 2056 2397 baptizatus,
2098 2345 2128 2383 si
2159 2352 2284 2397 postea
2329 2348 2371 2384 in

1243 2396 1392 2449 sylvis,
1437 2396 1495 2437 vel
1528 2399 1622 2436 inter
1651 2398 1835 2436 barbaros
1865 2400 2047 2436 enutritus
2076 2397 2184 2449 juxta
2214 2400 2370 2436 rationis

1243 2451 1435 2490 dictamen
1466 2453 1594 2500 vivat,
1626 2453 1740 2489 etiam
1771 2453 1852 2490 sine
1882 2451 1957 2489 fide
1977 2451 2138 2490 salutem
2156 2451 2370 2488 obtinebit.

1301 2504 1365 2543 58.
1397 2504 1509 2557 Resp.
1539 2520 1630 2544 cum
1659 2504 1700 2544 S.
1731 2504 1883 2543 Thoma
1912 2505 2059 2552 Quaest.
2090 2503 2199 2542 XIV.
2228 2503 2277 2542 de
2294 2501 2372 2542 Ve-

1243 2562 1308 2597 rit.
1329 2568 1399 2596 art.
1421 2572 1480 2597 11.
1500 2559 1546 2598 ad
1562 2573 1599 2598 2.
1629 2589 1656 2607 „
1685 2561 1894 2597 certissime
1915 2559 2119 2596 tenendum
2138 2572 2236 2605 esse,
2265 2557 2369 2609 qnod

1244 2643 1271 2662 ‚,
1301 2613 1406 2651 Deus
1435 2612 1501 2650 tali
1532 2612 1709 2661 homini,
1740 2612 1798 2651 vel
1830 2625 1897 2664 per
1927 2613 2117 2650 internam
2149 2611 2368 2662 inspiratio-

1244 2697 1270 2716 „
1300 2681 1389 2705 nem
1419 2665 1604 2706 revelaret
1635 2682 1699 2714 ea,
1730 2679 1817 2718 quae
1847 2674 1932 2703 sunt
1961 2666 2007 2702 ad
2038 2664 2270 2702 credendum
2300 2679 2365 2703 ne-

1244 2751 1270 2770 „
1299 2722 1462 2758 cessaria
1478 2751 1490 2770 ,
1519 2720 1579 2759 vel
1601 2720 1771 2772 aliquem
1794 2719 1881 2756 fidei
1901 2719 2192 2769 praedicatorem
2213 2718 2259 2755 ad
2277 2732 2368 2758 euin

1244 2804 1270 2822 ‚‚
1299 2775 1503 2826 dirigeret,
1534 2776 1631 2812 sicut
1662 2774 1764 2810 misit
1794 2772 1945 2809 Petrum
1975 2773 2023 2810 ad
2051 2771 2274 2810 Cornelium
2304 2775 2331 2793 “
2354 2798 2368 2811 .

1241 2829 1340 2865 Cum
1370 2831 1473 2866 enim
1504 2841 1598 2879 puer
1642 2840 1707 2878 per
1736 2826 1974 2878 baptismum
2018 2826 2137 2877 gratia
2174 2824 2366 2864 habituali

1241 2882 1445 2919 instructus
1473 2883 1547 2927 sit,
1592 2879 1650 2917 illi
1680 2880 1805 2917 deesse
1834 2893 1908 2917 non
1939 2888 2092 2931 possunt
2121 2878 2268 2917 auxilia
2311 2880 2360 2918 ad

1241 2935 1401 2973 salutem
1433 2935 1667 2972 necessaria.
1698 2933 1789 2971 Vid.
1820 2932 1933 2971 Tom.
1952 2932 2019 2971 Vl.
2048 2932 2150 2971 Diss.
2166 2932 2235 2971 IV.
2252 2945 2360 2971 num.

1242 2988 1309 3027 55.
1340 3003 1420 3040 seq.

1298 3043 1362 3094 59.
1389 3041 1580 3093 Colliges,
1624 3040 1708 3078 haec
1738 3040 1838 3079 dicta
1866 3055 1944 3079 esse
1979 3041 2026 3079 de
2051 3040 2137 3093 lege
2170 3039 2366 3079 ordinaria

1242 3094 1342 3140 Dei;
1386 3105 1472 3133 sunt
1502 3097 1604 3133 euim
1637 3094 1821 3144 Theologi
1841 3125 1851 3143 ,
1899 3095 1966 3148 qui
1995 3094 2111 3134 aliam
2142 3095 2364 3144 disputatio-

1242 3162 1328 3186 nem
1360 3149 1583 3195 instituunt,
1620 3163 1668 3186 an
1699 3146 1902 3197 absolute,
1931 3150 1981 3190 (9-
2009 3148 2057 3186 tle
2083 3151 2259 3200 potenti&
2280 3145 2360 3184 Deo·

1243 3201 1576 3239 extraordinaria
1603 3204 1718 3254 possit
1737 3201 1849 3241 homo
1864 3203 1943 3240 sine
1959 3202 2034 3241 fide
2048 3201 2185 3240 salvari
2204 3215 2212 3245 ;
2242 3211 2362 3251 quam

1243 3257 1536 3297 controversiam
1564 3255 1652 3296 aliis
1680 3256 1938 3297 dirimendam
1968 3255 2250 3307 relinquimus.

2228 3410 2310 3452 AP.

2312 3486 2328 3508 0
