2570 3745
795 164 873 206 lm
909 163 1235 207 Atussott‘iT.
1269 165 1312 206 S.
1345 165 1611 209 AUGth'r.

73 275 101 298 9,
128 246 198 285 'riis
225 244 334 284 libris
361 242 464 282 Beati
497 241 723 294 Augustini,
767 242 800 279 8(
832 245 996 281 maxime
1026 244 1071 281 ad
1094 243 1179 280 l'ro-

72 329 100 349 ,‚
129 312 307 352 sperum,
336 295 368 333 8ῑ
399 294 595 334 Hilarium
626 296 778 334 abun-lu
810 311 912 347 posse
941 298 1113 346 cognosci
1137 298 1158 311 ’⁸

73 352 184 400 Quod
213 352 242 389 si
272 350 521 389 recentiorum
552 348 830 400 Tlieologorum
868 352 1087 387 auctoritate
1116 364 1186 402 pu-

70 403 258 457 gnandum
289 410 400 450 esset,
431 403 561 455 paucis
594 403 792 454 Augustini
823 404 1096 440 detractoribus
1127 405 1184 442 in·

71 465 212 508 (egram
241 455 356 507 plane
384 454 549 494 aliorum
579 456 806 508 phalangem
845 470 1033 509 opponere
1062 469 1184 507 posse-

70 521 182 556 mus,
211 510 277 561 qui
305 510 434 562 ipsum
464 522 533 561 pro
562 511 704 548 meritis
734 509 910 548 laudibus
932 524 1048 561 usque
1069 509 1114 546 ad
1136 512 1186 547 si-

69 560 163 600 dera
192 560 431 601 extulerunt.
477 561 566 600 Vid.
596 563 763 602 Witasse
807 564 930 600 'l'omo
959 565 987 601 l.
1023 577 1090 616 qu.
1125 577 1184 601 12.

70 623 142 654 art.
168 627 200 652 t.
228 614 327 654 Sect.
347 629 383 654 2.
414 615 524 667 prob.
548 618 584 654 5.

124 667 188 719 75.
216 667 307 719 Obj.
337 669 522 707 secundo.
554 670 784 721 Augustinus
813 679 943 708 contra
958 669 1177 721 Pelagianos

66 720 113 758 de
140 722 258 772 gratia
288 722 508 774 disputans,
551 723 600 760 ab
644 724 689 760 iis
717 724 962 773 opinionibus
1000 725 1176 769 recessit,

66 774 208 826 quibus
234 783 341 813 antea
370 777 450 827 ipse
479 775 724 822 adliaerebat3
753 779 857 828 atqui
889 777 925 814 id
956 777 1070 814 tribui
1101 789 1176 814 non

67 836 213 879 potest,
243 829 315 866 nisi
338 829 600 880 disputationis
616 830 753 867 fervori
773 859 783 877 ,
813 843 888 880 quo
903 829 1080 880 abreptus
1097 828 1178 867 lon-

65 882 150 931 gius
181 880 398 929 ferebatur,
428 896 543 934 quam
564 883 737 928 deceret,
767 892 829 918 aut
848 881 981 919 vellet.
1015 882 1082 920 Vel
1105 882 1178 919 for-

67 941 165 971 tasse
195 935 309 972 etiam
341 934 378 972 id
408 937 507 985 egit,
551 943 588 972 ut
619 935 667 971 ita
698 934 849 972 facilius
880 943 1044 973 errantes
1073 934 1178 971 l’ela-

67 987 196 1037 giauos
225 988 271 1024 ad
302 989 497 1026 veritatem
528 986 748 1034 reduceret,
777 988 889 1024 sicuti
909 989 976 1037 qui
1001 989 1177 1025 incurva-

67 1047 149 1077 tum
179 1053 330 1078 ramum
359 1039 404 1077 ad
435 1047 576 1077 rectam
606 1038 748 1077 lineam
778 1040 948 1089 redigere
985 1039 1094 1087 vult,
1138 1042 1177 1078 iu

67 1094 278 1144 oppositam
307 1101 454 1144 partem
483 1091 674 1131 inflectere
689 1091 806 1130 solet.
835 1092 937 1130 Hinc
952 1092 1178 1131 Criticinon

66 1146 181 1196 pauci
211 1145 553 1196 putantAugustini
583 1145 816 1193 doctrinam,
848 1145 881 1181 &
899 1154 1059 1183 mentem
1077 1145 1177 1183 mul·

66 1207 105 1237 to
133 1198 268 1236 rectius
295 1196 425 1248 colligi
456 1210 499 1236 ex
532 1199 576 1236 iis
605 1198 714 1236 libris
732 1228 742 1247 ,
771 1211 865 1251 quos
895 1208 981 1236 ante
1010 1208 1180 1237 exortam

64 1249 353 1303 Pelagianotum
384 1249 561 1289 baeresim
591 1261 724 1303 pacato
760 1254 888 1290 animo
930 1253 1180 1303 conscripsit,

60 1317 185 1356 quam
214 1317 258 1342 ex
287 1303 374 1342 aliis
402 1304 719 1357 subsequentibus
737 1335 748 1353 ,
784 1321 797 1343 (
815 1319 878 1342 uos
909 1306 945 1342 in
975 1307 1180 1343 contentio-

63 1357 124 1397 nis
153 1358 471 1397 aestu.exaravit.
502 1358 559 1395 lta
585 1360 739 1398 Grotius
769 1358 795 1394 J
813 1363 919 1396 istor.
951 1358 1061 1410 [ἰοῖς.
1091 1358 1180 1397 Lib.

68 1408 196 1449 Xvu.
227 1409 406 1449 Ricliard.
435 1410 631 1450 Simouius
662 1410 766 1450 Htst.
799 1411 932 1463 Critiq.
970 1411 1038 1450 des
1074 1425 1180 1450 com-

68 1471 193 1500 ment.
221 1472 310 1505 &c-

124 1515 187 1567 76.
218 1516 358 1570 Resp.‚
395 1518 650 1571 Augustinnm
682 1519 875 1572 palinodia
906 1533 1179 1571 nonnunquam

66 1580 258 1608 recantata
286 1584 371 1609 suas
398 1573 598 1623 opiniones
628 1582 813 1621 mutasse,
843 1573 905 1611 sed
928 1573 1178 1624 proficiendo,

67 1624 259 1670 erroribus
288 1638 426 1675 nempe
454 1625 659 1676 depositis,
690 1627 728 1663 in
757 1639 850 1676 quos
873 1626 1039 1663 humana
1070 1626 1176 1663 instr-

66 1676 197 1720 mitate
224 1675 432 1729 aliquando
463 1676 496 1713 8<
527 1678 606 1727 ipse
636 1677 762 1729 lapsus
792 1687 841 1715 est
860 1709 870 1726 ,
913 1679 1013 1730 quod
1045 1678 1176 1716 multis

65 1728 250 1780 exemplis
277 1743 322 1766 ex
351 1729 498 1768 duobus
527 1729 873 1768 Retraccizztonum
895 1731 1004 1769 libris
1033 1733 1174 1771 ostendi

63 1790 212 1834 posset.
241 1782 315 1820 Sed
343 1793 526 1834 quantum
545 1813 555 1831 ,
586 1784 631 1821 ad
663 1798 742 1822 rem
774 1795 936 1822 nostram
957 1787 1106 1833 attinet,
1137 1801 1176 1823 a·

66 1842 152 1873 cute
181 1847 249 1887 pro
283 1848 387 1874 more
429 1849 496 1874 suo
530 1837 744 1877 observavit
775 1839 972 1876 Bossuetus
1002 1838 1097 1891 Dff.
1127 1838 1176 1877 cle

64 1887 112 1936 la
132 1885 252 1926 Trad.
268 1888 357 1927 Lib.
379 1889 447 1927 Vl.
476 1904 562 1942 cap.
585 1905 644 1930 ιο.
675 1891 708 1928 8(
738 1906 838 1946 seq.,
867 1902 1030 1945 quatuor
1061 1891 1178 1933 veluti

64 1948 176 1980 status
203 1941 244 1980 S.
275 1941 474 1994 Augustini
502 1944 783 1996 distinguendos
812 1960 888 1985 esse
905 1974 916 1984 .

120 2008 184 2046 77.
214 1994 364 2033 Primus
407 2005 459 2034 est
488 1998 612 2037 statim
644 2008 722 2051 post
752 1999 834 2051 ejus
863 2003 1146 2040 conversionem
1165 2029 1176 2048 ‚

62 2047 105 2092 in
133 2060 209 2100 quo
235 2047 387 2087 difficili
430 2049 502 2088 hac
538 2054 747 2104 quaestione
775 2067 820 2091 ne
847 2055 1003 2106 quidem
1033 2057 1176 2093 exami-

62 2108 176 2150 nata,
212 2103 482 2142 communibus
511 2104 694 2144 Ecclesiae
739 2108 915 2159 precibus
945 2109 1177 2148 sufficienter

63 2155 244 2203 edoctus,
273 2165 401 2205 recte,
431 2171 593 2211 saneque
613 2160 659 2197 de
675 2163 805 2212 gratiae
823 2164 1061 2210 necessitate,
1091 2178 1175 2216 gra-

63 2208 223 2254 tuitate,
251 2207 286 2243 ἃ
316 2208 485 2248 efficacia
514 2213 724 2262 sentiebat,
753 2228 829 2267 quo
858 2225 956 2267 patet
986 2216 1046 2254 vel
1068 2230 1111 2254 ex
1131 2216 1175 2254 il-

64 2257 112 2297 lis
142 2257 230 2297 solis
246 2260 394 2309 verbis,
423 2276 511 2313 quoe
541 2266 581 2303 in
611 2266 830 2318 Solt'loqtu‘is
859 2283 934 2307 non
953 2270 1072 2308 multo
1096 2279 1176 2323 post

61 2314 346 2352 conversionem
377 2327 482 2353 suam
514 2316 746 2358 elucubratis
777 2321 889 2359 habet
920 2323 1008 2362 Lib.
1027 2325 1054 2361 1.
1086 2338 1173 2376 cap.

61 2377 103 2403 n.
122 2377 182 2404 2.:
213 2365 388 2404 Proestut
416 2367 510 2405 mihi·
525 2374 718 2419 primum,
747 2382 786 2410 ut
815 2374 911 2412 hene
939 2385 977 2414 te
1005 2390 1140 2429 rogem
1163 2408 1174 2426 ,

63 2417 205 2457 delnde
234 2428 273 2456 ut
304 2432 369 2457 me
397 2433 524 2472 agam
554 2421 745 2475 dignum,
786 2441 902 2477 quem
938 2430 1139 2469 exaudias
1160 2445 1177 2475 ;

59 2480 260 2522 postremo
288 2481 328 2510 ut
349 2472 512 2522 liberes,
541 2476 683 2528 quibus
713 2478 811 2517 nibil
841 2481 1076 2522 luculentius
1106 2496 1176 2536 pro

60 2526 195 2577 gratiae
224 2527 551 2567 commendatione
581 2530 785 2569 desiderari
816 2542 960 2584 potest.

72 2611 77 2616 .
115 2578 179 2631 78.
209 2578 314 2618 Alter
345 2580 542 2631 Augustini
573 2592 686 2621 status
717 2586 785 2622 fuit
804 2616 814 2633 ,
851 2601 940 2625 cum
969 2591 1170 2641 expositio·

57 2644 147 2670 nem
170 2631 350 2685 Epistolae
380 2636 426 2671 ad
450 2633 633 2674 Romanos
661 2641 901 2690 auspicatus,
932 2655 970 2678 re
1000 2657 1071 2680 non
1089 2659 1170 2682 nia-

57 2693 141 2724 ture
169 2687 356 2736 discussa,
386 2689 425 2725 in
456 2702 620 2728 errorem
655 2693 785 2729 incidit
804 2724 814 2740 ,
857 2703 992 2744 putans
1023 2697 1135 2736 fidem
1155 2729 1165 2746 ‚

55 2752 133 2790 qua
161 2749 284 2778 cetera
305 2742 581 2793 impetrantur,
613 2758 683 2782 non
702 2760 778 2783 esse
794 2748 934 2785 donum
953 2748 1047 2797 Dei,
1076 2753 1167 2802 quia

57 2800 99 2830 ut
127 2794 207 2845 ipse
235 2795 370 2833 fatetur
406 2795 455 2835 tle
495 2796 680 2847 praedest.
710 2799 952 2838 sanctornm
995 2817 1080 2854 cap.
1103 2805 1138 2842 5.
1157 2835 1167 2852 ,

56 2845 234 2885 nondum
262 2847 485 2902 diligentius
513 2856 726 2902 quaesierat
744 2884 754 2901 ,
798 2868 870 2892 nec
908 2853 1036 2893 adhuc
1066 2860 1167 2895 int-e-

56 2908 200 2948 nerat,
228 2903 356 2951 qualis
384 2907 431 2941 sit
460 2904 596 2943 eleccio
622 2911 766 2959 gratioe
783 2934 792 2945 .

111 2965 174 3005 79.
204 2953 294 2993 Non
318 2957 383 2994 diu
412 2966 538 2996 tamen
570 2962 609 2998 in
654 2960 722 2998 hoc
753 2963 890 2999 erroris
919 2971 1011 3000 statu
1044 2977 1165 3001 mora-

51 3011 111 3043 tus
138 3016 218 3054 est,
248 3009 310 3046 sed
339 3011 395 3048 sui
425 3010 673 3064 Episcopatus
706 3016 840 3062 initio,
869 3019 1063 3054 occasione
1093 3017 1164 3054 ali-

51 3071 217 3110 quarum
248 3064 503 3114 qutestionum
533 3066 604 3104 sibi
634 3083 655 3105 a
685 3067 939 3121 Simpliciano
957 3070 1162 3108 Mediolani.

54 3113 226 3153 Antistite
255 3119 531 3169 propositarum
551 3150 562 3169 ,
593 3133 631 3159 re
660 3125 846 3162 maturius
875 3138 1086 3177 perpensa,
1116 3126 1161 3162 ad

77 3338 84 3344 ·
102 3297 152 3346 (α)
180 3297 251 3354 Qui·
271 3302 370 3346 plura
397 3302 594 3349 desiderat,
620 3307 718 3346 adeat
744 3313 849 3347 Card.
879 3315 1068 3349 Henricuin
1087 3315 1157 3349 χῙο·

53 3349 104 3371 πε
141 3352 174 3375 tn
207 3344 382 3384 demiis
409 3354 678 3398 Augustiniauts
700 3381 710 3399 ,
743 3361 817 3394 Jac.
848 3362 958 3406 Hyas*-
988 3363 1092 3407 St'ffl‘y
1122 3364 1155 3395 5¹¹

49 3385 196 3429 August.
221 3390 424 3433 Vincla-aco.
450 3396 526 3435 J'ac.
554 3404 746 3450 Benignum
774 3408 913 3442 Bossuet
934 3409 1089 3455 Desertse
1112 3412 1155 3444 de

2222 186 2291 212 101

1252 258 1403 288 veram,
1434 245 1467 281 8(
1497 245 1734 283 Catlwlicam
1766 248 1811 284 de
1839 250 1957 298 gratia
1988 250 2204 289 sententiam
2229 263 2359 301 perve-

1254 298 1334 344 nit,
1365 298 1397 333 8(
1431 298 1490 335 liic
1521 301 1649 336 tertius
1680 301 1964 352 i'uitAugusuni
1996 313 2109 341 status
2139 313 2222 341 aute
2242 303 2359 340 lucre—

1253 352 1301 388 sis
1332 351 1541 397 l'elagiauzn
1573 352 1786 404 epocham.

1308 405 1373 442 80.
1404 406 1571 451 Quartus
1601 407 1756 444 demum
1789 407 1853 445 ille
1882 416 1960 454 est,
1993 409 2030 445 in
2059 423 2134 459 quo
2162 410 2200 447 S.
2224 411 2365 448 Doctor

1254 455 1456 509 Pelagiana
1487 458 1621 496 lmen
1654 469 1779 498 exorta
1810 460 1995 510 majorem
2039 460 2126 499 lmic
2162 464 2363 514 quaestioni

1252 525 1406 563 operam
1435 513 1561 561 dedit,
1590 522 1816 565 tantumque
1844 514 1926 551 Deo
1955 514 2154 550 miserante
2186 518 2360 564 profecit,

1256 574 1294 603 ut
1324 567 1496 604 unanimi
1526 568 1701 604 omnium
1733 567 1913 619 suffragio
1950 567 2063 604 fuerit
2095 567 2362 618 Autesigninus

1253 617 1450 657 catholica:
1483 620 1631 658 militiae
1662 622 1911 669 constitutus,
1941 633 2015 669 quo
2034 619 2152 668 duce,
2185 631 2222 658 ut
2241 624 2361 673 inl-nt

1253 672 1294 710 S.
1324 671 1480 725 Prosper
1510 674 1594 711 init.
1624 672 1710 712 Lib.
1739 673 1893 712 alvers.
1925 673 2164 711 Colliztorem
2182 704 2192 722 ,
2231 678 2362 725 vigniti

1246 738 1447 764 annorum
1475 731 1603 777 spano
1621 726 1837 766 Catholicae
1865 731 1976 766 acies
1991 727 2191 765 dimicat-ic
2208 757 2220 775 ,
2247 729 2363 768 &rt-

1247 783 1324 818 cit.
1371 779 1470 817 Hinc
1508 790 1651 819 tantum
1682 781 1812 829 abest,
1853 791 1891 819 ut
1929 795 1974 819 ex
2004 780 2061 819 liis
2091 781 2361 819 mutationibus

1246 834 1480 884 Augustinus
1511 836 1620 886 possit
1649 848 1819 874 excessus
1848 836 2018 874 accusari
2041 835 2080 872 in
2101 837 2300 886 postremis
2318 834 2362 873 li-

1245 885 1326 923 bris
1355 886 1404 924 ab
1434 899 1478 923 eo
1507 887 1759 936 elucubratis,
1792 897 1830 926 ut
1860 889 1982 940 potius
2004 902 2156 935 veram,
2187 888 2220 924 &
2251 902 2361 926 accu-

1248 948 1366 976 ratam
1399 940 1516 991 ipsius
1545 941 1759 980 doctrinam
1788 943 1936 980 nonnisi
1966 955 2010 979 ex
2029 941 2106 979 illis
2124 941 2276 979 haurire
2300 942 2361 979 de-

1246 990 1426 1030 beamus.
1458 993 1556 1032 Nam
1573 995 1618 1032 de
1633 1009 1671 1032 se
1701 996 1782 1048 ipso
1798 1008 1870 1034 non
1888 996 2213 1047 minusingenue,
2244 1010 2362 1047 quam

1248 1044 1446 1083 humiliter
1474 1047 1623 1086 dicebat
1653 1048 1701 1086 <le
1730 1048 1832 1087 dono
1861 1062 2008 1101 persev.
2038 1063 2123 1102 cap.
2148 1061 2235 1086 21.:
2269 1048 2363 1086 Pro-

1235 1096 1428 1148 ficienter
1457 1113 1521 1138 me
1550 1106 1735 1140 existimo
1764 1102 1852 1141 Deo
1881 1107 2101 1141 miserante
2129 1105 2331 1153 scripsisse
2352 1131 2363 1151 ‚

1250 1159 1390 1186 tamen
1419 1166 1446 1188 a
1474 1154 1713 1204 perlemioue
1742 1161 1929 1206 coepisse.

1305 1206 1370 1241 δι.
1400 1206 1575 1244 Ceterum
1598 1208 1637 1245 S.
1660 1209 1892 1259 Augustinus
1909 1241 1919 1258 ,
1950 1219 1988 1247 ut
2018 1209 2116 1248 lianc
2138 1225 2159 1248 a
2179 1221 2216 1247 Se
2239 1210 2361 1261 suspi-

1250 1257 1399 1294 cionem
1430 1258 1596 1310 alicujus
1626 1263 1827 1310 novitatis,
1866 1263 1924 1299 vel
1963 1263 2093 1300 saltem
2126 1277 2296 1300 excessus
2326 1278 2363 1301 :t-

1251 1320 1443 1360 inoveret,
1474 1326 1508 1349 c.
1535 1326 1593 1351 ιε).
1615 1313 1664 1351 de
1685 1313 1787 1352 dono
1815 1328 1962 1362 persev.
1994 1324 2086 1352 totus
2117 1325 2189 1362 est,
2221 1325 2260 1352 ut
2279 1315 2362 1366 pln-

1250 1364 1357 1402 ribus
1388 1367 1580 1404 recensitis
1610 1368 1685 1405 suis
1705 1368 1908 1419 operibus,
1937 1377 2140 1420 antequam
2162 1366 2363 1419 l'elagiaua

1250 1416 1405 1456 liaeresis
1434 1431 1661 1470 appareret,
1699 1421 1961 1470 elucubratis,
2003 1422 2167 1459 ostendat
2195 1435 2232 1459 se
2262 1436 2363 1459 eam-

1249 1471 1337 1509 dem
1367 1485 1517 1522 prorsus
1545 1474 1591 1512 de
1619 1475 1738 1526 gratia
1768 1477 1985 1514 seutentiam
2009 1476 2197 1523 tenuisse,
2227 1489 2364 1526 quam-

1249 1539 1365 1576 quam
1397 1538 1468 1564 uon
1500 1527 1632 1565 eadem
1663 1527 1807 1580 ubique
1835 1530 2104 1582 perspicuitate
2147 1530 2270 1580 ipsam
2301 1542 2366 1566 ett-

1249 1580 1474 1630 plicaverit.
1507 1578 1616 1618 Rami
1647 1590 1771 1619 autem
1793 1584 1900 1621 curvi
1927 1581 2149 1634 exemplum
2172 1595 2241 1619 nou
2266 1582 2365 1619 mul-

1245 1641 1327 1669 tum
1358 1631 1484 1670 valere
1515 1634 1715 1680 existim03
1755 1649 1842 1673 nam
1874 1636 2047 1674 homines
2077 1645 2239 1674 errantes
2270 1636 2364 1674 saci·

1244 1683 1319 1721 lius
1349 1685 1398 1723 ab
1427 1699 1552 1724 errore
1574 1699 1814 1737 revocamus,
1844 1690 1874 1727 si
1898 1690 1985 1727 vera
2001 1690 2208 1736 sententia,
2238 1690 2363 1741 quoad

1246 1736 1331 1775 fieri
1363 1747 1505 1789 potest,
1535 1739 1776 1788 emolliatur,
1807 1756 1924 1794 quam
1947 1743 1975 1781 si
1998 1755 2064 1794 per
2086 1755 2279 1780 excessum
2302 1755 2363 1779 ex—

1245 1792 1459 1842 aggerando
1489 1792 1608 1830 multo
1639 1794 1730 1846 ipsis
1754 1795 1892 1837 ¹durior
1921 1803 2265 1834 connnonstretur.

1299 1845 1366 1883 82.
1396 1845 1503 1884 Hanc
1532 1847 1572 1885 S.
1605 1847 1806 1899 Augustini
1838 1849 2099 1888 defensionem
2143 1863 2212 1902 pro
2241 1859 2365 1888 nostro

1248 1899 1416 1938 instituto
1445 1901 1531 1938 satis
1562 1899 1744 1952 longam,
1791 1903 1852 1940 sed
1891 1917 1958 1956 pro
1987 1905 2040 1942 rei
2071 1904 2280 1955 dignitate,
2319 1919 2363 1941 ac

1246 1966 1315 2006 pro
1345 1963 1469 1992 nostra
1498 1968 1586 2006 erga
1616 1964 1761 1994 tantum
1794 1957 1995 1996 Doctorem
2040 1959 2176 2009 pietate
2208 1959 2365 1996 omnino

1243 2008 1429 2056 brevem,
1474 2009 1601 2047 verbis
1631 2009 1670 2047 S.
1702 2009 1874 2062 l’rosperi
1905 2011 2117 2050 concludo.
2160 2012 2208 2050 Et
2239 2014 2363 2063 primo

1246 2070 1375 2098 contra
1406 2074 1492 2108 eos,
1535 2063 1603 2114 qui
1637 2063 1835 2114 Augustini
1867 2065 2079 2103 doctrinam
2111 2079 2267 2115 carpere
2295 2079 2360 2101 au-

1245 2114 1352 2161 dent,
1382 2114 1508 2152 dicere
1538 2129 1598 2152 me
1629 2129 1733 2165 posse
1761 2117 1912 2155 confido
1955 2117 2084 2167 (Atlw.
2119 2117 2359 2155 Collatorem

1244 2181 1330 2220 cap.
1354 2166 1469 2214 ult.):
1500 2167 1815 2217 „Sufficienter,
1847 2180 1886 2207 ut
1915 2171 2099 2218 arbitror,
2130 2171 2359 2209 demonstra—

1245 2251 1271 2270 „
1301 2230 1382 2258 tum
1414 2230 1491 2269 est,
1522 2221 1806 2273 reprehensores
1827 2223 1867 2262 S.
1890 2225 2092 2276 Augustini
2123 2223 2157 2260 8(
2179 2239 2272 2262 vana
2292 2224 2359 2262 ol)-

1246 2304 1271 2322 „
1303 2275 1446 2326 jicere,
1477 2274 1511 2310 &
1543 2284 1642 2313 recta
1674 2277 1927 2329 impugnare,
1971 2277 2005 2313 &
2036 2291 2151 2329 prava
2180 2279 2358 2316 desende—

1245 2357 1271 2376 „
1304 2342 1368 2373 re;
1413 2338 1775 2381 peremptorumque
1804 2332 1920 2368 armis
1949 2331 2165 2369 intestinum
2210 2331 2357 2370 bellum

1246 2411 1271 2430 „
1303 2391 1517 2430 moventes,
1546 2383 1657 2421 dictis
1685 2383 1853 2432 divinis,
1884 2394 1995 2436 atque
2026 2384 2202 2424 humanis
2223 2388 2357 2424 consti·

1245 2464 1270 2483 ,‚
1301 2437 1511 2474 tutionibus
1540 2436 1749 2475 rebellare.
1780 2438 1956 2485 Quorum
1987 2447 2141 2487 tamen,
2171 2440 2262 2477 dum
2293 2441 2358 2477 al-

1245 2517 1271 2537 „
1302 2489 1375 2527 liuc
1407 2503 1480 2528 uon
1510 2499 1594 2528 sunt
1622 2504 1644 2528 a
1675 2491 1840 2529 fraterna
1868 2492 2045 2530 societate
2080 2493 2222 2540 divisi,
2266 2493 2355 2530 tole-

1245 2572 1270 2591 „
1302 2544 1416 2581 randa
1446 2546 1566 2595 magis
1596 2553 1648 2582 est
1670 2546 1844 2593 intentio,
1875 2559 1991 2598 quam
2013 2546 2243 2597 desperanda
2265 2559 2353 2582 con-

1245 2625 1269 2643 „
1301 2598 1421 2634 versio
1449 2597 1495 2634 ''.
1535 2596 1616 2635 Post
1654 2607 1780 2637 autem
1811 2599 1856 2636 ad
1888 2613 2203 2651 unumquemque
2235 2599 2352 2636 Audi·

1239 2658 1361 2687 tornm
1393 2664 1564 2688 meorum
1594 2664 1792 2690 conversus
1809 2683 1818 2699 ,
1849 2666 1936 2689 cum
1959 2654 2089 2688 eodem
2110 2651 2151 2688 S.
2173 2650 2353 2704 Prospero

1239 2704 1344 2754 epist.
1375 2705 1421 2742 ad
1455 2703 1648 2743 Ruffinunn
1682 2707 1718 2742 in
1748 2705 1842 2752 fine,
1873 2705 1922 2742 ita
1951 2717 2104 2755 peroro:
2136 2735 2162 2752 „
2193 2704 2254 2743 Tu
2285 2721 2350 2743 ax-

1238 2784 1263 2804 „
1293 2766 1367 2795 tem
1387 2788 1397 2806 ,
1427 2758 1670 2796 dilectissime
1703 2760 1837 2804 frater,
1870 2758 1896 2794 si
1921 2771 2006 2794 vere
2025 2757 2070 2794 de
2093 2758 2150 2796 his
2170 2761 2349 2811 qusestio-

1237 2839 1263 2858 „
1295 2812 1405 2849 nibus
1436 2811 1518 2862 (de
1546 2811 1713 2863 gratia)
1754 2812 1882 2847 imtrui
1913 2811 2129 2860 desideras,
2161 2816 2255 2850 sicut
2284 2815 2347 2852 de-

1237 2891 1262 2911 „
1293 2865 1457 2902 siderare
1487 2876 1520 2902 te
1549 2866 1750 2909 convenit,
1791 2864 1881 2915 ipsis
1914 2864 1953 2901 Β.
1985 2865 2186 2916 Augustini
2216 2867 2346 2921 dispu—

1237 2945 1263 2964 „
1292 2919 1492 2956 ustionibus
1522 2918 1785 2961 cognoscendis
1815 2918 1995 2967 impende
2031 2933 2194 2968 curam,
2240 2932 2277 2958 ut
2309 2925 2346 2960 iu

1236 2997 1262 3016 ‚‚
1291 2972 1504 3009 confitenda
1538 2972 1605 3007 Dei
1635 2971 1754 3017 grati-'1
1783 2970 2140 3022 defaecatissimam,
2171 2989 2217 3012 ac
2246 2976 2344 3012 salu-

1234 3050 1258 3069 ‚‚
1288 3023 1495 3062 bei-rimam
1527 3023 1786 3070 evangelicae,
1830 3024 2122 3080 apostolicasque
2160 3028 2342 3068 doctriua²

1234 3103 1259 3123 ‚,
1291 3078 1580 3129 intelligentiam
1609 3080 1850 3130 consequaris
1880 3079 1943 3130 (a)
1962 3106 1973 3118 .
1996 3080 2016 3095 ''

2174 3193 2291 3233 PRO·

1226 3320 1257 3352 IJ
1285 3319 1452 3352 tradition
1469 3342 1479 3360 ,
1506 3323 1547 3354 (5⁶
1571 3323 1633 3355 der
1661 3321 1730 3355 SS.
1756 3322 1856 3357 Pares
1872 3345 1882 3363 ‚
1909 3325 2024 3358 Cnol.
2045 3325 2186 3357 morea-1
2209 3323 2333 3366 Drtfflvi·

1227 3379 1262 3397 ει·
1289 3368 1331 3399 (le
1360 3367 1398 3398 S.
1440 3367 1610 3409 -lngnreim
1631 3392 1640 3410 ‚
1667 3375 1708 3402 Θ
1734 3372 1797 3403 dos
1820 3371 2091 3413 Augustinu’ne,
2121 3370 2263 3403 Librum
2287 3370 2337 3400 in-

1225 3413 1394 3457 scriptum
1422 3413 1622 3459 Resatutton
1645 3418 1709 3450 des
1736 3418 1911 3462 Critiques
1937 3420 1981 3452 de
2007 3417 2058 3452 M.
2077 3418 2192 3462 Basle
2220 3427 2276 3447 snr-
2296 3414 2333 3446 S.
