2562 3694
905 100 985 145 DE
1020 98 1282 144 ACTUUM
1315 95 1611 140 INDIFFER.

79 216 113 239 ,ῃ
139 186 186 228 de
202 187 312 236 Deo,
341 185 401 226 vel
430 183 613 223 charitate
640 181 802 234 cogitet,
832 195 899 220 nec
929 183 1065 219 iteruin
1096 180 1200 218 suffi-

82 271 111 291 „
140 243 219 290 cit,
249 240 350 294 quod
377 237 519 288 aliquis
548 238 586 275 in
618 235 751 274 habitu
783 245 930 273 tantum
962 235 1088 272 Deum
1107 264 1117 281 ,
1166 232 1200 268 8(

82 325 110 344 ‚,
138 294 359 333 charitatem
389 290 528 328 habeat
572 292 586 340 (
617 290 708 341 quia
739 290 791 327 sic
821 290 935 326 etiam
975 297 1104 325 actum
1136 300 1198 323 ve-

82 377 110 397 „
139 347 248 386 nialis
273 345 419 396 peccati
448 342 590 394 aliquis
621 345 660 380 in
692 342 818 380 Deum
847 342 1066 388 ordinaret,
1096 339 1200 391 quod

84 428 111 450 „
141 397 278 438 falsum
308 407 360 435 est
391 398 434 446 ).,
481 396 545 434 sed
574 404 745 448 oportet,
793 395 893 447 quod
934 395 1040 447 prius
1085 394 1199 430 fuerit

81 451 312 502 „cogitatio
338 450 386 487 de
416 449 519 497 fine,
561 451 628 501 qui
660 458 711 487 est
739 449 932 495 charitas,
976 446 1036 484 vel
1068 446 1198 493 Deus,

84 532 111 554 „
141 503 176 540 ἃ
203 503 305 556 quod
335 504 430 541 ratio
458 503 624 541 actiones
654 512 848 555 sequentes
878 503 915 539 in
949 501 1048 538 hunc
1079 499 1198 537 finem

80 585 110 606 „
137 557 372 594 ordinaverit
403 557 425 572 '’

135 622 204 662 90.-
231 610 321 648 lnst.
348 617 519 659 quarto.
550 608 667 647 Potest
696 606 1076 661 aliquisliujusnioili
1100 619 1199 659 prae-

76 672 260 716 ceptum,
297 672 362 700 aut
391 661 669 702 invincibiliter
699 664 897 713 ignorare,
940 669 1003 697 aut
1033 673 1198 710 negare,

79 716 405 769 quemadmodum
437 717 581 754 faciunt
610 717 780 753 adversae
801 715 996 753 seutentiae
1029 713 1199 765 patroni:

77 783 169 822 ergo
196 769 327 808 saltem
359 783 402 807 eo
432 770 470 807 in
495 783 588 807 casu
606 799 616 817 ‚
647 770 714 821 qui
744 781 818 806 nou
850 769 960 805 refert
990 775 1094 803 actus
1115 778 1200 803 suos

78 824 122 862 iu
153 822 271 861 finem
303 821 527 871 honestum,
571 834 642 860 non
672 821 875 874 peccabit,
924 819 958 854 8t
988 829 1091 857 actus
1129 820 1200 855 erit

81 876 303 914 indifferens
316 902 329 915 .

135 942 201 982 91.
232 929 346 982 Resp.
376 929 524 981 Negant
552 926 665 966 multi
683 957 695 975 ,
726 939 832 978 posse
861 925 932 964 lioc
959 934 1199 977 praeceptum

78 982 360 1021 invincibiliter
387 982 438 1027 ab
465 981 597 1033 aliquo
626 981 822 1031 ignorari5
853 980 970 1017 nimis
989 980 1092 1016 enim
1116 990 1202 1029 pro-

78 1035 182 1075 clive
211 1045 261 1074 est
291 1037 502 1087 unicuique
543 1035 698 1071 rationis
738 1034 904 1082 compoti
946 1045 1202 1084 cognoscere,

78 1103 155 1128 uon
185 1099 354 1137 temere,
384 1087 418 1123 &
446 1100 535 1126 casu
564 1087 752 1138 agendum
782 1086 857 1123 sibi
888 1099 994 1133 esse,
1024 1085 1088 1122 sed
1118 1097 1203 1136 pro-

79 1151 163 1193 pter
190 1142 308 1180 finem
326 1171 337 1190 ,
366 1153 535 1193 eumque
563 1139 764 1178 honestum
783 1169 794 1186 ‚
824 1138 858 1175 ἃ
887 1137 1064 1176 rationali
1095 1152 1203 1176 crea-

78 1205 177 1233 ωτι
203 1195 525 1234 convenientem.
574 1193 686 1241 Quod
716 1193 747 1230 si
777 1192 863 1230 haec
903 1192 1113 1243 ignorantia
1143 1192 1203 1228 in-

77 1247 277 1286 vincibilis
305 1248 530 1286 admittatur
545 1276 556 1295 ‚
586 1248 756 1284 maxime
770 1253 925 1298 propter
941 1247 1201 1283 auctoritatem

75 1313 210 1339 eorum
228 1331 241 1349 ,
269 1302 339 1353 qui
367 1300 536 1338 adversae
559 1300 754 1338 sententiae
775 1299 1083 1350 patrocinantur,
1112 1308 1203 1336 tunc

78 1353 212 1392 saltem
243 1357 314 1392 erit
341 1363 447 1392 actus
489 1352 738 1391 materialiter
767 1350 918 1399 malus,
963 1365 1201 1403 quamquam

82 1419 158 1444 non
189 1405 426 1452 formaliter3
470 1405 541 1444 hoc
571 1415 622 1444 est
651 1419 726 1444 non
757 1405 1012 1456 imputabitur
1042 1405 1089 1442 ad
1119 1403 1201 1442 cul-

82 1473 198 1512 pam:
227 1459 288 1497 vel
317 1461 348 1498 si
379 1460 527 1507 mavis,
575 1461 647 1496 erit
676 1457 815 1510 aliquis
845 1467 949 1495 actus
981 1457 1201 1495 indifferens

84 1528 152 1564 per
182 1513 381 1560 accidens,
411 1525 487 1550 non
514 1522 643 1550 autem
675 1525 742 1563 per
771 1526 809 1549 se
831 1540 842 1557 ‚
872 1513 977 1549 circa
1006 1511 1105 1562 quod
1134 1524 1202 1561 po-

81 1567 269 1604 tissimum
300 1566 551 1603 controuersia
580 1574 780 1611 versatur,
829 1573 870 1600 ut
900 1577 988 1601 curu
1020 1563 1203 1601 definitur

81 1635 106 1658 a
135 1618 339 1670 Tlieologis
367 1616 515 1670 aliquid
545 1631 622 1657 esse
650 1616 920 1670 prohibitum,
963 1616 996 1651 8t
1022 1616 1204 1666 culpabi-

80 1670 146 1720 le,
177 1672 215 1711 id
245 1685 394 1724 semper
423 1680 564 1711 semota
593 1671 807 1725 ignorantia
839 1667 1061 1708 invincibili
1092 1669 1204 1706 intel-

84 1722 152 1777 ligi
181 1725 319 1773 debet,
349 1725 383 1762 Bt
410 1725 506 1764 solet
536 1725 626 1775 (a).

139 1791 205 1831 9¹²·
234 1778 311 1816 Ob,
341 1782 504 1830 quinto·
534 1779 629 1818 Sunt
658 1777 779 1831 aliqui
809 1786 912 1818 actus
932 1790 977 1816 ex
998 1777 1124 1830 specie
1139 1791 1207 1815 sua

84 1830 369 1878 indifferentem
398 1845 486 1884 ergo
514 1832 647 1872 debent
663 1834 778 1870 etiam
795 1847 875 1871 esse
891 1831 1146 1871 indifferentes
1168 1832 1205 1868 in

83 1884 314 1924 individuo.
344 1884 456 1924 Proh.
485 1887 599 1927 Cons.
628 1885 727 1924 Nam
753 1885 867 1932 nulla
895 1886 1039 1937 species
1067 1886 1148 1922 sine
1167 1899 1208 1922 a·

83 1936 192 1990 liquo
223 1938 419 1978 individuo
446 1953 525 1978 esse
555 1948 696 1993 potest.
724 1940 807 1978 Iino
821 1941 966 1992 speci-es
988 1939 1111 1990 reipsa
1132 1951 1208 1976 nou

82 2001 139 2030 est
166 1990 315 2044 aliquid
343 1992 539 2032 diversum
578 1994 627 2032 ab
658 1992 886 2041 individuo,
925 1993 991 2030 sed
1020 1991 1136 2044 plane
1167 2005 1209 2028 u·

87 2058 181 2083 num
199 2075 211 2095 ‚
241 2044 276 2082 &
306 2045 436 2095 idem,
465 2045 545 2085 sola
574 2048 804 2099 cogitatione
833 2046 1054 2085 distinctum
1072 2071 1082 2082 .

137 2098 209 2150 9⁴5.
237 2097 351 2150 Reap.
375 2113 471 2138 cum
501 2100 542 2140 S.
574 2100 726 2138 Thema
753 2114 787 2138 1.
819 2113 856 2139 α.
886 2107 1022 2151 quaest.
1060 2097 1119 2136 18.
1150 2111 1210 2135 ar-

86 2151 154 2188 tic.
184 2163 224 2203 9.
253 2152 302 2189 ad
322 2164 356 2188 1.
388 2151 655 2204 miiitipliciter
686 2153 850 2203 intelligi
880 2166 988 2204 posse
1016 2151 1079 2199 id,
1108 2151 1211 2202 quod

87 2202 260 2251 dicitur,
289 2213 416 2251 actum
447 2219 524 2243 esse
551 2205 834 2244 indifferentem
867 2206 906 2242 in
936 2206 1083 2256 specie.
1104 2205 1124 2218 ''
1156 2203 1210 2242 U-

88 2287 117 2308 „
148 2269 194 2295 no
219 2256 335 2294 *modo
364 2258 444 2304 sic,
475 2258 577 2310 quod
603 2271 651 2295 ex
680 2271 749 2296 sua
777 2258 904 2310 specie
934 2258 1117 2296 debeatur
1147 2259 1179 2295 ei
1198 2288 1209 2305 ,

87 2339 118 2362 υ
147 2309 250 2361 quod
278 2311 325 2348 sit
352 2309 575 2348 indifferens
593 2341 604 2359 ,
649 2310 682 2347 8t
711 2313 764 2349 sic
795 2311 966 2363 procedit
997 2313 1117 2357 rati03
1145 2311 1211 2349 sed

90 2392 117 2412 „
147 2372 274 2401 tamen
303 2363 374 2401 isto
402 2363 516 2402 modo
544 2363 672 2402 nullus
701 2374 805 2403 actus
832 2377 877 2402 ex
908 2379 974 2403 sua
1004 2374 1139 2403 natura
1160 2373 1212 2403 est

90 2446 118 2466 υ
149 2415 398 2462 indifferen25
429 2431 500 2455 non
528 2418 631 2455 enim
662 2426 716 2455 est
746 2417 901 2470 aliquod
923 2418 1116 2469 objectum
1142 2418 1211 2456 lm-

89 2499 117 2520 „
147 2470 252 2507 mani
281 2479 413 2517 actus,
461 2471 563 2523 quod
592 2483 667 2509 non
707 2472 820 2523 possit
859 2472 1028 2510 ordinari
1072 2471 1132 2508 vel
1164 2472 1210 2510 ad

89 2552 117 2574 ‚,
148 2521 297 2562 malum
314 2554 326 2572 ,
356 2523 416 2562 vel
446 2524 494 2561 ad
522 2524 668 2563 bonum
686 2538 754 2577 per
773 2524 891 2563 finem
909 2555 922 2574 ,
952 2526 1010 2563 vel
1042 2526 1209 2563 circum-

92 2605 120 2625 „
148 2579 328 2615 stantiam
346 2603 358 2615 .
402 2575 492 2615 Alio
521 2578 634 2616 modo
662 2587 780 2630 potest
809 2579 886 2617 dici
917 2578 1136 2617 indifferens
1163 2592 1209 2617 ex

93 2657 122 2678 ‚‚
152 2643 220 2668 sua
247 2632 398 2683 specie,
444 2631 538 2683 quia
582 2645 654 2669 non
700 2631 814 2670 habet
857 2644 901 2669 ex
944 2645 1011 2670 sua
1057 2634 1209 2684 specie,

95 2711 124 2731 „
152 2684 254 2735 quod
281 2685 328 2722 sit
357 2683 506 2730 bonus,
549 2685 610 2723 vel
640 2684 792 2732 nialus,
836 2685 937 2723 nude
965 2699 1033 2737 per
1062 2686 1211 2737 aliquid

96 2764 124 2784 ,‚
151 2735 259 2774 aliud
288 2745 404 2789 potest
433 2737 518 2776 fieri
546 2737 698 2788 honus,
730 2738 787 2777 vel
819 2738 969 2777 malus.
1007 2739 1114 2777 Sicut
1145 2739 1210 2776 ho·

98 2816 124 2837 „
153 2801 217 2827 mo
241 2802 318 2828 non
346 2790 459 2830 hahet
489 2804 543 2830 ex·
563 2806 631 2831 sua
660 2795 811 2844 specie,
854 2793 955 2844 quod
985 2793 1030 2829 sit
1073 2791 1212 2839 albus,

97 2871 126 2891 υ
155 2851 219 2880 &Ut
247 2843 378 2894 iligen
408 2853 524 2897 potest
553 2847 658 2884 enim
687 2845 850 2893 albedo,
881 2844 939 2883 vel
972 2846 1126 2896 nigredo
1154 2859 1215 2882 su-

96 2924 124 2945 „
154 2896 357 2948 pervenire
387 2896 533 2948 homini
563 2899 745 2950 aliunde,
791 2913 911 2953 quam
948 2913 970 2936 a
1012 2899 1215 2951 principiis

100 3068 183 3103 {tam
196 3060 358 3105 pluribus
375 3063 589 3107 argumentis
605 3064 787 3099 confirmat
801 3077 868 3099 nen
882 3060 996 3100 minus
1008 3067 1101 3112 pius,
1115 3078 1221 3112 quam

103 3099 224 3140 doctus
251 3109 506 3143 Contensouius
543 3111 574 3142 in
603 3109 720 3145 Theul.
756 3117 879 3144 mentis
917 3116 957 3145 O·
996 3116 1114 3146 cordis
1144 3115 1220 3146 Lib.

106 3147 318 3203 Vlll3Diss.
346 3156 387 3188 lt.
414 3167 444 3188 c.
475 3169 503 3188 ι.
531 3166 623 3200 spec.
654 3169 684 3189 2.
716 3157 794 3191 Vitl.
822 3160 927 3190 etiam
957 3160 1038 3191 Nat.
1067 3161 1221 3192 Alexan-

102 3191 168 3226 dex·
204 3207 238 3230 tn
263 3198 382 3235 Theol.
411 3201 758 3244 Dogmutieo-morali
788 3205 864 3237 Lib.
894 3205 951 3236 ΙΙΙ.
994 3207 1037 3236 de
1064 3209 1219 3247 peccatis

103 3251 181 3284 ων·
207 3241 240 3283 4·
266 3244 350 3291 Reg.
378 3249 435 3290 57.
464 3252 495 3282 cz
521 3250 556 3282 P.
583 3251 685 3284 vmc.
715 3251 855 3284 patum
883 3251 917 3282 in
939 3250 1068 3283 Eth'ica
1084 3251 1218 3284 chrm.

110 3284 270 3320 Tractat.
298 3292 356 3325 ΙΙΙ.
381 3293 437 3329 De
461 3298 585 3338 officiis
612 3297 779 3330 hominnm
805 3309 880 3342 cap.
907 3310 940 3339 ‹3-
968 3309 1063 3329 num·
1096 3297 1148 3329 16.

153 3337 202 3373 (a)
227 3334 304 3367 Non
328 3334 475 3382 desunt,
500 3344 559 3376 (ui
585 3352 731 3387 putent,
758 3352 855 3376 actus
881 3341 1083 3390 hujusmodi
1110 3350 1219 3376 mate-

214 3379 451 3437 Gazzaniga
474 3387 604 3431 Taeol.
635 3389 747 3430 Tom.
771 3389 856 3431 Vll·

2273 106 2329 157 49

1270 206 1296 226 „
1326 176 1464 228 speciei
1495 176 1543 213 ''.
1574 176 1685 214 Unde
1716 184 1840 228 patet,
1872 177 2165 215 indifferentiam
2190 178 2228 217 in
2256 182 2385 231 specie

1269 232 1382 268 etiam
1412 230 1452 268 in
1484 229 1692 266 individuis
1722 230 1880 281 reperiri
1912 229 1982 268 lioc
2012 246 2118 269 sensu
2138 261 2149 279 ,
2196 242 2383 284 quatenus

1267 293 1370 322 aetus
1399 282 1557 335 quidam
1587 291 1699 329 sunt,
1742 284 1833 333 quia
1863 286 2005 320 tametsi
2035 285 2123 321 boni
2142 315 2152 332 ,
2198 286 2254 324 vel
2287 286 2381 325 mali

1269 351 1312 374 ex
1344 336 1639 374 circumstantiis
1669 334 1729 372 vel
1760 347 1806 371 ex
1836 334 1937 384 fine,
1967 347 2048 374 sunt
2078 347 2202 376 tamen
2233 341 2383 378 indiffe-

1269 399 1390 428 rentes
1419 402 1464 427 ex
1493 387 1643 440 objecto
1672 388 1706 424 8(
1734 389 1886 439 specie.

1317 443 1387 494 94.
1417 441 1510 493 Obj.
1542 442 1609 480 ult.
1657 442 1824 480 Omissio
1852 441 2007 478 actionis
2036 443 2147 480 bona:
2167 475 2177 490 ‚
2224 460 2299 485 non
2330 457 2383 485 ta-

1267 511 1354 535 men
1383 495 1552 544 debitae,
1584 504 1770 548 ntex.gr.
1802 494 1933 533 Missae
1954 495 2016 532 die
2046 496 2201 545 feriali,
2234 512 2298 538 nec
2317 502 2384 538 bo·

1268 564 1319 588 na
1349 558 1426 597 est,
1457 563 1525 588 nec
1557 548 1683 587 mala:
1713 562 1799 600 ergo
1829 547 1901 587 &c-

1322 604 1389 654 95.
1423 602 1532 655 Resp.
1562 616 1646 654 neg.
1677 612 1753 641 ant⁴
1785 601 1856 639 Vel
1889 602 1989 640 enim
2022 602 2089 640 illa
2117 605 2271 642 omissio
2300 620 2383 644 con-

1268 656 1399 708 juncta
1428 666 1481 694 est
1509 670 1597 693 cum
1627 658 1772 695 actione
1794 655 1922 706 bona,
1954 655 2011 693 vel
2033 670 2121 694 cnm
2144 659 2289 696 actione
2308 673 2388 696 ina-

1267 709 1333 747 la.
1364 710 1404 747 Si
1436 711 1634 761 primum,
1670 710 1768 748 bona
1796 710 1895 757 erit,
1925 711 1983 747 siu
2017 711 2140 748 miuus
2172 711 2389 762 reduplica-

1269 764 1345 800 tive
1376 772 1413 800 ut
1441 764 1597 800 omissio
1619 772 1697 811 est,
1726 761 1857 800 saltem
1874 762 2067 812 absolute,
2099 763 2131 800 8(
2163 766 2199 802 in
2229 779 2288 802 se.
2317 765 2386 804 Sin

1269 830 1359 854 vero
1390 817 1601 853 secundum
1620 847 1630 863 ,
1660 817 1813 854 omissio
1842 818 1912 853 erit
1942 816 2042 854 mala
2061 843 2070 854 .
2121 816 2191 856 Res
2221 818 2388 856 illustra-

1270 878 1332 906 tur
1360 869 1562 920 exemplo,
1592 871 1670 917 Qui
1700 871 1838 907 omittit
1868 871 2001 909 audire
2029 870 2190 909 Sacrum
2220 872 2281 909 die
2303 886 2388 924 pro-

1269 923 1393 969 festo,
1444 922 1501 960 vel
1535 923 1570 960 id
1603 924 1719 971 facit,
1771 933 1808 962 nt
1839 933 1989 975 tempus
2018 924 2054 962 in
2083 923 2170 962 aliis
2207 925 2388 977 operibus

1272 976 1467 1027 impendat
1498 976 1543 1013 ad
1575 976 1693 1014 finem
1727 977 1921 1015 honestum
1952 977 2134 1025 directis,
2165 978 2197 1014 8<
2229 988 2319 1017 tunc
2349 993 2390 1016 0-

1272 1030 1402 1067 missio
1435 1029 1501 1067 illa
1530 1031 1602 1067 erit
1632 1030 1834 1081 conjuncta
1863 1044 1951 1068 cum
1983 1032 2128 1068 actione
2157 1031 2282 1080 bona,
2326 1034 2391 1071 ad-

1273 1095 1392 1134 eoque
1423 1082 1455 1118 &
1486 1084 1565 1135 ipsa
1594 1083 1690 1121 bona
1708 1113 1718 1131 ‚
1749 1098 1985 1135 quamquain
2004 1085 2305 1123 sortasseaudire
2321 1085 2391 1124 Sa-

1272 1149 1382 1174 crum
1413 1145 1492 1174 erat
1521 1137 1613 1188 quid
1645 1136 1812 1174 melius.
1863 1137 1933 1174 Vel
1963 1137 2124 1175 Sacrum
2155 1140 2321 1187 omittit,
2352 1149 2393 1177 ut

1272 1198 1422 1240 tempus
1453 1191 1616 1228 inaniter
1645 1199 1835 1237 conterat,
1867 1190 1900 1226 &
1931 1199 2022 1228 tunc
2042 1192 2282 1230 omissionem
2313 1207 2395 1231 essa.

1271 1241 1415 1280 malam
1434 1272 1444 1290 ‚
1476 1242 1682 1295 plusquam
1712 1252 1860 1281 certum
1891 1254 1970 1282 est.

1325 1295 1391 1348 96.
1422 1295 1545 1344 Dixi,
1576 1298 1816 1334 ommonem
1846 1299 1970 1349 operis
1986 1296 2077 1335 boni
2106 1311 2180 1336 nou
2212 1303 2394 1351 praecepti

1270 1349 1520 1399 conjunctam
1551 1363 1639 1387 cuin
1669 1348 1747 1388 alio
1774 1363 1888 1402 opere
1909 1350 2036 1399 bono,
2066 1365 2304 1404 quamquain
2323 1357 2395 1392 ini-

1269 1403 1373 1440 noris
1402 1403 1673 1454 perfectionis,
1704 1417 1781 1441 esse
1811 1403 1949 1442 bonam
1968 1433 1979 1450 ‚
2008 1406 2100 1455 quia
2130 1418 2202 1443 non
2224 1415 2396 1445 tenemur

1267 1468 1418 1506 semper
1433 1454 1573 1508 eligere
1589 1456 1653 1504 id,
1684 1456 1784 1508 quod
1802 1458 2008 1507 perfectius
2025 1466 2098 1495 est.
2131 1458 2240 1496 Lude
2259 1474 2398 1510 quain-

1270 1522 1387 1560 quam
1419 1509 1615 1560 virginitas
1645 1508 1754 1561 longe
1785 1509 1987 1548 antecellat
2019 1513 2287 1559 matimonio,
2326 1516 2397 1565 qui

1270 1570 1397 1599 tamen
1430 1563 1719 1601 matrimonium
1750 1562 1882 1614 eligit,
1914 1563 2008 1600 bene
2042 1564 2152 1611 t'acit,
2184 1574 2270 1602 teste
2294 1565 2395 1617 Apo-

1272 1615 1363 1652 stolo
1398 1627 1432 1652 1.
1456 1614 1548 1652 Cor.
1566 1615 1652 1652 Vll.
1682 1616 1911 1666 Continget-e
1940 1615 2195 1655 nihilomiuus
2224 1618 2398 1670 aliquan-

1272 1666 1322 1704 do
1351 1676 1495 1718 potest,
1525 1676 1564 1704 ut
1594 1667 1680 1705 talis
1708 1669 1864 1705 oinissio
1894 1669 1940 1705 sit
1970 1668 2101 1716 mala,
2132 1669 2166 1705 &
2196 1681 2399 1721 peccatum

1274 1719 1408 1758 saltem
1440 1719 1616 1767 veniale,
1664 1720 1820 1772 quando
1850 1722 1996 1758 scilicet
2035 1723 2156 1759 oritur
2186 1737 2230 1761 ex
2267 1723 2398 1777 aliquo

1275 1773 1424 1811 defectu
1455 1773 1643 1818 fervoris;
1674 1772 1759 1811 talis
1788 1775 1893 1812 enirn
1924 1774 2153 1826 negligentia
2183 1786 2233 1814 est
2263 1793 2399 1830 pecca-

1274 1835 1355 1865 tum
1386 1825 1565 1876 veniale,
1613 1835 1652 1866 ut
1682 1827 1789 1866 docet
1831 1827 1872 1866 S„
1903 1827 2072 1867 Thomas
2112 1842 2148 1868 2.
2181 1843 2217 1869 2.
2260 1846 2299 1884 q·
2331 1832 2398 1878 54.

1276 1889 1384 1920 artic.
1415 1881 1454 1919 5.

1584 2006 1990 2052 DISSERTATIO
2024 2009 2102 2052 ΙΙΙ.

1647 2134 1714 2174 De
1745 2135 1999 2176 Conscientia
2013 2163 2027 2176 .

1335 2271 1371 2296 i.
1388 2234 1653 2302 Conscientia
1671 2288 1681 2308 ,
1712 2258 2030 2313 sietymologiam
2046 2270 2209 2313 spectes,
2239 2271 2401 2316 estqua·

1278 2313 1308 2350 si
1351 2325 1440 2349 cum
1471 2311 1548 2349 alio
1591 2314 1773 2362 scientia,
1822 2315 1914 2366 quia
1958 2323 1998 2353 ut
2026 2313 2068 2354 S.
2099 2314 2264 2354 Tlioma.
2297 2318 2327 2355 1.
2358 2317 2400 2356 l'.

1278 2375 1413 2417 quaest.
1446 2379 1509 2417 79.
1540 2375 1610 2404 art.
1641 2366 1706 2405 15.
1748 2366 1925 2406 observat
1946 2397 1958 2416 ,
2004 2369 2187 2420 importat
2228 2370 2402 2409 ordinem

1279 2420 1448 2457 scientiae
1480 2419 1526 2456 ad
1557 2419 1734 2472 aliquid.
1764 2420 1877 2468 Quod
1905 2422 1936 2459 si
1966 2435 2049 2460 rem
2080 2424 2203 2475 ipsam
2232 2425 2400 2461 conside—

1279 2484 1361 2510 res:
1409 2502 1436 2521 „
1463 2473 1733 2522 Conscientia,
1767 2478 1893 2525 inquit
1927 2474 2123 2528 Origenes
2155 2480 2194 2513 in
2225 2489 2313 2525 cap.
2345 2475 2400 2514 II.

1281 2555 1308 2574 „
1337 2529 1452 2576 epist.
1482 2525 1537 2563 ad
1567 2524 1684 2564 Rom.
1702 2557 1712 2576 ‚
1760 2537 1813 2566 est
1842 2527 1959 2566 veluti
1998 2530 2227 2580 paedagogus
2257 2530 2400 2567 animm

1279 2609 1307 2628 ‚,
1337 2580 1496 2632 quidam
1528 2581 1713 2628 sociatus,
1744 2580 1778 2616 8(
1807 2590 1957 2628 rector,
2008 2591 2044 2618 ut
2074 2595 2157 2619 eam
2188 2581 2233 2617 de
2263 2581 2400 2619 melio-

1281 2662 1307 2681 „
1337 2632 1445 2670 ribus
1476 2643 1625 2671 moneat
1642 2663 1652 2682 ,
1684 2633 1744 2672 vel
1773 2634 1819 2671 de
1840 2634 1964 2684 culpis
1983 2636 2164 2685 castiget,
2200 2634 2232 2669 ἃ
2253 2645 2400 2685 arguat·

1280 2715 1306 2734 „
1339 2685 1665 2738 Definirt'autem
1693 2687 1791 2725 solet
1821 2696 1952 2733 actus,
1981 2701 2044 2723 seu
2075 2689 2291 2736 dictamen,
2320 2703 2401 2741 quo

1281 2769 1306 2788 „
1338 2739 1552 2778 intellectus
1580 2754 1624 2777 ex
1668 2741 1868 2792 principiis
1904 2739 2147 2789 generalibus
2188 2741 2404 2793 synderesis

1285 2821 1311 2840 „
1340 2792 1486 2844 judicat
1515 2794 1560 2830 de
1590 2793 1783 2839 bonitate,
1830 2801 1894 2828 aut
1923 2792 2072 2830 malitia
2102 2807 2262 2843 eorum,
2310 2807 2402 2847 quat

1283 2874 1310 2893 „
1340 2845 1463 2884 fiunt:
1507 2860 1575 2884 seu
1604 2855 1655 2883 est
1685 2845 1895 2896 applicatio
1934 2847 2210 2899 principiorum
2241 2862 2400 2901 genera·

1284 2926 1310 2946 ,,
1340 2897 1437 2938 lium
1467 2899 1516 2938 ad
1544 2908 1669 2939 actum
1700 2898 1974 2950 particularem
2006 2900 2055 2937 ’'-

2309 2973 2346 2998 20

1290 3060 1426 3099 riaiiter
1449 3066 1558 3100 malos
1585 3074 1625 3098 ex
1657 3064 1852 3109 ignorantia
1879 3065 2074 3105 invincibili
2091 3065 2337 3111 procedentes,
2363 3076 2402 3101 ut

1289 3124 1344 3144 ex.
1371 3123 1423 3155 gr.
1450 3113 1673 3145 concubitum
1700 3112 1807 3145 Jacob
1833 3124 1912 3145 cum
1940 3113 2000 3146 Lia
2018 3135 2028 3153 ,
2051 3125 2149 3157 posse
2163 3113 2268 3145 etiam
2296 3114 2402 3146 bonos

1291 3159 1485 3191 formaliter
1512 3170 1583 3190 esse
1600 3179 1609 3196 ,
1635 3159 1742 3190 immo
1769 3159 2041 3196 &‚rneritorios.
2081 3160 2179 3192 Hanc
2206 3159 2402 3202 opinionem

1288 3212 1326 3235 ut
1363 3204 1582 3247 apertissime
1627 3203 1750 3237 falsarii
1789 3210 1933 3238 nerv'ose
1971 3206 2101 3239 refutat
2128 3206 2163 3238 Ρ.
2189 3206 2340 3238 Cone-ina
2368 3206 2402 3236 in

1288 3251 1418 3291 Appar.
1448 3251 1494 3282 'acl
1520 3249 1640 3284 Theol.
1679 3251 1779 3284 'fom-
1811 3252 1853 3285 Η.
1897 3252 1972 3286 Lib.
2003 3264 2034 3284 2.
2071 3252 2163 3285 Diss.
2195 3264 2222 3283 1·
2266 3263 2338 3293 cap·
2369 3251 2400 3281 5·

1291 3295 1369 3327 vid.
1394 3297 1502 3329 etiam
1528 3293 1633 3330 Card.
1660 3298 1758 3332 Cotti
1794 3297 1850 3331 De
1876 3300 1960 3334 Act.
1988 3300 2078 3333 ham.
2103 3312 2161 3343 qu.
2188 3297 2221 3340 4.
2260 3296 2339 3329 dub.
2370 3294 2402 3338 ᾧ.

1291 3344 1322 3385 §-
1353 3352 1384 3375 2.

1820 3397 1844 3442 7
