2562 3694
797 166 1044 227 QUAEST.
1077 160 1295 211 VAltIAE
1329 165 1408 227 DE
1444 167 1692 211 CttAin'r.

95 252 175 293 bus
191 252 354 292 charitas
367 261 440 293 non
461 248 705 298 diminuitur,
721 249 783 287 sed
804 263 953 302 prorsus
973 249 1217 298 extinguitur.

157 307 220 358 78.
251 305 367 345 Aliud
396 312 522 341 autem
554 305 810 341 testimoninm
842 316 884 340 ex
905 301 1135 352 Apocalypsi
1160 315 1216 337 re-

98 359 219 398 fertur
238 360 285 398 ad
302 358 487 395 ferventes
507 356 699 395 charitatis
719 365 824 394 actus
840 385 850 403 ,
880 355 1020 406 quibus
1041 354 1130 405 justi
1150 354 1214 392 lia-

96 412 223 451 bitum
252 409 448 450 charitatis
477 422 724 457 conservare,
755 408 940 456 &augere
955 415 1152 457 satnguut3
1180 407 1215 443 8(

93 479 116 502 a
143 463 286 515 quibus
314 466 344 502 si
373 474 538 512 cessent,
582 475 656 501 non
684 463 917 500 diminuitur
945 463 1102 512 quidem
1134 462 1215 513 ipse

93 514 483 565 cliaritatisliabitus,
513 518 577 568 qni
611 524 662 552 est
692 517 834 553 infusus
864 530 884 551 a
916 515 1017 560 lieo,
1048 528 1121 551 non
1152 528 1218 564 per

91 579 196 607 actus
224 572 457 622 aequisitus5
486 570 716 607 diminuitur
745 578 870 606 tamen
902 570 1027 604 fervor
1055 569 1218 604 charita-

90 624 158 670 tis,
190 624 289 662 unde
320 634 417 662 recte
437 622 664 661 monebatur
683 621 894 673 E›iscopus
910 620 1146 673 Epinesinus,
1179 629 1217 658 ut

88 677 355 728 poenitentiam
384 686 508 728 ageret
538 690 615 714 suae
645 637 917 727 negligentiae,
956 674 989 709 ὃ(
1020 675 1146 726 prior-t
1176 690 1215 711 o-

90 742 183 780 pera
212 730 404 768 charitatis
433 730 594 768 faceret.

151 795 217 834 79.
247 782 432 825 Praeterea
452 782 585 832 objicit
603 781 675 820 sibi
706 781 926 820 &Thomas
947 779 1063 819 verba
1078 780 1119 818 S.
1137 780 1214 818 Au-

86 836 255 886 gustini,
285 837 352 888 qui
375 836 462 875 Lib.
480 836 531 874 X.
566 834 681 887 Conf-
703 849 737 873 c.
754 847 820 886 29.
851 835 976 872 Deum
993 833 1211 885 alloquens,

87 887 231 926 Minus
251 918 262 935 ,
311 890 461 941 inquit,
498 899 537 927 te
564 898 704 936 amat,
735 901 797 939 (sta
827 897 958 926 tecum
987 887 1136 938 aliquil
1166 902 1212 924 a-

88 950 197 979 mat.
229 941 277 980 Et
297 942 386 981 Lib.
409 942 747 998 Octogintatrium
769 942 1040 992 Quaestionum
1063 955 1129 991 qu.
1147 940 1211 978 36.

87 998 374 1033 nutrimentum
392 1027 402 1039 ,
434 998 558 1049 inquit
574 1026 584 1044 ‚
615 996 824 1033 charitatis
845 1005 902 1032 est
918 994 1124 1032 diminutio
1145 1007 1210 1031 cu—

86 1047 264 1098 piditatis
280 1076 292 1087 .
321 1049 368 1087 Et
384 1049 473 1088 Lib.
491 1050 594 1088 Vlll.
625 1049 688 1087 De
708 1047 844 1086 Τνὶηὶΐ.
876 1063 909 1086 c.
930 1063 965 1099 7.
999 1047 1142 1084 Omms
1163 1061 1209 1085 a-

85 1113 202 1149 mor,
247 1103 368 1153 inquit
386 1132 397 1150 ,
426 1104 484 1140 vel
513 1112 571 1142 est
598 1101 852 1152 cupiditatis,
884 1103 939 1138 vel
968 1099 1208 1139 charitatis:

85 1163 229 1206 quanto
266 1156 380 1206 igitur
408 1158 529 1206 magis
564 1158 699 1193 crescit
727 1169 836 1191 amor
878 1154 1097 1205 cupiditatis
1141 1169 1208 1205 per

88 1218 246 1258 peccata
279 1207 450 1246 venialia
468 1237 478 1256 ‚
527 1220 572 1246 eo
600 1211 722 1260 tnagis
751 1208 982 1246 diminuitur
1011 1207 1207 1247 charitatis

78 1272 189 1297 amor
207 1285 220 1298 .
614 1260 618 1264 ’
647 1270 650 1275 “

134 1310 201 1351 80.
233 1312 440 1364 Respondet
469 1313 510 1352 S.
531 1313 699 1352 Thomas
729 1315 775 1353 ad
807 1328 842 1353 2.
875 1344 901 1362 ,‚
931 1314 1037 1367 quod¹
1061 1314 1204 1365 duplex

78 1394 106 1415 „
136 1375 189 1403 est
216 1367 430 1419 cupiditas:
459 1381 536 1406 una
564 1368 745 1420 quidem,
773 1382 852 1419 qua
883 1368 968 1406 sinis
999 1369 1036 1406 in
1058 1378 1203 1406 creatu—

75 1447 106 1468 „
137 1419 188 1456 ris
203 1421 470 1467 constituitur3
501 1422 534 1458 &
565 1420 649 1460 liaec
679 1421 897 1473 mortificat
912 1421 1088 1460 totaliter
1107 1421 1203 1460 clia-

78 1499 106 1521 „
134 1474 326 1520 ritatem,
357 1488 445 1512 cum
478 1476 523 1513 sit
553 1489 742 1514 venenum
775 1476 919 1527 ipsius,
958 1486 997 1514 nt
1029 1477 1206 1527 Augusti-

78 1553 108 1574 „
135 1537 207 1565 nus
235 1526 327 1564 dicit
356 1526 501 1566 ibidem
519 1553 529 1566 .
560 1529 607 1567 Et
637 1528 706 1566 hoc
740 1530 827 1566 fucit
845 1560 855 1577 ,
885 1530 985 1582 quod
1008 1530 1111 1567 Deus
1133 1531 1205 1567 ini-

78 1607 106 1626 „
136 1591 206 1617 nus
220 1588 398 1625 ametur3
426 1582 570 1620 seilicet
599 1597 716 1633 quam
746 1583 856 1620 debet
885 1585 1008 1620 ainai-i
1037 1597 1083 1620 ex
1113 1583 1203 1621 clia-

80 1659 107 1679 „
138 1632 273 1678 ritate3
303 1646 376 1671 non
404 1635 560 1686 quidem
578 1633 800 1671 charitatem
831 1635 1108 1684 diminuendo,
1139 1637 1202 1674 sed

73 1711 102 1733 ,‚
134 1697 218 1723 eam
247 1685 412 1724 totaliter
441 1685 632 1728 tollendO.
662 1686 709 1724 Et
738 1690 790 1725 sic
815 1688 1108 1739 intelligendum
1125 1698 1200 1737 est,

73 1738 104 1785 ζ,
132 1738 427 1789 ςιιοάἀίοἰῐιιτε
463 1738 604 1778 Minus
633 1747 672 1777 te
700 1748 842 1787 amat,
873 1744 937 1790 qui
965 1747 1098 1778 tecum
1126 1742 1201 1777 ali-

73 1817 102 1838 „
131 1790 224 1840 quitl
251 1801 403 1838 amat;
445 1793 620 1831 subditur
648 1794 752 1832 enim
769 1819 779 1830 .
831 1792 946 1843 Quod
987 1806 1088 1851 non,
1110 1806 1200 1842 pro-

71 1870 100 1890 „
128 1851 214 1893 pter
240 1853 280 1883 te
307 1854 452 1885 amat.
500 1847 717 1897 Quodvnon
747 1847 930 1898 contingit
965 1847 1006 1885 in
1045 1857 1201 1897 peccato

70 1924 99 1944 „
129 1896 297 1946 veniali,
328 1899 392 1937 sed
421 1909 568 1939 tantum
598 1901 638 1937 in
668 1899 817 1938 mortali
836 1926 846 1937 .
883 1901 997 1946 Quod
1026 1902 1128 1937 enim
1158 1915 1199 1938 a·

73 1977 100 1997 „
132 1959 256 1988 matur
285 1952 324 1989 in
346 1962 501 2004 peccato
521 1953 662 1993 veniali
681 1983 692 2001 ,
723 1961 876 2007 propter
897 1952 1026 1990 Deum
1047 1963 1197 1991 amatur

70 2029 98 2050 ,‚
129 2000 291 2053 habitu,
321 2007 387 2044 etsi
418 2020 492 2046 nou
521 2015 634 2044 actu.
663 2006 730 2044 Est
759 2016 886 2045 autem
909 2006 985 2043 alia
1006 2006 1194 2056 cupiditas

69 2083 97 2104 ‚‚
127 2058 287 2096 venialis
302 2061 448 2111 peccati
463 2090 474 2109 ,
490 2074 579 2112 quae
600 2074 750 2112 semper
769 2061 1000 2112 diminuitur
1022 2072 1088 2110 per
1104 2059 1193 2097 clia-

66 2136 96 2156 „
125 2111 274 2150 ritatem
291 2137 303 2151 .
333 2112 407 2152 Sed
437 2121 563 2152 tamen
582 2112 666 2149 talis
683 2113 871 2164 cupiditas
891 2112 1115 2150 charitatem
1136 2113 1194 2150 di-

68 2189 97 2210 „
127 2163 301 2202 minuere
330 2177 403 2202 non
434 2172 554 2216 potest
595 2165 740 2202 ratione
768 2164 850 2216 jani
878 2166 980 2207 dicta
1008 2168 1035 2187 ‘⁶
1053 2191 1064 2204 .
1108 2166 1196 2214 Qua

66 2212 292 2254 &Thomas
320 2216 493 2256 doctrina
521 2216 762 2268 explicantur
791 2220 905 2258 etiam
928 2218 995 2257 illa
1015 2218 1132 2258 verba
1152 2218 1193 2258 S.

64 2266 271 2318 Augustini
301 2269 392 2309 Lib.
410 2269 515 2309 Vlll.
545 2269 610 2308 De
633 2269 772 2310 Trinit.
790 2302 800 2321 ,
830 2271 975 2312 scilicet
1002 2272 1049 2310 de
1068 2287 1112 2311 ea
1127 2286 1193 2311 cu-

62 2319 256 2372 piditate,
303 2337 394 2375 quae
422 2337 500 2362 non
529 2325 723 2365 constituit
751 2325 870 2364 finem
913 2328 952 2363 in
980 2329 1191 2377 creaturis,

61 2372 234 2427 adeoque
263 2375 488 2416 charitatem
517 2379 693 2417 minuere
721 2392 796 2417 non
825 2388 970 2431 potest.

117 2426 185 2466 81.
215 2428 318 2468 lllud
346 2439 474 2470 antem
503 2429 545 2470 S.
564 2431 767 2484 Augustini
796 2433 964 2481 dietum,
995 2433 1095 2486 quod
1115 2447 1186 2474 nu-

60 2483 297 2520 trimentum
325 2483 533 2530 charitatis
560 2488 611 2524 sic
625 2484 833 2525 diminutio
849 2486 1076 2539 cupiditatis
1092 2518 1103 2538 ,
1133 2490 1186 2528 sic

64 2533 280 2586 explicatur
307 2551 331 2576 a
359 2537 400 2577 S.
417 2537 569 2577 Thema
598 2539 675 2587 Qu.
697 2539 785 2579 Vll.
804 2540 878 2580 »De
906 2541 1018 2579 malo
1045 2551 1117 2580 art.
1149 2556 1186 2581 2.

60 2587 110 2625 ad
140 2589 178 2627 5.
208 2619 236 2639 ,‚
255 2591 358 2643 qnod
386 2591 592 2632 diminutio
620 2593 838 2645 cupiditatis
857 2594 999 2633 dicitur
1019 2608 1096 2634 esse
1116 2609 1186 2633 mi-

59 2669 88 2689 „
116 2645 380 2694 trimemum,
410 2647 490 2684 sive
504 2650 754 2685 conseri-atio
768 2647 989 2693 cliaritatis3
1019 2661 1090 2687 non
1119 2664 1186 2687 au-

59 2722 88 2742 „
116 2696 193 2734 tem
213 2707 478 2750 augmentum
494 2714 510 2744 ;
537 2701 631 2752 quia
650 2698 795 2739 scilicet
810 2702 1014 2740 diminutio
1036 2704 1187 2754 cupidi-

54 2755 92 2795 ,,’
112 2750 201 2787 tatis
224 2751 408 2790 diminuit
435 2754 603 2792 venialia
621 2783 632 2802 ,
661 2767 751 2806 quae
780 2754 982 2807 disponunt
1001 2756 1049 2793 ad
1069 2758 1180 2795 amis-

53 2826 82 2848 „
111 2802 255 2842 sionem
286 2803 561 2845 cliaritatis·“.
1026 2841 1030 2845 .

109 2853 176 2894 82.
206 2856 368 2897 Obstare
398 2860 515 2897 etiam
545 2861 722 2908 videtur,
765 2861 868 2913 quod
896 2861 937 2901 S.
970 2862 1183 2901 Bernartius

55 2903 171 2946 habet
201 2910 242 2948 iu
271 2909 396 2951 Serm.
419 2912 468 2950 11.
514 2912 577 2952 De
606 2913 884 2967 purificatione
913 2915 1055 2954 Beatce
1083 2916 1182 2954 Ma-

54 2962 128 2997 riae
156 2974 197 2999 n.
215 2961 281 3011 5.,
312 2966 414 3016 quod
442 2979 523 3004 non
551 2967 734 3021 progredi
763 2972 803 3006 in
833 2972 896 3006 ria
926 2969 1003 3007 Dei
1032 2979 1090 3016 est
1119 2983 1180 3008 re-

52 3013 260 3054 trocedere
275 3031 292 3061 ;
321 3030 410 3056 cum
441 3032 528 3070 ergo
558 3020 647 3071 justi
668 3022 860 3074 peccando
881 3023 1083 3062 venialiter
1103 3037 1180 3062 non

49 3069 344 3119 progrediantur
373 3071 413 3110 in
443 3073 507 3111 via
535 3072 638 3123 Dei,
682 3077 920 3115 retrocedunt
950 3078 1082 3129 utique
1114 3090 1180 3130 per

52 3117 248 3166 charitatis
275 3125 585 3164 imminutionem
602 3150 614 3166 .

88 3160 182 3229 ιᾞῖί
205 3174 308 3215 titud
350 3187 442 3216 vero
476 3172 531 3218 sic
559 3178 727 3232 explicat
755 3173 962 3235 Angelicu's
1003 3183 1042 3220 in
1072 3182 1178 3223 laud.

53 3214 245 3279 ngvll.
275 3228 340 3269 De
368 3232 480 3270 malo
508 3241 579 3271 art.
598 3246 635 3271 2.
664 3248 706 3273 n.
727 3246 787 3272 11.
805 3264 815 3282 ,
863 3233 1033 3274 homines
1062 3246 1179 3275 retro-

50 3280 185 3323 cedere
214 3282 257 3324 iu
281 3285 345 3329 via
357 3285 459 3334 Dei,
490 3290 561 3326 non
591 3300 659 3339 per
687 3288 984 3326 dimunitionem
1004 3286 1178 3329 'charita-

48 3334 124 3382 tis,
146 3335 416 3388 v”dipem-hoc
432 3369 443 3388 ,
473 3339 576 3392 quod
609 3341 851 3380 retardantur
880 3357 901 3379 a
922 3342 1178 3394 proficiendo,

47 3386 109 3429 vel
139 3386 253 3428 etiam
281 3403 350 3442 per
379 3390 478 3446 hoel,
507 3394 614 3448 quod
641 3395 902 3448 disponuntur
924 3396 977 3436 ad
1006 3409 1136 3438 casum
1153 3423 1165 3438 .

2258 176 2334 218 181

1338 246 1405 291 84.
1435 246 1508 283 Sed
1538 247 1636 284 dicet
1665 247 1806 300 aliquis
1827 279 1837 297 ‚
1867 262 1993 287 annon
2026 259 2225 302 peccatum
2248 252 2397 291 veniale

1285 311 1336 338 est
1368 313 1456 337 vera
1485 303 1728 350 transgressio
1757 302 1893 350 Legis,
1938 304 1971 339 8(
2003 317 2091 342 vera
2119 305 2261 344 offensa
2294 307 2364 344 Dei
2387 336 2398 354 ,

1284 351 1372 392 lieet
1401 366 1475 391 non
1504 354 1657 403 gravis,
1687 354 1720 389 ὃ(
1751 355 1947 399 niort-ilis?
1989 357 2190 405 Quomodo
2219 373 2305 411 ergo
2335 373 2402 412 per

1285 408 1410 458 ipsum
1440 403 1603 444 charitas
1634 419 1709 443 non
1739 407 1996 448 diminuitur?

1310 474 1313 476 ·
1341 460 1406 497 85.
1439 459 1647 511 Respondet
1674 459 1716 497 S.
1734 459 1902 498 'siminus
1918 492 1927 508 ,
1959 474 2155 514 peccatum
2179 465 2325 504 veniale
2348 480 2402 503 es·

1286 526 1323 551 se
1354 513 1692 561 inordinationem,
1736 527 1798 550 seu
1831 518 2155 564 transgressionem
2187 520 2296 569 Legis
2325 532 2402 558 non

1285 567 1534 615 simpliciter,
1565 568 1627 606 sed
1656 566 1872 604 secuntlwa
1903 569 2018 618 quil,
2049 585 2118 609 izei:
2150 575 2307 623 proinde
2338 572 2404 610 im-

1286 621 1376 657 bere
1407 622 1560 671 proprie
1601 620 1742 658 dictam
1773 622 1954 658 rationein
1985 623 2133 659 odins-a:
2167 626 2264 675 Dei,
2296 640 2403 665 -cuin

1285 687 1358 712 non
1389 674 1565 724 importet
1593 675 1830 712 aversionem
1861 674 1910 712 ab
1940 675 2022 726 ipso
2054 676 2158 714 Deo.

1624 781 1659 819 C,
1687 781 1715 817 A
1746 779 1773 817 Ρ
1804 781 1838 818 U
1869 780 1903 819 Τ
1986 781 2054 820 IV.

1280 885 1344 924 De
1371 894 1568 936 praecepto
1592 886 1828 939 charitatis,
1859 901 1933 937 quo
1955 887 2244 942 adstringimur
2261 896 2403 931 omnia.

1331 953 1453 990 opera
1484 949 1623 978 nostra
1654 940 1874 978 deliberata
1903 956 1942 979 ta
1975 941 2109 981 Deum
2138 946 2319 996 rejerre.

1332 1025 1536 1091 86.Cum
1568 1055 1640 1085 tota
1671 1056 1796 1086 nostra
1825 1057 1955 1091 sancta
1984 1048 2130 1101 Religio
2159 1066 2179 1089 a
2210 1062 2403 1105 praecepto

1278 1102 1435 1152 pendeat
1464 1100 1679 1139 dilectionis
1709 1101 1780 1139 Dei
1798 1132 1809 1150 ,
1838 1103 1939 1154 quod
1970 1105 2142 1154 priunum
2160 1135 2170 1153 ,
2215 1105 2247 1141 &
2279 1109 2401 1145 inaxi-

1278 1168 1385 1192 mum
1416 1164 1494 1202 est,
1527 1155 1734 1193 necessario
1762 1157 1940 1207 consequi
1971 1157 2144 1205 videtur,
2175 1162 2305 1198 omnia
2335 1173 2399 1197 no-

1277 1217 1351 1245 stra
1379 1221 1495 1259 opera
1526 1223 1604 1246 esse
1633 1208 1682 1246 ad
1713 1208 1839 1246 Deum
1873 1209 2053 1248 ultimum
2085 1221 2248 1250 nustrum
2281 1214 2399 1253 linem

1276 1261 1502 1306 referenda3
1547 1263 1598 1299 ita
1628 1271 1665 1299 ut
1697 1262 1866 1312 primum
1898 1273 2032 1301 nostrae
2064 1266 2216 1303 rationis
2260 1267 2401 1305 instans

1276 1313 1310 1349 8(
1339 1324 1463 1352 cetera
1491 1317 1619 1353 omnia
1649 1329 1767 1367 usque
1809 1317 1856 1353 ad
1888 1317 2066 1354 ultimum
2098 1320 2137 1356 in
2168 1319 2239 1356 Dei
2268 1334 2399 1358 aniore

1275 1368 1569 1420 impendantur,
1601 1369 1634 1405 8(
1667 1371 1777 1407 unice
1807 1370 1846 1407 in
1882 1369 1961 1407 Deo
1991 1373 2192 1410 vivamus:
2225 1382 2262 1410 ut
2293 1377 2398 1412 enim

1275 1421 1398 1473 inquit
1427 1431 1552 1460 noster
1580 1421 1710 1460 Sanct.
1727 1421 1942 1475 Praeceptor
1973 1437 2009 1462 2.
2027 1438 2064 1463 2.
2085 1435 2220 1477 quae-it.
2240 1427 2302 1465 23.
2325 1438 2396 1466 art.

1277 1488 1313 1512 2.
1344 1476 1389 1513 ad
1409 1488 1445 1513 2.
1463 1505 1472 1522 ‚
1504 1474 1681 1513 charitas
1702 1475 2002 1527 estformaliter
2016 1482 2095 1516 vita
2116 1483 2291 1529 (misnae,
2321 1486 2397 1519 sic-

1274 1537 1314 1564 ut
1344 1530 1393 1568 ὼ·
1424 1533 1568 1566 anima
1609 1533 1810 1580 corporis‚·
1840 1529 1873 1565 Sc
1903 1541 1990 1568 ante
2019 1546 2106 1570 cuin
2139 1534 2298 1571 Sanctus
2322 1537 2398 1573 Au-

1271 1583 1444 1632 gustinus
1473 1583 1663 1622 SerimV.
1706 1582 1752 1620 ιίιε
1786 1581 1921 1622 Verbis
1941 1583 2133 1633 Domini,
2174 1588 2281 1623 Secta
2299 1618 2308 1635 ,
2341 1590 2398 1626 in-

1270 1636 1380 1685 quit,
1423 1640 1569 1674 anima
1611 1646 1669 1674 est.
1705 1641 1785 1674 rita
1814 1642 2016 1687 corporis,
2067 1643 2123 1676 sic
2153 1644 2308 1677 anirnoe
2338 1652 2400 1679 esa

1270 1687 1412 1726 Deus.
1443 1689 1490 1726 Et
1510 1690 1672 1727 Sanctus
1702 1690 1915 1727 Bernardus
1944 1692 1984 1728 in
2014 1693 2104 1729 Lib.
2135 1691 2182 1729 tle
2200 1693 2398 1745 diligendo

1270 1739 1386 1777 Deo.
1426 1770 1454 1788 „
1482 1740 1653 1788 Clamat,
1686 1746 1837 1791 inquit,
1868 1744 1968 1779 intus
1998 1744 2156 1790 innata,
2200 1746 2234 1781 &
2265 1759 2335 1784 non
2367 1749 2398 1785 i-

1270 1819 1301 1840 ‚‚-
1325 1802 1437 1842 gnota
1467 1795 1604 1831 rationi
1634 1792 1804 1844 justitia,
1851 1793 2090 1846 diligendum
2135 1811 2210 1834 esse
2254 1798 2396 1849 illum,

1268 1874 1294 1892 ,‚
1325 1844 1435 1893 cujus
1465 1859 1531 1883 nos
1562 1855 1654 1883 totos
1682 1861 1787 1895 esse,
1818 1846 1852 1882 8(
1880 1849 1944 1884 cui
1974 1857 2091 1886 totuin
2122 1850 2288 1899 debere,
2319 1868 2395 1893 non

1268 1926 1292 1943 „
1325 1899 1543 1948 ignoramus
1573 1901 1598 1920 ‘⁴
1617 1924 1628 1935 .
1668 1899 1748 1935 Iino
1778 1899 1976 1951 Apostolus
2006 1899 2146 1940 Paulus
2178 1905 2228 1942 ita.
2256 1906 2394 1945 Corin-

1266 1949 1361 1987 tliios
1392 1951 1632 1988 exortabatur
1661 1953 1699 1989 in
1722 1953 1885 1990 secunda
1917 1953 1963 1990 ad
1985 1955 2083 2005 ipsos
2114 1958 2221 2008 epist.
2238 1971 2322 2011 cap.
2344 1960 2392 1999 V.

1270 2003 1330 2048 14.
1361 2018 1438 2055 seq.
1469 2034 1494 2052 „
1523 2004 1695 2043 Charitas
1716 2006 1858 2043 Christi⁴
1879 2016 1983 2059 urget
2012 2022 2080 2046 nos
2189 2020 2227 2048 ut
2257 2011 2291 2047 8(
2319 2015 2391 2065 qui.

1264 2085 1290 2104 ,‚
1323 2058 1482 2105 vivunt,
1513 2057 1592 2110 jam
1624 2071 1694 2096 non
1723 2059 1798 2097 sibi
1829 2061 1986 2109 vivant,
2029 2063 2093 2100 sed
2123 2064 2156 2101 ei
2176 2094 2185 2111 ‚
2223 2066 2291 2116 qni
2322 2081 2391 2117 pro

1264 2139 1290 2156 ‚,
1321 2111 1409 2161 ipsis
1441 2121 1607 2149 mortuus
1637 2122 1716 2160 est,
1746 2112 1780 2149 8(
1810 2115 2013 2152 resurrexit
2042 2118 2067 2137 “
2086 2143 2096 2153 .
2128 2118 2220 2154 ltein
2242 2120 2389 2158 adfla-

1263 2162 1328 2202 lat.
1353 2164 1398 2201 ll.
1423 2178 1486 2203 20.
1516 2165 1562 2203 de
1582 2180 1620 2204 se
1641 2166 1724 2218 ipso
1742 2166 1919 2205 dicebat:
1951 2165 2044 2207 Vivo
2065 2182 2138 2223 ego
2156 2201 2166 2218 ,
2190 2172 2285 2222 jam
2307 2187 2388 2212 non

1261 2229 1366 2269 (Ἔνος
1395 2221 1479 2255 vivit
1508 2232 1596 2257 cero
1623 2222 1666 2255 ia
1696 2233 1762 2259 me
1785 2218 1986 2261 Christus.
2014 2222 2239 2263 Scliolastici
2263 2234 2388 2266 tamen

1271 2272 1504 2310 veneralibus
1533 2271 1753 2324 hujusmodi
1776 2275 1903 2313 verbis
1924 2276 2086 2315 minime
2106 2280 2271 2316 contenti
2288 2309 2298 2328 ,
2329 2281 2389 2319 di-

1259 2287 1440 2376 figendus
1469 2328 1682 2379 expendere
1712 2327 1941 2378 voluerunt,
1984 2332 2080 2382 quid
2117 2344 2162 2368 ex
2192 2344 2385 2386 praecepto

1260 2379 1300 2415 in
1331 2379 1376 2417 iis
1405 2382 1478 2426 sit,
1522 2381 1617 2433 quid
1646 2389 1774 2419 autem
1804 2395 1847 2419 ex
1878 2383 1956 2420 solo
1984 2384 2173 2423 consilio?
2216 2401 2304 2438 quae
2337 2403 2376 2430 nt

1256 2441 1356 2470 recte
1384 2433 1666 2485 intelligantur,
1698 2435 1886 2474 nonnulla
1914 2446 1998 2474 sunt
2028 2441 2274 2490 praenotanda
2292 2467 2303 2478 .

1290 2486 1376 2538 .87.
1406 2487 1545 2526 Primo
1566 2518 1577 2536 ,
1608 2488 1802 2541 triplicem
1832 2489 2009 2541 distingui
2039 2502 2209 2544 oportere
2231 2494 2383 2532 relatio·

1257 2553 1343 2578 nem
1374 2551 1587 2579 nostrorum
1616 2555 1775 2595 operum
1807 2543 1847 2583 iu
1877 2543 2032 2594 Deum,
2071 2559 2210 2596 nempe
2240 2556 2385 2586 ‹zotica-

1256 2593 1334 2632 lem
1357 2625 1366 2642 ‚
1394 2595 1602 2634 virtualem
1623 2625 1633 2644 ,
1652 2596 1702 2636 Εἴ)
1723 2594 1967 2636 habitualem
1985 2624 1995 2635 .
2027 2599 2198 2638 Actualis
2218 2610 2272 2638 est
2288 2615 2380 2653 quae

1255 2648 1425 2699 procedit
1454 2662 1499 2687 ex
1529 2659 1614 2688 actu
1643 2649 1836 2688 charitatis
1866 2664 2064 2704 expresso;
2105 2662 2143 2690 ut
2171 2667 2260 2692 cum
2292 2656 2380 2708 quis

1256 2703 1416 2753 pauperi
1447 2703 1630 2754 indigenti
1663 2704 1944 2756 eleemosynam
1974 2714 2100 2755 erogat
2130 2720 2173 2743 ex
2205 2707 2348 2746 reflexo
2367 2739 2381 2759 ,

1257 2767 1506 2808 expressoque
1535 2766 1622 2795 actu
1651 2756 1866 2795 dilectionis
1898 2757 1970 2796 Dei
1988 2788 1999 2805 ,
2029 2758 2062 2793 8t
2091 2762 2278 2811 proximi3
2319 2761 2381 2800 vel

1253 2821 1343 2847 cuin
1361 2812 1446 2862 quis
1466 2819 1593 2848 actum
1615 2809 1807 2849 charitatis
1827 2810 1997 2858 eliciens,
2019 2827 2069 2860 se,
2091 2827 2234 2866 suaque
2248 2817 2382 2854 omnia.

1252 2863 1291 2901 in
1321 2862 1449 2901 Deum
1478 2865 1652 2902 ordinat.
1683 2865 1738 2902 lta
1767 2874 1894 2903 autem
1926 2867 2067 2903 referre
2095 2868 2310 2907 actualiter
2341 2871 2377 2907 in

1251 2917 1380 2955 Deuiu
1399 2918 1537 2955 omnia
1554 2947 1564 2964 ‚
1596 2917 1629 2954 8(
1660 2917 1811 2971 singula
1841 2929 1963 2957 nostra
1981 2933 2096 2970 opera
2119 2931 2170 2960 est
2192 2923 2375 2973 perfectio

1249 2970 1452 3009 Beato'rum
1474 2973 1511 3010 in
1533 2969 1656 3009 Patria
1672 3002 1682 3020 ,
1713 2985 1785 3009 non
1816 2981 1945 3010 autem
1974 2973 2157 3026 obligatio
2176 2974 2373 3013 Fidelium

1248 3024 1289 3062 in
1320 3026 1411 3062 via.
1442 3055 1466 3073 ,‚
1499 3026 1665 3072 Omnia,
1696 3028 1819 3076 inquit
1851 3027 2064 3079 Angelicus
2096 3026 2295 3082 Quaesc.!.
2325 3028 2375 3067 de
2422 3070 2425 3073 ,

1250 3107 1276 3125 „
1305 3077 1497 3116 Cliaritate
1526 3082 1628 3116 inter
1657 3077 1894 3129 Disputatas
1926 3089 2004 3119 art.
2039 3092 2097 3120 Η.
2134 3081 2188 3119 ad
2219 3094 2255 3120 2.
2285 3090 2373 3119 actu

1249 3160 1275 3179 „
1306 3131 1447 3168 referre
1479 3133 1516 3169 in
1538 3131 1665 3169 Deum
1694 3145 1768 3171 non
1798 3144 1849 3170 est
1881 3133 2057 3185 possibile
2097 3137 2133 3172 in
2164 3134 2235 3173 liae
2265 3136 2370 3183 vita,

1249 3213 1276 3232 „
1305 3186 1403 3222 sicut
1430 3198 1506 3223 non
1535 3194 1587 3223 est
1606 3186 1788 3238 possibile
1805 3217 1815 3235 ,
1844 3188 1947 3241 qnod
1973 3201 2122 3239 semper
2148 3187 2195 3223 de
2212 3187 2294 3225 Deo
2309 3201 2372 3225 co·

1249 3267 1275 3285 „
1302 3239 1492 3289 giteinus3
1522 3237 1593 3278 hoc
1623 3239 1724 3277 enini
1756 3241 1914 3292 pertinet
1941 3242 1987 3280 ad
2009 3241 2278 3293 perfectionem
2301 3254 2369 3294 po.-

1249 3320 1275 3339 ,‚
1306 3292 1389 3328 triae
1421 3295 1469 3328 “.

1300 3343 1366 3382 88.
1382 3343 1526 3382 Relatio
1542 3343 1751 3386 habitualis
1765 3359 1924 3400 operum
1941 3356 2153 3385 nostrorum
2174 3348 2209 3386 in
2225 3347 2370 3399 Deum,

1246 3399 1401 3451 proprie
1416 3396 1623 3453 loqueud0‚
1636 3414 1710 3445 uon
1726 3409 1780 3442 est
1793 3403 1866 3450 nisi
1881 3410 2038 3455 potestas
2052 3402 2208 3448 amandi
2222 3400 2370 3451 Deum,

2264 3464 2318 3495 at·
