2562 3694
571 86 653 133 DE
687 84 1002 130 NECESSIT.
1037 83 1198 128 FIDEI
1232 80 1298 127 IN
1333 82 1496 127 LEGE
1532 84 1765 130 EVANG.

51 185 170 227 quam
199 169 357 211 actualis
385 168 562 222 baptismi
584 169 866 212 necessitatem5
895 181 983 204 cum
1012 164 1174 203 actualis

53 225 236 278 baptismi
266 225 451 275 susceptio
480 224 518 259 in
546 234 633 258 casu
666 222 900 272 impotentiae
938 233 1005 271 per
1041 220 1174 257 ardens

51 278 222 331 ejusdem
251 274 478 327 suscipiendi
509 283 638 312 votum
669 274 839 326 suppleri
870 276 1003 326 possit.

109 333 174 384 78.
204 332 311 369 Hane
341 330 537 366 veritatem
559 329 650 365 adeo
670 339 811 366 certam
834 327 935 379 apud
954 340 1082 363 omncs
1099 326 1171 363 Ca-

51 385 210 424 tholicos
238 382 425 434 reputavit
454 381 495 419 S.
519 383 774 432 Augustinus,
805 391 842 418 nt
873 393 944 418 non
975 380 1173 416 dubitave-

50 441 99 477 rit
126 449 172 474 ex
200 449 242 472 ea
271 444 400 472 contra
431 433 636 473 Monachus
666 435 935 472 Adi-timetinos
975 435 1020 470 ita
1059 446 1170 483 :trgu-

51 499 220 530 mentum
250 487 449 526 efformare
478 488 526 526 ‹le
558 488 730 537 Corrept.
761 489 809 528 (9⁶
837 491 973 539 gratia.
996 500 1079 537 cap.
1104 498 1139 535 7.
1158 514 1169 532 ,

49 573 78 592 „
108 542 150 581 Si
176 543 312 589 enim,
343 550 382 578 nt
401 541 546 579 Veritas
577 541 765 593 loquitur,
796 555 905 578 nemo
934 540 1118 577 liberatur
1147 552 1170 575 a

51 626 79 646 „
107 595 377 642 damnatione,
407 608 494 647 quae
526 595 624 632 facta
654 604 705 632 est
735 607 801 646 per
825 594 943 631 Adam
963 623 973 639 ‚
1004 594 1075 630 nisi
1108 604 1174 642 per

52 679 79 698 „
108 648 225 686 fidem
241 647 327 686 Jesu
343 648 505 696 Christi,
536 647 568 683 ἃ
598 658 723 686 tamen
754 648 802 685 ab
834 646 902 684 hac
933 647 1173 683 ‹hunuanone

52 732 80 752 „
109 714 183 739 non
213 715 250 739 se
278 701 522 750 liberabunt,
552 704 619 752 qui
651 710 826 753 poterunt
854 701 981 737 dicere
999 731 1008 746 ‚
1039 712 1111 736 nou
1137 712 1173 735 se

52 785 80 804 „
109 755 297 793 audivisse
318 754 573 806 Evangelium
602 756 776 803 Christi,
805 767 893 792 cum
910 753 1003 790 fides
1032 765 1075 789 ex
1105 766 1174 789 au·

53 838 81 857 „
109 810 191 846 ditu
221 810 265 846 sit
297 808 405 846 Rom.
429 807 479 846 X.
509 821 566 859 17.
586 839 596 855 ,
641 818 782 860 quanto
813 809 937 844 minus
967 820 1002 844 se
1033 806 1173 843 libera-

56 892 84 910 „
113 862 208 899 bunt
230 891 241 909 ,
269 863 337 913 qui
358 862 497 899 dicturi
518 870 631 909 sunt,
663 861 980 913 perseverantiam
1011 872 1083 896 non
1114 872 1176 895 ac-

53 945 81 963 „
110 913 312 966 cepimus?
349 915 492 952 Justior
521 916 622 952 enim
655 916 802 953 videtur
830 914 1019 950 excusatio
1047 913 1177 949 diceu-

53 997 80 1017 „
110 969 234 1016 tium,
265 980 338 1006 non
367 970 586 1021 accepimus
618 969 965 1020 perseverantiam;
993 967 1177 1017 quoniam

54 1051 81 1070 „
111 1031 228 1074 potest
255 1022 356 1060 dici:
388 1022 528 1070 Ιιοιῐιο,
559 1023 598 1060 in
629 1035 671 1059 eo
699 1022 801 1074 quod
831 1020 1030 1065 audieras,
1061 1018 1094 1053 &
1126 1028 1177 1055 te-

53 1104 80 1123 „
111 1088 270 1122 nueras,
302 1076 338 1112 in
368 1088 411 1112 eo
440 1088 726 1129 perseverares,
756 1075 785 1112 si
807 1073 946 1110 velles:
977 1071 1082 1109 nullo
1110 1087 1178 1109 au-

56 1157 84 1176 „
114 1138 189 1165 tem
221 1129 332 1166 modo
359 1129 435 1166 dici
465 1137 603 1180 potest:
647 1129 683 1165 id
725 1126 827 1179 quod
864 1139 940 1165 uon
976 1125 1178 1173 audieras,

55 1210 82 1229 „
112 1182 305 1228 crederes,
333 1182 363 1218 si
396 1180 511 1219 velles
527 1181 572 1218 ”.

111 1247 174 1285 79.
203 1233 244 1271 S.
275 1233 387 1271 etiam
419 1233 588 1272 Thomas
619 1247 656 1272 2.
688 1247 724 1272 2.
754 1247 822 1287 qu.
846 1246 882 1271 2.
912 1242 982 1271 art.
1015 1247 1051 1284 7.
1083 1241 1180 1284 post-

55 1299 175 1339 quam
202 1286 404 1334 docuerat,
435 1288 662 1340 mysterium
686 1288 959 1325 lucarnationis
979 1287 1182 1336 implicite,

54 1341 105 1381 (⁸)-
133 1338 364 1378 obumbrate
394 1341 508 1378 fuisse
536 1351 623 1379 ante
645 1340 794 1380 Messiae
824 1341 1026 1378 adveutum
1058 1356 1079 1376 a
1110 1342 1183 1377 mi-

54 1394 211 1432 noribus
241 1393 430 1431 creditum
451 1394 602 1432 subdit:
634 1424 660 1443 ‚‚
681 1393 762 1432 Post
783 1404 931 1446 tempus
951 1403 1076 1430 autem
1097 1407 1183 1445 gra-

56 1475 84 1495 „
115 1448 178 1484 tiae
210 1446 386 1484 revelatae
416 1455 493 1484 tarn
516 1448 701 1495 maiores,
731 1462 848 1500 quam
873 1449 1034 1484 minores
1057 1457 1182 1484 tenen-

56 1528 82 1548 „
112 1508 173 1538 tur
205 1499 343 1538 habere
363 1500 478 1538 fidem
499 1502 719 1553 explicitam
740 1503 786 1538 de
808 1502 995 1553 mysteriis
1011 1501 1151 1538 Christi
1170 1531 1182 1548 ‚

57 1581 85 1600 „
143 1554 312 1604 raecipue
340 1564 529 1606 quantum
559 1557 606 1592 ad
636 1569 708 1601 ea,
738 1569 826 1606 quae
857 1556 1111 1592 communiter
1143 1556 1181 1591 in

58 1635 84 1654 „
115 1567 288 1644 &eclesia
317 1607 632 1654 soleinnizantur,
663 1607 695 1642 ἃ
719 1607 875 1657 publice
896 1615 1182 1657 proponuntur,

57 1687 84 1707 „
112 1660 223 1697 sicuti
244 1669 326 1697 sunt
345 1659 498 1697 articuli
517 1660 784 1698 incarnationis
815 1663 829 1709 (
847 1663 910 1708 qni
927 1660 1073 1695 scilicet
1090 1672 1182 1695 conn-

59 1740 85 1760 „
114 1715 288 1750 tinemut·
307 1716 348 1749 in
364 1710 553 1765 Symbo!o
569 1713 584 1760 )
603 1738 614 1750 .
647 1711 751 1750 Alias
769 1721 894 1749 autem
918 1709 1072 1748 subtiles
1093 1719 1182 1748 con-

58 1793 86 1813 „
116 1765 358 1804 siderationes
377 1768 481 1804 circa
501 1766 775 1804 incarnationis
804 1763 981 1802 articulos
1011 1773 1184 1801 tenentur

59 1846 86 1866 „
116 1817 238 1871 aliqui
271 1821 416 1872 magis,
450 1818 510 1856 vel
541 1821 667 1857 minus
695 1818 875 1869 explicite
904 1817 1084 1864 credere,
1127 1831 1182 1854 se-

58 1899 85 1919 „
114 1872 280 1910 cundum
311 1873 412 1924 quod
440 1875 618 1912 convenit
645 1874 785 1922 statui,
827 1871 862 1908 8<
892 1869 1021 1910 officio
1050 1871 1182 1908 unius-

57 1953 84 1973 „
113 1923 301 1978 cujusque
321 1926 343 1940 ”
358 1951 369 1963 .

109 1977 172 2016 80.
203 1979 385 2031 Idemque
414 1981 454 2017 in
482 1989 553 2018 art.
581 1994 662 2033 seq.
690 1979 737 2018 de
765 1979 954 2033 Mysterio
983 1977 1186 2015 Trinitatis

56 2061 83 2081 „
112 2031 235 2070 docet:
253 2034 346 2085 quia
360 2063 372 2080 ,
388 2033 524 2085 inquit,
539 2033 772 2087 Mysterium
787 2033 1058 2072 lucaruationis
1073 2030 1184 2068 Chri-

60 2114 86 2134 „
116 2085 162 2122 sti
184 2085 361 2137 explicite
389 2088 493 2125 credi
523 2101 596 2125 non
615 2097 730 2139 potest
760 2088 839 2124 sine
867 2079 944 2123 fide
961 2085 1183 2122 Trinitatis:

60 2167 87 2187 ‚,
116 2139 210 2190 quia
239 2141 278 2176 in
308 2141 493 2192 mysterio
524 2140 793 2177 incarnationis
822 2139 963 2176 Christi
996 2139 1064 2174 hoc
1093 2150 1184 2175 con-

61 2221 87 2240 „
117 2192 282 2238 tinetur,
325 2191 428 2244 qnod
459 2191 581 2230 Filius
611 2191 684 2230 Det
713 2204 868 2229 carnem
911 2192 1183 2241 assumpserit,

60 2273 88 2294 „
116 2244 218 2296 quod
249 2257 316 2296 per
342 2245 504 2296 gratiam
532 2243 697 2297 Spiritus
725 2245 851 2283 Sancti
896 2244 1085 2282 mundum
1128 2257 1186 2281 re-

62 2326 89 2346 „
121 2299 340 2345 novaverit,
370 2298 403 2334 &
425 2300 563 2336 iterum
583 2299 682 2350 quod
705 2298 751 2336 de
771 2299 918 2350 Spiritu
937 2298 1073 2336 Sancto
1093 2310 1182 2335 con-

62 2379 89 2399 „
119 2360 250 2402 ceptus
279 2352 391 2390 fuerit
408 2378 418 2389 .
447 2351 496 2389 Et
524 2353 610 2390 ideo
630 2353 761 2390 eodem
782 2352 918 2398 modo,
948 2364 1025 2404 quo
1047 2360 1186 2403 myste-

61 2431 88 2452 „
119 2405 220 2442 rium
267 2404 542 2444 lncarnationis
582 2405 721 2444 Christi
765 2415 846 2443 ante
875 2405 1070 2442 Christum
1115 2405 1187 2442 fuit

65 2487 91 2506 „
121 2456 301 2508 explicite
330 2459 516 2497 creditum
560 2474 580 2496 a
613 2457 823 2509 maj0ribus
845 2488 856 2506 ,
901 2457 1086 2509 implicite
1120 2471 1188 2495 au-

62 2539 89 2559 „
119 2519 222 2559 tem,
266 2510 300 2548 ἃ
329 2515 439 2565 quasi
467 2512 694 2551 obumbrate
723 2527 745 2550 a
775 2512 1018 2559 minoribus,
1056 2513 1107 2549 ita
1137 2520 1190 2549 et-

63 2593 90 2613 „
120 2564 261 2602 ianr&
291 2568 518 2618 mysterium
540 2566 767 2604 Trinitatis.
798 2564 844 2603 Et
875 2567 957 2604 ideo
987 2574 1067 2618 post
1096 2574 1191 2603 tem-

66 2645 91 2664 „
122 2632 191 2669 pus
217 2620 350 2670 gratiae
380 2619 587 2672 divulgatae
606 2651 616 2669 ,
646 2629 817 2658 tenentur
844 2632 973 2656 omnes
1001 2619 1048 2656 ad
1069 2617 1192 2671 expli-

68 2699 95 2718 „
124 2672 197 2709 cite
225 2672 454 2712 credendum
485 2676 712 2727 mysterium
743 2673 965 2718 Trinitatis3
1001 2670 1034 2707 &
1062 2686 1194 2711 omnes

67 2752 94 2772 „
123 2725 190 2775 qui
221 2736 466 2765 renascuntur
486 2728 524 2765 iu
543 2727 694 2765 Christo
710 2757 721 2774 ,
750 2726 823 2763 hoc
843 2727 1105 2777 adipiscuntur
1126 2739 1194 2777 per

69 2805 95 2823 „
124 2777 400 2817 invocationem
429 2780 634 2818 Trinitatis
656 2779 727 2818 &c.
769 2780 824 2817 Ac
853 2779 1018 2817 demum
1047 2783 1088 2816 ιή
1117 2778 1192 2818 III.

70 2858 96 2877 „
127 2828 231 2868 Dist.
250 2831 313 2870 25.
333 2845 371 2883 q.
391 2846 426 2871 2.
457 2843 535 2871 art.
554 2832 691 2885 2.fol.
710 2847 746 2872 2.
777 2833 819 2871 In
849 2834 956 2870 tertio
985 2842 1104 2881 statu,
1133 2837 1193 2871 in-

69 2912 95 2931 „
127 2887 237 2933 quic:
282 2894 361 2936 post
389 2887 594 2925 adventum
622 2887 790 2934 Christi,
819 2887 912 2938 quia
943 2885 1021 2933 jam
1054 2896 1192 2938 myste-

69 2965 96 2984 „
126 2937 227 2975 rium
259 2935 539 2990 Redemptiouis
571 2940 773 2992 impletum
803 2950 882 2988 est,
921 2937 955 2975 8(
985 2939 1194 2991 corporali-

70 3018 98 3038 „
128 2998 208 3039 ter,
239 2990 272 3026 δι
303 2990 504 3030 visibiliter
524 3003 576 3030 est
598 2995 848 3044 praedicatum
866 3023 877 3041 ,
906 3006 1036 3034 omnes
1064 3001 1194 3031 tenen-

70 3070 96 3090 „
125 3052 186 3080 tnr
214 3043 261 3080 ad
291 3043 469 3096 explicite
491 3047 748 3084 credendum.
780 3046 875 3084 Etsi
897 3046 1038 3098 aliquis
1060 3048 1193 3084 instru-

71 3123 98 3143 „
124 3105 265 3134 ctorem
297 3110 368 3135 uon
400 3097 582 3147 haberet,
613 3099 717 3137 Deus
747 3101 780 3137 ei
803 3098 1014 3146 revelaret,
1045 3101 1119 3137 nisi
1150 3112 1196 3136 ex

74 3176 100 3193 ‚‚
128 3162 195 3187 sua
221 3149 336 3202 culpa
366 3160 576 3189 remaneret
589 3152 626 3190 ''.
657 3152 746 3190 Vid.
769 3153 974 3203 propositio
1002 3151 1051 3189 ab
1067 3153 1196 3190 Innoc-

73 3199 144 3237 Xl.
172 3202 349 3242 damnata
365 3203 627 3243 Absolutionis
647 3205 734 3246 &a
754 3219 838 3256 sup.
859 3218 900 3242 n.
918 3203 981 3248 24.

133 3252 200 3292 81.
230 3256 322 3296 Haec
343 3258 402 3297 An
432 3258 519 3296 elici
549 3259 718 3297 doctrina
746 3257 997 3296 confirmatur
1026 3257 1201 3309 exemplo

71 3307 241 3347 Cornelii
265 3339 275 3356 ,
303 3313 369 3362 qni
434 3313 519 3350 dem
542 3312 749 3363 quamdam
773 3311 1046 3350 incarnationis
1070 3310 1199 3363 impli-

190 3360 428 3417 Gazzaniga.
459 3365 495 3404 Τ
493 3364 589 3407 lieol.
620 3365 732 3407 Tom.
763 3364 848 3404 vll.

2229 97 2305 145 ¹45

1241 166 1357 202 citam
1390 163 1572 208 habebam
1603 167 1773 216 alioquin
1802 165 1884 216 ejus
1904 172 2104 208 oration-es
2125 170 2173 212 (ἓν
2194 174 2362 214 eleemo-

1240 230 1360 270 synae
1389 230 1468 253 non
1498 218 1768 256 accentasmu
1801 225 1840 256 m
1872 228 2114 261 ηισιιιονωηι
2135 229 2175 261 ln
2197 240 2359 277 ωηςρρ-

1241 280 1305 308 ctu
1326 269 1429 318 Det,
1461 279 1499 306 ut
1530 271 1599 320 ipsi
1634 272 1792 321 Angelus
1822 275 1916 311 dixit
1952 278 2029 312 Art.
2050 277 2097 314 Χ.
2117 279 2181 323 4.;
2213 279 2245 316 8(
2277 281 2363 321 haee

1242 323 1335 362 fides
1364 335 1452 362 tunc
1482 321 1670 360 sufficiens
1701 335 1804 371 erat,
1844 329 2009 365 nondum
2044 333 2278 372 nianil'estatsi
2311 337 2362 375 E-

1243 378 1406 428 vangelii
1436 378 1619 421 veritate5
1650 378 1710 413 sed
1743 387 1865 427 postea
1886 394 1972 417 c=un
1997 383 2050 419 illi
2075 390 2280 425 necessaria
2303 404 2359 426 es-

1241 440 1293 468 set
1324 431 1416 468 fides
1446 430 1650 480 explicita,
1684 432 1829 466 ¹missus
1869 432 1937 468 fuit
1971 434 2123 483 Penus,
2167 443 2233 490 qva
2268 457 2360 480 em„

1241 484 1353 535 plene
1384 486 1605 529 instrueret,
1637 491 1675 519 ut
1705 483 1799 521 bene
1829 484 1986 522 advertit
2017 489 2054 524 5.
2078 489 2243 530 Thomas
2265 509 2298 533 2.
2324 509 2362 534 2.

1238 551 1304 589 qu.
1334 551 1390 574 io.
1423 547 1491 574 art.
1517 537 1554 582 4.
1583 536 1628 573 all
1653 536 1690 574 5.

1295 592 1361 628 82.
1396 590 1526 642 Neque
1556 602 1644 626 veru
1674 588 1762 627 huic
1792 590 1971 628 doctrin-e
2001 592 2129 642 obest,
2162 600 2258 647 qnod
2283 601 2363 651 ple-

1242 644 1369 695 risque
1401 645 1483 680 haec
1507 644 1773 680 incarnationis
1792 673 1802 691 ,
1832 643 1864 679 ἃ
1888 644 2085 683 Trinitatis
2115 648 2203 686 sides
2226 653 2366 702 impos-

1242 698 1362 734 sibilis
1394 696 1506 749 plane
1535 698 1607 744 sit,
1638 698 1683 733 iis
1713 711 1850 749 nemp-⁹
1881 698 2088 748 omnibus,
2118 715 2140 752 q
2161 704 2182 738 ii
2204 705 2297 740 nihil
2321 708 2369 744 de

1243 749 1317 786 fi-le
1347 752 1576 796 audierunt,
1621 748 1836 799 cujusmodi
1867 753 1978 789 etiam
2011 767 2033 789 n
2055 767 2110 790 inc
2141 768 2217 793 esse
2247 770 2370 810 popu-

1244 802 1445 841 losissimas
1475 804 1642 841 nationes
1671 813 1815 840 certum
1847 814 1919 842 est.
1969 805 2052 844 Non
2071 837 2080 855 ‚
2112 809 2267 859 inquam
2288 841 2297 858 ,
2330 813 2368 849 id

1245 856 1374 901 obest;
1405 871 1492 894 nam
1525 856 1725 893 infidelitas
1757 859 1844 904 ista,
1873 871 1962 909 quae
1997 861 2169 911 negativa
2199 878 2220 900 a
2242 864 2369 902 ‘l'lico-

1247 909 1338 960 logis
1369 910 1610 960 appellatur,
1642 922 1716 946 non
1747 920 1797 946 est
1828 921 2026 962 peccatum
2045 943 2054 960 ,
2085 914 2231 953 dicente
2259 918 2372 956 Chri-

1247 971 1301 1000 sto
1315 963 1374 1000 J0.
1392 962 1479 1000 XV.
1501 976 1565 1000 22.
1596 962 1638 999 Sc·
1661 976 1740 999 non
1770 968 1986 1012 retificem,
2017 968 2065 1006 (9-
2094 968 2244 1006 locutus
2260 969 2373 1020 fuis·

1248 1029 1331 1052 sem
1354 1020 1408 1053 eis
1425 1047 1435 1064 ,
1464 1026 1671 1066 peccatum
1694 1030 1768 1053 nou
1794 1016 1979 1054 haberent
1996 1033 2011 1063 ‚·
2040 1023 2291 1072 quamobrem
2315 1026 2375 1062 in-

1248 1069 1378 1108 fideles
1410 1072 1467 1107 isti
1498 1071 1659 1121 negativi
1691 1071 1838 1108 nullam
1884 1071 1953 1109 hac
1998 1073 2042 1109 de
2072 1087 2185 1113 causa
2217 1091 2372 1128 poenarn

1248 1123 1372 1168 luent3
1403 1133 1566 1161 attamen
1597 1124 1713 1160 vitam
1745 1134 1928 1161 aeteruam
1959 1129 2134 1179 consequi
2167 1143 2241 1168 non
2273 1141 2374 1182 pote-

1247 1187 1361 1225 runt,
1392 1178 1540 1214 defectu
1572 1177 1688 1214 medii
1718 1177 1763 1213 ad
1797 1176 1902 1215 illam
1933 1178 2179 1219 obtinendam
2203 1197 2374 1223 necessa-

1251 1231 1323 1268 rii:
1360 1231 1686 1282 quemadmodum
1717 1231 1809 1267 vitio
1839 1244 1912 1267 nou
1943 1233 2054 1270 datur
2083 1246 2241 1286 aegroto‚
2272 1238 2376 1289 quod

1251 1283 1482 1322 medicinam
1513 1284 1559 1320 ad
1589 1283 1747 1320 salutem
1776 1287 2073 1336 recuperandam
2097 1289 2376 1328 invincibiliter

1251 1339 1423 1389 ignoret5
1467 1339 1544 1375 sine
1575 1351 1617 1374 ea
1648 1346 1773 1374 tamen
1804 1338 1962 1376 salutem
2008 1339 2115 1377 nulla
2146 1344 2288 1380 ratione
2319 1357 2377 1380 re-

1251 1391 1478 1442 cuperabit.
1511 1390 1631 1438 Vide,
1661 1404 1750 1444 quse
1782 1405 1893 1442 supra
1923 1391 2090 1432 diximus
2121 1408 2156 1431 n.
2177 1395 2239 1440 54.

1305 1444 1372 1482 85.
1402 1443 1494 1493 Obj.
1523 1447 1678 1493 primo.
1729 1443 1863 1494 Angeli
1895 1445 2071 1497 explicite
2102 1461 2176 1485 non
2208 1450 2378 1487 credide-

1252 1506 1336 1535 runt
1367 1499 1594 1550 mysterium
1625 1496 1922 1544 lncarmtionis,
1966 1501 2086 1550 qnia,
2132 1511 2168 1537 nt
2197 1502 2303 1540 docet
2335 1504 2377 1541 S.

1252 1549 1458 1603 Dionysius
1473 1565 1558 1602 cap.
1579 1565 1614 1601 7.
1647 1550 1826 1588 Caelestis
1843 1549 2094 1590 Hierarcbiae
2113 1585 2122 1601 ,
2156 1554 2250 1592 illust
2275 1558 2377 1607 igno-

1251 1615 1403 1641 rarunt:
1434 1618 1520 1654 ergo
1551 1617 1619 1641 nec
1650 1603 1821 1641 homiues
1843 1605 1888 1642 ad
1921 1604 2017 1642 illud
2040 1610 2264 1658 mysterium
2295 1623 2378 1647 cre-

1251 1655 1419 1693 dendum
1451 1657 1758 1706 adstringuntur.

1302 1709 1368 1753 84.
1401 1709 1611 1759 Respondet
1639 1709 1766 1746 Sauct.
1797 1709 1967 1747 Thomas
1999 1723 2086 1748 2.·2.
2106 1727 2172 1764 qu.
2192 1727 2228 1750 2.
2251 1724 2319 1751 art.
2340 1729 2378 1765 7.

1251 1757 1298 1793 ad
1321 1775 1352 1798 1.
1370 1791 1381 1808 ,
1412 1760 1568 1812 Angelis
1598 1773 1672 1798 non
1705 1761 1854 1798 latuisse
1876 1768 2116 1813 mss-terium
2138 1771 2250 1818 regni
2275 1767 2348 1804 Da·
2365 1799 2377 1815 ‚

1252 1820 1292 1847 ut
1319 1814 1412 1852 dicit
1447 1814 1488 1851 S.
1521 1815 1748 1866 Augustinus
1780 1814 1866 1852 Lib.
1891 1815 1936 1852 V.
1980 1831 2064 1867 sup.
2098 1817 2286 1857 Genesim
2323 1820 2380 1858 (tal

1253 1863 1326 1904 litt.
1355 1882 1441 1919 cap.
1466 1879 1552 1918 19.,
1583 1869 1643 1904 sed
1674 1868 1859 1919 quasdam
1892 1871 2054 1907 rationes
2086 1871 2204 1919 hujus
2237 1885 2377 1925 myste-

1253 1921 1302 1957 rii
1332 1919 1455 1957 solum
1487 1929 1612 1971 postea
1641 1922 1885 1971 cognovisse,
1915 1922 2064 1960 Christo
2093 1924 2311 1964 revelante.

1308 1972 1374 2010 85.
1403 1972 1497 2024 Obj.
1526 1972 1726 2011 secundo.
1773 1972 1898 2011 Etiam
1930 1975 2054 2014 Sanct.
2086 1977 2218 2016 Joann.
2252 1980 2378 2031 Bapti-

1253 2034 1332 2073 sta,
1363 2027 1408 2063 de
1437 2038 1514 2079 quo
1542 2028 1636 2064 dixit
1665 2026 1836 2064 Christus
1868 2026 2005 2066 Matth.
2028 2030 2095 2068 Xl.
2126 2045 2182 2069 ii.
2202 2064 2211 2073 ,
2252 2035 2377 2072 nenii-

1251 2093 1341 2117 nem
1370 2093 1413 2117 eo
1443 2078 1631 2132 majorem
1660 2082 1865 2118 surrexisse
1895 2082 1990 2119 iuter
2020 2095 2121 2122 natos
2146 2086 2380 2136 mulierum,

1252 2131 1322 2171 hoc
1352 2135 1576 2186 mysterium
1610 2134 1795 2185 ignorasse
1825 2134 1993 2173 videtur:
2025 2139 2124 2175 misit
2156 2141 2256 2176 enim
2289 2141 2383 2178 duos

1253 2200 1299 2224 ex
1327 2187 1541 2240 Discipulis
1569 2189 1674 2235 suis,
1706 2197 1744 2224 nt
1771 2186 1965 2226 Christum
2000 2191 2296 2241 interrogarent,
2326 2208 2378 2231 an

1253 2241 1334 2292 ipse
1363 2251 1481 2289 esset,
1510 2244 1576 2293 qui
1605 2249 1787 2278 venturus
1807 2251 1922 2288 erat,
1956 2242 2092 2282 Matth.
2116 2246 2185 2284 Xl.
2209 2246 2265 2284 5.:
2296 2259 2384 2298 ergo

1252 2306 1329 2332 non
1357 2295 1608 2342 tenebantur,
1637 2295 1752 2332 etiam
1785 2294 1947 2345 majores
1977 2298 2242 2338 interJudaeos
2264 2299 2386 2352 expli-

1253 2349 1369 2386 citam
1400 2349 1671 2386 incarnationis
1701 2348 1817 2386 fidem
1850 2347 2017 2389 habere.

1309 2400 1374 2440 86.
1405 2431 1432 2450 ,,
1456 2401 1644 2454 Respond.
1673 2415 1763 2439 cum
1793 2402 1919 2440 Sanct.
1952 2403 2102 2444 Thoma
2133 2406 2205 2444 loc.
2236 2407 2299 2444 cit.
2330 2406 2380 2444 ad

1256 2484 1282 2504 „
1314 2469 1350 2493 2.
1368 2485 1378 2503 ,
1407 2456 1511 2507 quod
1529 2455 1694 2493 Joannes
1715 2455 1880 2508 Baptista
1908 2457 1954 2494 de
1983 2458 2143 2497 adventu
2165 2460 2303 2497 Christi
2337 2461 2380 2496 in

1256 2539 1282 2558 ‚,
1312 2522 1424 2547 carne
1453 2522 1526 2546 uon
1555 2510 1762 2561 quaesivit,
1790 2510 1897 2560 qiiasi
1931 2509 1999 2548 hoc
2029 2513 2242 2563 ignorarem
2287 2526 2380 2550 cuin

1261 2592 1287 2612 ,‚
1317 2562 1397 2614 ipse
1429 2562 1498 2600 hoc
1527 2575 1701 2614 expresse
1730 2563 1922 2601 confessus
1954 2563 2065 2602 fuerit
2095 2567 2245 2603 dicens:
2293 2563 2383 2617 Ego

1262 2647 1287 2666 „
1317 2615 1419 2664 vidi,
1462 2617 1512 2656 (90
1540 2620 1809 2653 testimonium
1851 2614 2022 2666 perhibui
2044 2648 2053 2657 ,
2098 2622 2190 2668 (γαῖα
2234 2616 2293 2655 Ῑιὶσ
2324 2627 2386 2656 esc

1263 2700 1290 2719 „
1321 2668 1440 2706 Filius
1471 2669 1547 2708 Dec·
1565 2700 1574 2715 ‚
1607 2679 1647 2706 ut
1677 2668 1838 2707 habetur
1865 2669 1973 2707 Joan.
1993 2670 2018 2706 l.
2038 2671 2101 2715 54'.
2195 2671 2385 2710 Similiter

1262 2753 1288 2772 „
1318 2736 1392 2761 non
1422 2733 1474 2761 est
1501 2723 1730 2761 credendum
1749 2752 1758 2768 ‚
1788 2721 1889 2774 quod
1920 2723 2176 2774 ignoraverit,
2219 2739 2307 2762 eum
2337 2724 2388 2763 ad

1262 2807 1289 2825 „
1319 2777 1533 2828 passionem
1564 2786 1764 2814 venturum
1789 2800 1800 2812 .
1843 2775 1925 2828 lpse
1954 2777 2058 2814 enim
2088 2778 2232 2816 dixerat
2261 2778 2322 2816 J0.
2354 2774 2387 2816 Ῑ.

1262 2859 1289 2878 ,,
1321 2842 1410 2882 29.:
1441 2829 1549 2867 Ecce
1577 2841 1709 2880 agnus
1738 2827 1848 2875 Dei,
1877 2841 1970 2866 ecce
1998 2833 2061 2880 qui
2090 2831 2186 2869 tollit
2215 2840 2386 2881 peccata

1263 2913 1288 2931 „
1318 2883 1483 2932 mundi,
1526 2882 1793 2935 praenuotians
1831 2880 1914 2931 ejus
1943 2883 2246 2923 immolationem
2280 2885 2384 2922 sutu-

1262 2966 1288 2985 ‚,
1318 2949 1400 2975 ram
1416 2938 1437 2953 ''
1457 2963 1468 2974 .
1510 2936 1639 2984 Quare
1668 2944 1796 2972 autem
1828 2936 1971 2973 miserit
2002 2936 2220 2990 Discipulos
2251 2939 2296 2975 ad
2328 2939 2386 2976 iu-

1261 2990 1527 3041 terrogandum
1547 2991 1672 3039 ipsum
1693 2988 1888 3026 Christum
1905 3019 1915 3036 ,
1946 3002 2021 3027 non
2054 3004 2126 3029 una
2153 3000 2206 3029 est
2223 2991 2292 3030 SS.
2314 2990 2382 3029 Pa-

1261 3051 1426 3095 trum-ex
1443 3043 1587 3081 ›licatio
1603 3072 1613 3090 ,
1635 3050 1743 3092 prout
1766 3049 1865 3079 notat
1890 3042 2107 3095 Angelicus:
2126 3038 2189 3082 sed
2209 3045 2385 3083 omnium

1265 3095 1426 3147 probabi
1447 3098 1503 3134 ior
1532 3095 1601 3133 illa
1631 3094 1780 3132 videtur
1809 3093 1850 3133 S.
1866 3094 1975 3134 Joan.
1993 3095 2251 3150 Chrysostomi
2269 3126 2279 3144 ,
2311 3109 2383 3134 non

1266 3158 1307 3185 ut
1334 3148 1409 3186 sibi
1429 3149 1502 3200 ipsi
1519 3178 1532 3196 ,
1559 3147 1623 3186 sed
1643 3156 1682 3186 ut
1696 3149 1772 3187 suis
1791 3148 1991 3201 discipulis
2005 3151 2232 3189 satisfaceret
2249 3179 2260 3198 ,
2289 3161 2386 3201 quos

1264 3202 1347 3252 ipse
1375 3201 1544 3239 Christus
1574 3210 1698 3252 postea
1727 3202 1913 3240 instruere
1941 3200 2112 3254 dignatus
2141 3211 2223 3241 est.

1321 3254 1388 3306 87.
1418 3253 1511 3304 Obj.
1540 3257 1682 3293 tertio.
1712 3254 1913 3306 Apostolus
1941 3253 2079 3294 Paulus
2107 3256 2150 3292 ad
2171 3255 2288 3292 Hebr.
2311 3252 2384 3291 xi.

1268 3306 1306 3346 6.
1337 3306 1445 3347 nobis
1471 3306 1662 3358 declarat,
1690 3307 1816 3361 qualis
1844 3307 1938 3349 fides
1960 3310 2004 3348 sit
2026 3309 2235 3350 necessaria
2254 3307 2383 3365 adju-

1795 3373 1843 3413 ¹9
2269 3367 2336 3398 sib
