2562 3694
963 123 1112 181 Qum
1145 124 1238 168 srr
1271 123 1411 168 spsss
1445 123 1524 168 &a

90 240 118 262 ,‚
147 225 216 264 per
243 209 316 250 hoc
344 210 470 249 differt
497 219 614 259 spcsa
635 207 768 246 timore
785 235 796 254 ,
824 205 892 257 qui
923 214 974 243 est
1001 207 1046 242 de
1077 204 1202 243 malo.

88 295 116 315 ,‚
143 265 344 311 Secundo,
374 273 413 300 nt
441 262 485 300 sit
507 261 703 306 futurnm5
732 273 806 299 nou
836 260 938 298 enim
967 273 1051 309 spes
1079 268 1128 296 est
1156 259 1204 296 de

87 348 115 368 ‚,
144 318 322 371 praesenti
365 315 445 366 jam
477 313 629 361 habit03
673 314 706 351 δι
737 328 803 366 per
832 312 902 350 hoe
949 311 1074 349 differt
1122 326 1205 363 spes

86 401 114 421 „
143 386 166 410 a
192 369 358 423 gaudio,
399 368 502 420 quod
531 377 583 405 est
610 369 658 405 de
686 368 783 405 bono
826 366 1030 418 praesenti.
1075 364 1204 402 Tertio

87 454 114 474 „
142 437 182 462 re
214 422 378 468 niritur,
407 422 510 473 qnod
540 423 584 458 sit
613 421 761 472 aliquid
790 420 952 457 arduum
983 432 1071 455 cum
1102 416 1203 456 diffi-

141 489 187 514 ου
208 484 280 513 tate
309 474 581 526 adipiscibile;
611 488 686 512 non
716 474 818 510 enim
851 472 991 523 aliquis
1013 472 1204 508 diciturn-

83 558 111 578 „
141 528 266 581 liquid
296 542 447 579 sperare
477 529 709 574 minimum,
738 527 840 578 quod
869 526 993 562 statim
1011 534 1060 560 ost
1084 526 1120 561 in
1138 538 1203 562 sua

83 610 112 631 ‚,
141 588 316 634 potestate
347 590 385 618 nt
415 580 576 624 habeat3
607 581 640 617 &
671 594 736 633 per
767 579 834 617 hoc
851 577 976 616 ditl‘ert
993 592 1075 629 spes
1103 578 1202 614 ade-

84 662 112 683 „
141 634 305 682 siderio,
337 633 395 673 vel
425 634 658 685 cupiditate,
700 645 788 685 quae
816 641 870 670 est
897 632 944 668 de
974 631 1070 668 bono
1098 631 1202 668 sutu-

141 701 182 725 ro
212 687 409 734 absolute3
453 687 552 724 unde
595 687 755 737 pertinet
797 685 843 722 ad
873 683 1202 736 concupiscibile,

137 755 222 792 spes
249 751 375 779 autem
403 740 451 779 ad
482 740 674 778 irascibile
705 740 768 790 (a)
786 765 796 776 .
827 738 1000 786 Quarto,
1030 738 1132 788 quod
1154 737 1201 775 il-

137 793 204 832 lud
231 793 396 832 arduum
425 795 472 831 sit
500 792 679 846 possibile
708 792 890 844 adipisci3
927 804 1000 829 non
1028 792 1131 828 enim
1161 805 1200 828 a·

140 846 258 899 liquis
285 855 407 899 sperat
438 846 498 895 id,
527 847 629 899 quod
656 847 811 884 omnino
839 845 999 897 adipisci
1030 857 1106 881 non
1138 858 1202 896 po·

137 909 229 945 test3
259 899 293 936 ἃ
322 900 533 938 secundnm
563 899 634 937 hoc
662 898 788 937 differt
818 912 901 949 spes
930 914 951 935 a
971 897 1201 947 desperatio-

80 982 107 1002 „
136 967 186 990 ne
206 953 228 969 ”
244 979 256 991 .
283 952 424 991 subdit
453 962 581 991 autem
598 983 610 1001 ,
639 967 744 1005 spem
774 951 928 989 differre
949 951 1169 989 adesiderio
1189 981 1201 999 ,

80 1035 108 1054 „
136 1009 235 1044 sicut
263 1003 455 1055 differunt
482 1011 688 1057 passiones
717 1004 923 1043 irascibilis
951 1017 978 1042 a
1005 1007 1200 1054 passioni-

79 1089 107 1107 „
137 1059 207 1098 bus
234 1058 572 1111 concupiscibilis:
614 1061 664 1101 ζ’)
692 1068 849 1110 propter
878 1057 949 1094 hoc
977 1070 1198 1107 proesuppo-

77 1115 136 1149 nit
164 1112 427 1158 desiderium;
455 1119 554 1152 sicut
583 1114 634 1154 ὠ·
653 1125 794 1150 omnes
821 1115 1027 1161 passiones
1057 1115 1195 1148 irasci·-

78 1164 162 1203 bilis
190 1175 498 1218 praesupponunt
522 1170 731 1214 passiones
769 1164 1103 1214 concupiscibilis.
1148 1165 1199 1202 Et

76 1218 162 1256 liaec
191 1220 348 1272 quidem
378 1218 570 1270 profunde
597 1233 620 1256 a
647 1218 690 1256 S.
720 1217 872 1256 Thema
899 1219 945 1256 de
974 1232 1040 1271 spe
1069 1220 1106 1256 in
1134 1233 1196 1270 ge-

73 1284 166 1310 nere
185 1298 197 1310 .

129 1325 168 1364 3.
197 1324 273 1364 Sed
300 1326 331 1363 si
360 1339 443 1378 spes
471 1326 728 1364 consideretur
757 1333 798 1363 ut
827 1326 947 1364 virtus
989 1324 1201 1377 theologica

77 1387 161 1426 est,
190 1378 385 1429 objectum
416 1380 537 1432 ipsius
552 1381 782 1432 primarium
811 1380 958 1430 estipse
974 1379 1104 1428 Deus,
1134 1394 1199 1418 seu

81 1430 188 1470 illius
208 1431 321 1470 beata
350 1432 482 1471 fruitio
501 1434 540 1470 in
557 1434 634 1470 vita
663 1442 825 1471 aeterna:
854 1431 949 1470 Non
978 1436 1108 1481 enim,
1138 1435 1198 1471 in-

73 1485 158 1537 quit
187 1484 395 1536 Angelicns
419 1485 563 1524 Doctor
593 1500 630 1525 2.
662 1501 699 1524 2.
729 1500 795 1538 qu.
831 1500 891 1537 ¹7·
921 1494 990 1525 art.
1016 1500 1081 1535 2.‚
1124 1491 1198 1524 mi-

74 1551 151 1576 nus
178 1538 329 1589 aliquid
357 1552 385 1577 a
414 1538 503 1577 Deo
531 1540 776 1589 sperandum
806 1549 863 1591 est
885 1570 895 1587 ,
938 1553 1062 1590 quam
1089 1544 1140 1578 sic
1168 1545 1198 1578 i-

72 1604 142 1642 pse
156 1607 171 1636 ‚·
200 1604 292 1629 cum
320 1605 402 1630 non
429 1597 480 1630 sit
509 1597 641 1630 minor
660 1592 931 1644 ejus-bonitas
948 1623 961 1641 ,
988 1606 1058 1642 per
1072 1607 1196 1643 (ruam

71 1644 178 1682 bona
206 1654 406 1684 creaturae
424 1649 720 1693 communicat,
751 1659 873 1695 quam
890 1648 976 1697 ejus
991 1651 1166 1684 essentia
1183 1674 1197 1686 .

71 1697 204 1736 Media
231 1707 360 1737 autem
388 1699 436 1737 ad
464 1697 589 1746 ‚illam
633 1699 941 1749 consequendam
983 1701 1196 1737 necessaria

69 1760 152 1789 sunt
179 1750 374 1805 objectum
402 1751 705 1791 secundarium.
732 1751 854 1802 Spes,
884 1751 1013 1803 inquit
1034 1751 1134 1789 idem
1151 1752 1195 1790 S.

70 1802 242 1843 Thomas
272 1819 309 1844 2.
341 1819 378 1844 2.
407 1814 544 1858 quaest.
571 1818 631 1856 ¹7·
661 1814 732 1843 art.
755 1819 793 1843 2.
821 1805 869 1843 ad
901 1816 961 1843 2.:
996 1834 1026 1852 „
1044 1803 1192 1843 Princi-

70 1887 98 1906 „
128 1857 266 1910 paliter
295 1860 448 1911 respicit
476 1859 752 1898 beatitudinem
783 1869 992 1903 aeternarn5
1022 1858 1100 1896 alia
1127 1873 1192 1898 ve-

70 1940 96 1958 „
126 1924 195 1958 ro,
225 1926 313 1963 quae
345 1920 532 1964 petuntur
555 1927 577 1950 a
605 1912 688 1950 Deo
716 1914 870 1964 respicit
897 1911 1124 1950 secunda-rio
1152 1914 1195 1949 in

69 1993 96 2012 ‚‚
125 1964 256 2003 ordine
283 1965 331 2003 ad
358 1965 623 2004 beatiudinem
652 1967 881 2012 aeternain3'
907 1967 1004 2003 sicut
1033 1965 1067 2000 ἃ
1097 1965 1194 2002 fides

69 2045 96 2065 „
125 2018 394 2072 principaliter
421 2019 580 2072 quidem
610 2020 764 2071 respicit
794 2019 953 2065 Deum,
993 2017 1027 2054 δε
1056 2032 1190 2059 secun-

68 2099 96 2119 „
124 2071 235 2110 dario
261 2073 415 2126 respicit
443 2087 510 2121 ea,
539 2086 628 2126 quae
658 2074 706 2111 ad
735 2073 864 2118 Deum
892 2071 1159 2109 ordinantur-'’
1178 2097 1193 2109 .

120 2123 160 2169 4.
188 2124 436 2166 characteres
462 2135 589 2169 autem
617 2126 697 2177 spei
725 2135 810 2163 sunt
850 2126 1092 2176 potissimum
1121 2124 1185 2162 de-

69 2176 255 2217 siderium
272 2209 284 2226 ,
314 2179 349 2214 8(
377 2179 554 2222 fiducia5
583 2177 617 2213 &
645 2177 877 2216 desiderium
907 2179 1092 2229 quidem3
1120 2192 1188 2216 ne-

98 2244 146 2268 ne
173 2232 276 2269 enim
305 2239 423 2282 potest
439 2230 583 2283 aliquis
596 2245 640 2268 ea
660 2244 840 2283 sperare,
869 2244 958 2282 quae
980 2230 1085 2269 nullo
1103 2245 1188 2269 mo·-

67 2244 120 2320 iio
147 2293 278 2332 amat,
315 2298 388 2323 nec
431 2297 551 2323 concu
586 2285 694 2330 iscit3
735 2285 988 2337 quamobrem
1016 2283 1186 2324 Christus

64 2336 216 2375 dicebat
246 2335 384 2376 Mattli.
406 2337 455 2375 V.
485 2336 526 2376 6.
588 2342 696 2387 eati,
725 2342 790 2389 qui
818 2342 995 2375 esuriunt
1015 2368 1026 2387 ,
1055 2339 1104 2379 (9-
1133 2343 1184 2377 si-

63 2393 165 2426 tiunt
187 2392 419 2444 justitiam,
448 2395 637 2442 quoniam
662 2395 735 2442 ipsi
753 2389 1036 2429 saturabuntur
1052 2405 1065 2428 .·
1094 2407 1183 2444 quae

62 2437 180 2482 verba
209 2446 261 2483 ita
288 2453 562 2484 commentatur
590 2445 632 2484 S.
662 2447 894 2497 Augustinus
926 2447 964 2485 in
989 2444 1184 2484 Psalmnm

61 2495 208 2536 LXIV.
238 2512 349 2538 num.
369 2498 432 2538 8.:
466 2496 518 2536 Ut
545 2497 638 2537 inde
665 2502 822 2537 satieris
839 2529 850 2546 ,
879 2511 972 2536 cum
999 2512 1184 2549 pervene-

65 2553 148 2597 ris,
178 2550 250 2589 Izoc
277 2561 315 2590 te
341 2560 490 2603 oportet
519 2556 723 2600 esaurire,
751 2554 801 2593 (³)
835 2556 963 2601 sitire,
993 2565 1084 2590 cum
1118 2567 1184 2605 pe-

61 2608 309 2655 regrinaris.
353 2606 517 2645 Fiducia
546 2615 662 2654 vero,
700 2620 776 2658 qua
805 2606 1018 2644 obtenturos
1045 2620 1114 2645 nos
1141 2621 1185 2646 ea

62 2655 193 2707 bona,
221 2672 312 2712 qua
340 2661 546 2712 cupimus,
575 2670 675 2698 certo
703 2660 966 2705 confidamus5
995 2669 1096 2698 certo
1126 2662 1185 2700 in-

59 2722 206 2759 quam,
249 2725 328 2750 non
368 2714 594 2753 certitudine
634 2713 753 2760 fidei,
796 2714 1120 2765 quemadmodum
1142 2730 1186 2753 a-

61 2761 163 2814 liqui
193 2765 292 2802 inter
321 2765 571 2806 Protestantes
611 2768 826 2814 somniant,
868 2767 932 2805 sed
959 2769 1186 2806 certitudine

62 2816 171 2866 spei,
200 2831 288 2870 quae
318 2819 460 2865 divinae
489 2820 767 2860 misericordiae
795 2821 998 2860 innititur.
1028 2821 1187 2874 (Vide,

84 717 111 738 θ’

81 769 109 790 22

79 821 108 843 2,

81 877 109 895 θ’

81 929 108 948 22

101 3000 151 3037 (a)
183 2997 221 3030 S.
245 2996 400 3032 Thomas
435 2999 475 3033 in
496 3002 556 3035 m.
584 3002 744 3036 Sentent.
771 3001 939 3036 Distinet.
961 3002 1016 3034 25.
1055 3011 1179 3047 ‹pi-1251.

62 3052 94 3075 1.
120 3052 187 3077 art.
209 3054 239 3075 2.
260 3066 286 3084 ‚,
305 3045 454 3078 Difficile
472 3070 483 3088 ,
508 3048 621 3092 inquit
636 3070 647 3087 ‚
681 3049 733 3081 vel
761 3047 908 3081 arduum
935 3047 1039 3091 add-it·
1056 3061 1185 3093 ‹fii-am·
1210 3082 1215 3086 ,

59 3109 89 3131 „
112 3089 197 3127 dam
219 3091 408 3136 specialem
446 3093 616 3126 rationem
642 3094 822 3135 bonitati,
859 3095 993 3127 scilicet
1020 3096 1184 3139 pretiosi-

63 3154 90 3174 ,‚
113 3142 221 3171 mem
247 3150 290 3171 ex
306 3137 380 3179 hoc
406 3139 481 3183 ipso
500 3161 510 3179 ,
535 3139 625 3184 qiiod
653 3152 719 3173 non
739 3139 780 3172 de
801 3142 892 3173 facili
915 3140 1086 3182 habetur,
1112 3143 1182 3173 sic-

58 3201 89 3223 „
111 3189 151 3214 ιη
171 3181 327 3218 dicitur=
367 3186 470 3218 Omne
498 3199 606 3219 rarum
630 3198 759 3228 carum.
781 3189 806 3208 “
848 3187 936 3218 llinc
964 3187 1055 3219 Deus
1080 3197 1185 3233 peter·-

61 3236 152 3266 nam-
168 3227 420 3264 beatitudinem
439 3254 448 3271 ,
473 3244 549 3275 ‹pua-
576 3233 645 3276 spei
674 3240 807 3267 nostr·
825 3231 1001 3275 objectum
1026 3241 1102 3272 est,
1127 3246 1184 3265 at·-

63 3272 169 3306 dnam
197 3286 269 3308 esse
292 3278 429 3318 voluit,
456 3281 487 3310 &
512 3278 686 3311 difficilem
707 3300 717 3318 ,
753 3291 857 3322 quarn
889 3279 1022 3310 nonnisi
1051 3279 1182 3312 labori-

62 3318 155 3359 bns,
180 3321 452 3365 afflictionibus,
479 3328 509 3356 &
536 3337 687 3358 maxtin-i
715 3325 883 3369 patienti-t
911 3326 1072 3367 consequi
1101 3337 1182 3368 pos-

58 3375 211 3400 sumus-
246 3367 337 3403 Hinc
361 3369 459 3407 Beati
483 3372 523 3405 in
544 3373 660 3416 patria
685 3382 872 3417 corporum
895 3381 1040 3405 suortun
1063 3382 1185 3405 resur-

2255 133 2335 186 157

1269 218 1357 256 qua:
1387 205 1485 242 dicta
1515 213 1596 241 sunt
1626 205 1737 242 Tam.
1760 206 1808 244 Π.
1839 220 1924 259 pag.
1946 206 2036 247 355.
2059 207 2101 255 ).
2134 209 2228 248 Haec
2256 219 2389 249 tamen

1271 259 1413 298 fiducia
1443 270 1512 294 tion
1543 257 1925 298 excluditsalutarein
1957 262 2067 299 illum
2085 264 2286 312 timorem,
2316 265 2387 315 qni

1273 311 1378 350 nubis
1409 312 1447 348 in
1462 310 1587 348 Sacris
1604 311 1756 348 Litteris
1785 316 1993 363 saepisdme
2025 316 2264 364 inculcatur,
2298 316 2387 360 iux0

1273 375 1307 403 ta
1339 364 1432 402 illud
1464 363 1632 415 Pliilipp.
1663 364 1708 400 ΙΙ.
1746 378 1803 401 ι2.
1838 367 1934 403 curn
1967 379 2069 405 mem
2091 399 2102 415 ,
2131 371 2181 410 (9⁹
2209 380 2385 407 tremore

1271 428 1445 456 pysis-,lm
1472 418 1642 455 salutem
1658 422 1879 466 operamini
1898 446 1906 456 .
1937 420 2047 467 Quod
2073 423 2184 460 utiam
2207 423 2387 475 exemplo

1273 488 1339 509 suo
1375 487 1440 508 nus
1468 471 1595 509 docuit
1627 471 1727 508 idern
1761 472 1956 522 Apostolus
1992 487 2023 511 1.
2053 476 2221 513 (luvintli.
2243 477 2292 514 Xl
2319 491 2385 526 27.

1274 526 1470 577 inquit-ns:
1499 523 1681 575 nejbrte
1709 537 1799 560 cum
1828 527 1918 562 aliis
1946 527 2271 578 praedicaverim,
2301 534 2387 581 ipse

1271 579 1452 628 repm‘ms
1482 577 1638 626 effictam·
1667 576 1752 624 (b).

1327 634 1362 670 5.
1394 632 1506 668 Porro
1534 633 1574 668 S.
1593 630 1760 668 'l'liomas
1788 630 1984 678 observat,
2013 633 2188 671 timorem
2205 636 2383 674 servilem

1270 701 1311 723 ea
1329 687 1470 723 ratione
1486 685 1649 722 diminui
1668 716 1678 733 ,
1708 699 1784 736 qna
1814 699 1918 736 spes,
1948 684 1982 722 8<
2011 688 2148 724 caritas
2178 699 2382 738 augentur:

1269 753 1342 778 non
1373 743 1422 776 ita
1453 752 1541 777 vero
1569 739 1741 775 timorem
1773 737 1962 786 filialem,
2006 738 2068 777 hic
2100 742 2200 777 enirn
2231 753 2274 777 eo
2303 756 2384 778 ina-

1268 795 1323 845 gis
1352 802 1528 843 augetur,
1558 806 1634 843 quo
1662 801 1849 841 augentur
1877 806 1985 842 spes,
2027 792 2061 829 8(
2092 795 2244 831 caritas:
2268 823 2293 842 2,
2315 795 2385 833 Ti-

1270 874 1296 895 „
1327 861 1410 884 mor
1438 859 1593 897 poenae,
1624 849 1746 895 inquit
1778 847 1990 895 Angelicus
2020 859 2056 884 2.
2080 859 2115 884 2.
2145 856 2286 896 quaest.
2323 861 2384 899 19.

1326 910 1403 938 arc.
1427 898 1557 942 io.,ti‹l
1575 912 1610 936 2.
1627 929 1637 945 ,
1655 907 1727 945 est,
1757 901 1822 950 qui
1840 900 2069 937 diminuitur
2085 910 2272 938 crescente
2288 915 2353 952 spe
2374 916 2386 946 ;

1327 954 1388 991 sed
1419 967 1461 990 ea
1478 962 1669 989 crescente
1699 953 1959 990 crescittimur
1975 952 2125 1001 filialis,
2156 955 2247 1005 qnia
2264 969 2386 1006 quan-

1269 1038 1294 1056 „
1326 1016 1364 1044 to
1390 1007 1530 1058 aliquis
1558 1006 1695 1043 certius
1737 1015 1905 1055 expectat
1934 1005 2100 1057 alicujus
2137 1006 2225 1044 honi
2254 1020 2385 1045 conse-

1267 1091 1293 1109 „
1323 1061 1514 1098 cntionem
1545 1073 1611 1110 per
1632 1060 1820 1097 auxilium
1843 1059 2023 1107 alterius,
2054 1068 2155 1097 tanto
2184 1061 2304 1109 magis
2320 1075 2384 1099 ve·

1267 1145 1292 1164 „
1324 1123 1425 1156 retur
1455 1127 1542 1150 cum
1572 1112 1760 1150 offendere
1782 1137 1795 1160 9
1823 1112 1882 1150 vel
1912 1112 1961 1150 ab
1991 1126 2033 1149 eo
2061 1115 2227 1164 separari
2245 1114 2265 1129 ‘'
2283 1141 2294 1151 .

1318 1168 1356 1207 6.
1391 1167 1652 1205 Fundamenta
1681 1166 1844 1217 (lenique
1872 1167 1952 1219 spei
1982 1176 2115 1204 nostrae
2145 1177 2228 1204 sunt
2251 1168 2321 1205 Dei
2345 1181 2386 1205 o-

1267 1221 1545 1273 mnipotentia,
1576 1220 1609 1255 &
1639 1220 1927 1268 misericordia,
1971 1220 2069 1257 unde
2100 1220 2224 1258 David
2256 1222 2292 1258 in
2322 1221 2388 1260 Ps-

1268 1275 1375 1313 Xlll.
1406 1273 1498 1325 Ego
1532 1282 1698 1321 utitem,
1740 1273 1890 1311 dicebat
1919 1273 2115 1321 Domino,
2157 1278 2198 1310 in
2229 1277 2385 1312 mireri-

1268 1327 1406 1366 corella,
1433 1337 1504 1365 ῑιιιι
1523 1331 1710 1376 speravi.
1755 1325 1851 1363 Sunt
1882 1327 1972 1364 item
2003 1326 2151 1364 infinita
2180 1326 2387 1366 Salvatoris

1267 1383 1380 1420 nostri
1409 1380 1498 1419 Jesu
1527 1381 1666 1419 Christi
1697 1381 1833 1417 merita
1849 1378 2075 1417 Sanctorum
2105 1393 2285 1432 quoque,
2314 1383 2385 1433 qni

1266 1445 1351 1473 sunt
1381 1436 1419 1473 in
1457 1433 1588 1482 caelis,
1630 1448 1674 1472 ac
1704 1434 1897 1484 imprimis
1927 1433 2064 1471 Maria:
2097 1433 2295 1485 Virginis,
2337 1449 2388 1474 ac

1267 1489 1472 1527 Genitricis
1503 1488 1573 1525 Dei
1605 1488 1846 1534 intercessio,
1884 1485 2038 1538 aliaque
2067 1486 2180 1537 liujus
2209 1490 2384 1538 generis3

1267 1543 1464 1594 przecipue
1492 1550 1620 1579 autem
1650 1541 1769 1592 gratia
1791 1540 1863 1581 Dei
1886 1539 2042 1588 efficax,
2074 1553 2118 1577 ex
2147 1555 2221 1592 qua
2252 1545 2384 1580 omnia

1267 1606 1389 1633 nostra
1418 1595 1516 1633 bona
1545 1595 1681 1632 merita
1710 1593 1970 1631 sobolescunt.
2003 1594 2188 1631 Audiatur
2216 1594 2258 1631 S.
2279 1594 2385 1632 'sho-

1264 1663 1346 1686 mas
1374 1663 1412 1686 2.
1443 1662 1479 1686 2.
1510 1657 1645 1699 quaest.
1674 1661 1733 1696 ¹7·
1763 1656 1833 1684 att.
1854 1647 1893 1691 4.
1914 1647 1936 1662 ”
1956 1646 2077 1698 Spes,
2114 1650 2263 1696 inquit,
2306 1649 2384 1686 duo

1263 1731 1290 1750 „
1320 1702 1500 1752 respicit,
1538 1700 1682 1737 scilicet
1712 1699 1882 1746 bonum,
1931 1699 2032 1749 quod
2061 1699 2230 1735 obtinere
2260 1700 2386 1738 inten-

1262 1783 1288 1802 ‚‚
1316 1754 1399 1801 dit,
1429 1753 1463 1788 ἃ
1493 1751 1711 1799 auxilium,
1756 1764 1822 1801 per
1850 1752 1950 1802 quod
1980 1749 2078 1788 illud
2113 1751 2257 1789 bouum
2285 1752 2384 1791 obti-

1317 1816 1429 1845 netur
1446 1832 1458 1844 .
1489 1806 1636 1843 Bonum
1668 1812 1794 1842 autem
1812 1834 1822 1852 ,
1851 1804 1954 1856 quod
1973 1803 2113 1856 aliquis
2142 1815 2263 1843 sserat
2284 1806 2382 1844 obti-

1315 1860 1515 1906 nendum,
1558 1858 1671 1896 habet
1701 1858 1887 1896 rationem
1924 1870 2048 1894 causae
2076 1819 2230 1895 finalis:
2273 1862 2384 1897 anxi-

1316 1912 1413 1950 lium
1441 1920 1596 1957 antem,
1639 1923 1707 1962 per
1735 1909 1838 1961 quod
1865 1909 2006 1960 aliquis
2035 1920 2157 1961 sperat
2187 1910 2283 1949 illud
2313 1912 2383 1950 bo-

1318 1979 1407 2002 num
1437 1964 1606 2002 obtinere
1625 1993 1635 2010 ,
1666 1961 1778 2000 hahet
1809 1963 1990 1999 rationein
2011 1976 2136 2000 causae
2159 1962 2383 2005 efficientis.

1315 2018 1371 2056 Et
1401 2022 1568 2055 iterum:
1597 2017 1692 2068 Spes
1708 2017 1859 2067 respicit
1875 2016 2149 2054 beatitudinem
2172 2026 2378 2068 aeternam,

1315 2074 1410 2110 sicut
1439 2071 1558 2109 finem
1577 2069 1785 2116 ultimum,
1814 2069 1990 2108 divinum
2004 2079 2137 2111 ,autem
2165 2071 2380 2122 auxilium,

1259 2156 1285 2175 „
1315 2127 1412 2164 sicut
1442 2127 1610 2177 primam
1639 2137 1792 2161 causam
1824 2123 2066 2161 inducentem
2097 2124 2142 2162 ad
2173 2124 2378 2164 beatitudi-

1256 2209 1283 2228 „
1313 2194 1403 2218 nem
1424 2179 1444 2194 ''
1463 2205 1476 2216 .
1517 2177 1602 2215 Post
1630 2187 1756 2215 autem
1793 2175 1953 2228 loquens
1980 2177 2027 2214 de
2057 2177 2214 2216 auxiliis
2253 2178 2378 2218 hoini-

1253 2247 1375 2281 nurn,
1422 2232 1483 2270 vel
1512 2231 1740 2270 Sanctorum
1771 2231 1810 2268 in
1839 2230 1966 2278 coelo,
2004 2230 2064 2268 vel
2094 2233 2304 2271 viventium
2337 2235 2380 2271 iu

1254 2289 1390 2335 terris,
1428 2286 1534 2324 docet
1559 2298 1674 2337 posse
1698 2298 1763 2322 nos
1792 2284 1842 2321 de
1868 2285 1913 2321 iis
1942 2297 2119 2337 sperare:
2150 2315 2176 2333 „
2196 2285 2302 2323 Sicut
2330 2287 2382 2324 de

1255 2370 1281 2389 ,‚
1310 2349 1441 2389 agente
1471 2339 1722 2386 secundario,
1767 2336 1800 2372 8(
1830 2337 2107 2376 instrumentali
2125 2369 2135 2387 ,
2178 2352 2247 2391 per
2275 2342 2379 2391 quod

1254 2424 1281 2443 „
1312 2393 1456 2446 aliquis
1496 2392 1701 2444 adjuvatur
1729 2391 1775 2429 ad
1817 2404 2075 2444 quaecumque
2117 2393 2217 2430 bona
2246 2406 2377 2430 conse-

1254 2477 1280 2496 „
1309 2447 1490 2500 quenda,
1521 2448 1559 2484 in
1590 2445 1861 2483 beatitudinem
1891 2446 2086 2483 ordinata.
2118 2445 2165 2483 Et
2195 2444 2264 2482 hoc
2295 2460 2376 2482 mo-

1254 2531 1281 2550 „
1308 2502 1356 2539 do
1374 2531 1384 2548 ,
1413 2498 1610 2546 concludit
1631 2529 1643 2547 ,
1679 2499 1728 2536 ad
1757 2497 1918 2536 saucios
1943 2500 2229 2546 convertimur,
2259 2497 2294 2534 St
2321 2498 2378 2537 ab

1254 2584 1281 2603 ‚,
1311 2554 1531 2592 hominibus
1560 2554 1675 2590 etiam
1705 2551 1837 2603 aliqua
1869 2552 2034 2603 petimus
2048 2553 2069 2567 ''
2091 2578 2102 2590 .

1309 2623 1346 2660 7.
1378 2608 1533 2645 Frustra
1549 2620 1639 2644 vero
1666 2605 1787 2657 aliqui
1808 2603 1996 2654 objiciunt
2013 2634 2024 2652 ‚
2054 2619 2142 2642 cum
2163 2605 2282 2655 gratia
2303 2618 2378 2657 per

1252 2675 1319 2711 se,
1361 2661 1394 2697 8(
1423 2661 1472 2698 ab
1502 2662 1707 2699 intrinseco
1735 2658 1868 2695 efficax
1913 2671 1984 2695 non
2013 2658 2194 2695 omnibus
2229 2659 2338 2696 detur
2359 2689 2374 2708 ,

1249 2729 1292 2752 ac
1324 2715 1481 2765 proinde
1510 2727 1583 2752 non
1612 2712 1792 2750 omnibus
1834 2713 2017 2762 promissa
2047 2713 2122 2759 sit,
2163 2723 2235 2749 non
2266 2725 2376 2763 posse

1250 2770 1290 2806 in
1321 2768 1558 2806 Tliomistica
1589 2766 1716 2804 schola
1747 2765 1842 2801 lianc
1872 2764 1922 2802 ab
1958 2766 2136 2802 omnibus
2165 2774 2204 2802 ut
2233 2765 2376 2803 funda-

1250 2832 1424 2861 mentum
1453 2822 1533 2873 spei
1563 2819 1729 2858 haberi.
1766 2817 1920 2855 Frustra
1950 2819 2139 2869 inquam3
2168 2832 2256 2857 nam
2285 2817 2375 2858 haec

2250 2872 2324 2910 ob·

1269 930 1296 950 θ’

1270 984 1296 1003 9)

1262 1837 1288 1856 :2

1261 1891 1286 1909 29

1260 1944 1286 1962 9>

1260 1996 1286 2014 9>

1259 2049 1285 2068 25

1259 2102 1286 2121 S>

1250 3002 1444 3035 rectionem
1479 3008 1729 3045 expectantes,
1765 2998 1905 3043 proprie
1939 2997 2100 3032 eamdem
2132 3008 2271 3043 sperare
2297 2995 2370 3030 dici

1251 3060 1317 3081 non
1345 3057 1504 3093 possent,
1540 3045 1598 3078 >ed
1626 3046 1740 3090 potius
1764 3044 1960 3078 desiderare
1981 3067 1992 3086 ,
2028 3056 2110 3079 cnm
2134 3057 2203 3078 non
2227 3045 2270 3076 sit
2301 3045 2375 3076 ah·-

1251 3093 1342 3138 quod
1373 3095 1505 3127 bonnm
1539 3092 1718 3133 arduum,
1752 3092 1847 3136 quod
1883 3092 2090 3132 laboribus,
2128 3095 2160 3124 δι
2185 3090 2372 3123 conatibus

1252 3141 1386 3184 acquiri
1413 3139 1558 3172 debeat.

1297 3188 1347 3224 (b)
1370 3188 1456 3228 Qua!
1482 3186 1591 3218 verba
1616 3184 1664 3217 ita
1688 3183 1837 3229 pulchre
1869 3193 2125 3218 commentatur
2148 3182 2368 3224 Augustinus

1252 3231 1341 3275 apud
1379 3236 1418 3264 5.
1443 3231 1616 3264 Thomala
1644 3232 1677 3263 in
1704 3232 1795 3264 hunc
1822 3232 1938 3264 locum
1966 3231 2118 3276 Apostoli
2146 3229 2238 3261 Pauli
2256 3242 2269 3258 :.
2293 3229 2367 3259 Suo

1252 3287 1370 3310 trinorc
1396 3292 1456 3311 nus
1482 3283 1605 3311 terruit
1631 3280 1842 3320 Apostolus.
1868 3276 1964 3322 Quid
1988 3276 2207 3319 erzimsucret
2231 3286 2368 3317 agnas,

1248 3326 1301 3356 nbi
1326 3329 1418 3358 arios
1447 3329 1564 3361 tremit
1582 3336 1597 3360 ,δ
1631 3324 1727 3370 Quid
1740 3325 1860 3370 saciet
1886 3326 2069 3370 infirnuis,
2090 3323 2144 3355 ubi
2169 3325 2264 3355 timet
2277 3319 2367 3365 [ον-

1248 3379 1316 3405 tuor
1335 3379 1350 3405 3
