<?xml version="1.0" encoding="UTF-8"?>
<!DOCTYPE html PUBLIC "-//W3C//DTD XHTML 1.0 Transitional//EN"
    "http://www.w3.org/TR/xhtml1/DTD/xhtml1-transitional.dtd">
<html xmlns="http://www.w3.org/1999/xhtml" xml:lang="en" lang="en">
 <head>
  <title>
</title>
<meta http-equiv="Content-Type" content="text/html;charset=utf-8" />
  <meta name='ocr-system' content='tesseract 3.04.00' />
  <meta name='ocr-capabilities' content='ocr_page ocr_carea ocr_par ocr_line ocrx_word'/>
</head>
<body>
  <div class='ocr_page' id='page_1' title='image "./fratrispetrimari06gazzuoft_0360.png"; bbox 0 0 2562 3694; ppageno 0'>
   <div class='ocr_carea' id='block_1_1' title="bbox 221 158 1882 221">
    <p class='ocr_par' dir='ltr' id='par_1_1' title="bbox 221 158 1882 221">
     <span class='ocr_line' id='line_1_1' title="bbox 221 158 1882 221; baseline 0.002 -16"><span class='ocrx_word' id='word_1_1' title='bbox 221 181 276 221; x_wconf 81' lang='lat'><strong>92</strong></span> <span class='ocrx_word' id='word_1_2' title='bbox 757 160 836 204; x_wconf 86' lang='lat' dir='ltr'><strong>DE</strong></span> <span class='ocrx_word' id='word_1_3' title='bbox 871 159 1007 204; x_wconf 82' lang='lat' dir='ltr'><strong>ACT.</strong></span> <span class='ocrx_word' id='word_1_4' title='bbox 1041 159 1195 205; x_wconf 84' lang='lat' dir='ltr'><strong>HUM.</strong></span> <span class='ocrx_word' id='word_1_5' title='bbox 1249 158 1514 204; x_wconf 83' lang='lat' dir='ltr'><strong>DISSERT.</strong></span> <span class='ocrx_word' id='word_1_6' title='bbox 1538 159 1618 203; x_wconf 91' lang='lat' dir='ltr'><strong>IV.</strong></span> <span class='ocrx_word' id='word_1_7' title='bbox 1652 162 1780 206; x_wconf 87' lang='lat' dir='ltr'><strong>CAP.</strong></span> <span class='ocrx_word' id='word_1_8' title='bbox 1807 164 1882 207; x_wconf 87' lang='lat'><strong>111.</strong></span> 
     </span>
    </p>
   </div>
   <div class='ocr_carea' id='block_1_2' title="bbox 159 237 1308 2846">
    <p class='ocr_par' dir='ltr' id='par_1_2' title="bbox 159 237 1290 1627">
     <span class='ocr_line' id='line_1_2' title="bbox 164 237 1274 294; baseline -0.005 -13"><span class='ocrx_word' id='word_1_9' title='bbox 164 275 192 294; x_wconf 80' lang='lat'>„</span> <span class='ocrx_word' id='word_1_10' title='bbox 222 244 271 281; x_wconf 84' lang='lat' dir='ltr'><strong>ris</strong></span> <span class='ocrx_word' id='word_1_11' title='bbox 302 237 610 278; x_wconf 72' lang='lat' dir='ltr'><strong>restaurandam.</strong></span> <span class='ocrx_word' id='word_1_12' title='bbox 657 238 697 278; x_wconf 93' lang='lat' dir='ltr'><strong>Si</strong></span> <span class='ocrx_word' id='word_1_13' title='bbox 728 253 817 277; x_wconf 80' lang='lat' dir='ltr'><strong>vero</strong></span> <span class='ocrx_word' id='word_1_14' title='bbox 846 241 933 279; x_wconf 88' lang='lat' dir='ltr'><strong>solis</strong></span> <span class='ocrx_word' id='word_1_15' title='bbox 963 241 1123 280; x_wconf 86' lang='lat' dir='ltr'><strong>humani</strong></span> <span class='ocrx_word' id='word_1_16' title='bbox 1152 241 1274 279; x_wconf 88' lang='lat' dir='ltr'><strong>carni-</strong></span> 
     </span>
     <span class='ocr_line' id='line_1_3' title="bbox 164 295 1275 347; baseline -0.001 -16"><span class='ocrx_word' id='word_1_17' title='bbox 164 327 191 347; x_wconf 80' lang='lat'>„</span> <span class='ocrx_word' id='word_1_18' title='bbox 220 296 292 335; x_wconf 85' lang='lat' dir='ltr'><strong>bus</strong></span> <span class='ocrx_word' id='word_1_19' title='bbox 320 296 365 334; x_wconf 89' lang='lat' dir='ltr'><strong>sit</strong></span> <span class='ocrx_word' id='word_1_20' title='bbox 395 303 548 346; x_wconf 65' lang='lat' dir='ltr'><strong>pastus,</strong></span> <span class='ocrx_word' id='word_1_21' title='bbox 581 304 744 344; x_wconf 74' lang='lat' dir='ltr'>resurget</span> <span class='ocrx_word' id='word_1_22' title='bbox 776 295 811 332; x_wconf 89' lang='lat' dir='ltr'><strong>in</strong></span> <span class='ocrx_word' id='word_1_23' title='bbox 841 308 905 343; x_wconf 87' lang='lat' dir='ltr'><strong>eo,</strong></span> <span class='ocrx_word' id='word_1_24' title='bbox 934 296 1072 347; x_wconf 85' lang='lat' dir='ltr'><strong>quoda</strong></span> <span class='ocrx_word' id='word_1_25' title='bbox 1091 307 1275 346; x_wconf 76' lang='lat' dir='ltr'><strong>generan-</strong></span> 
     </span>
     <span class='ocr_line' id='line_1_4' title="bbox 164 347 1274 399; baseline -0.005 -12"><span class='ocrx_word' id='word_1_26' title='bbox 164 380 192 399; x_wconf 89' lang='lat'>„</span> <span class='ocrx_word' id='word_1_27' title='bbox 221 349 321 387; x_wconf 75' lang='lat' dir='ltr'><strong>tibus</strong></span> <span class='ocrx_word' id='word_1_28' title='bbox 350 349 486 396; x_wconf 79' lang='lat' dir='ltr'><strong>traxit,</strong></span> <span class='ocrx_word' id='word_1_29' title='bbox 535 348 567 383; x_wconf 85' lang='lat'>&amp;</span> <span class='ocrx_word' id='word_1_30' title='bbox 597 349 699 399; x_wconf 89' lang='lat' dir='ltr'><strong>quod</strong></span> <span class='ocrx_word' id='word_1_31' title='bbox 726 347 918 396; x_wconf 81' lang='lat' dir='ltr'><strong>defuerit,</strong></span> <span class='ocrx_word' id='word_1_32' title='bbox 966 348 1206 399; x_wconf 71' lang='lat' dir='ltr'>supplebitur</span> <span class='ocrx_word' id='word_1_33' title='bbox 1234 358 1274 381; x_wconf 91' lang='lat' dir='ltr'><strong>o-</strong></span> 
     </span>
     <span class='ocr_line' id='line_1_5' title="bbox 164 402 1272 454; baseline -0.006 -13"><span class='ocrx_word' id='word_1_34' title='bbox 164 433 191 453; x_wconf 92' lang='lat'>„</span> <span class='ocrx_word' id='word_1_35' title='bbox 223 403 472 454; x_wconf 76' lang='lat' dir='ltr'><strong>mnipotentia</strong></span> <span class='ocrx_word' id='word_1_36' title='bbox 500 402 713 439; x_wconf 75' lang='lat' dir='ltr'><strong>Creatoris.</strong></span> <span class='ocrx_word' id='word_1_37' title='bbox 762 402 870 448; x_wconf 78' lang='lat' dir='ltr'><strong>Quod</strong></span> <span class='ocrx_word' id='word_1_38' title='bbox 904 402 935 435; x_wconf 76' lang='grc' dir='ltr'><strong>ὅ(</strong></span> <span class='ocrx_word' id='word_1_39' title='bbox 963 403 993 438; x_wconf 89' lang='lat' dir='ltr'><strong>si</strong></span> <span class='ocrx_word' id='word_1_40' title='bbox 1031 409 1198 451; x_wconf 76' lang='lat' dir='ltr'><strong>parentes</strong></span> <span class='ocrx_word' id='word_1_41' title='bbox 1227 410 1272 434; x_wconf 78' lang='lat' dir='ltr'><strong>ex</strong></span> 
     </span>
     <span class='ocr_line' id='line_1_6' title="bbox 163 450 1273 507; baseline -0.007 -13"><span class='ocrx_word' id='word_1_42' title='bbox 163 487 191 507; x_wconf 89' lang='lat'>„</span> <span class='ocrx_word' id='word_1_43' title='bbox 221 454 306 494; x_wconf 83' lang='lat' dir='ltr'><strong>solis</strong></span> <span class='ocrx_word' id='word_1_44' title='bbox 339 455 516 494; x_wconf 83' lang='lat' dir='ltr'><strong>humanis</strong></span> <span class='ocrx_word' id='word_1_45' title='bbox 544 456 724 494; x_wconf 85' lang='lat' dir='ltr'><strong>carnibus</strong></span> <span class='ocrx_word' id='word_1_46' title='bbox 755 456 844 506; x_wconf 68' lang='lat' dir='ltr'><strong>pasti</strong></span> <span class='ocrx_word' id='word_1_47' title='bbox 878 454 1043 498; x_wconf 84' lang='lat' dir='ltr'><strong>fuerint,</strong></span> <span class='ocrx_word' id='word_1_48' title='bbox 1088 460 1127 487; x_wconf 89' lang='lat' dir='ltr'><strong>ut</strong></span> <span class='ocrx_word' id='word_1_49' title='bbox 1156 451 1209 487; x_wconf 83' lang='lat' dir='ltr'><strong>sic</strong></span> <span class='ocrx_word' id='word_1_50' title='bbox 1239 450 1273 486; x_wconf 74' lang='lat'><strong>8:</strong></span> 
     </span>
     <span class='ocr_line' id='line_1_7' title="bbox 163 502 1275 561; baseline -0.007 -13"><span class='ocrx_word' id='word_1_51' title='bbox 163 541 191 561; x_wconf 88' lang='lat'>„</span> <span class='ocrx_word' id='word_1_52' title='bbox 222 523 355 547; x_wconf 87' lang='lat' dir='ltr'><strong>eorum</strong></span> <span class='ocrx_word' id='word_1_53' title='bbox 386 524 538 555; x_wconf 82' lang='lat' dir='ltr'><strong>semen,</strong></span> <span class='ocrx_word' id='word_1_54' title='bbox 587 510 684 560; x_wconf 77' lang='lat' dir='ltr'><strong>quod</strong></span> <span class='ocrx_word' id='word_1_55' title='bbox 717 516 767 545; x_wconf 82' lang='lat' dir='ltr'><strong>est</strong></span> <span class='ocrx_word' id='word_1_56' title='bbox 797 505 1034 556; x_wconf 85' lang='lat' dir='ltr'><strong>superfluum</strong></span> <span class='ocrx_word' id='word_1_57' title='bbox 1077 502 1275 552; x_wconf 79' lang='lat' dir='ltr'>alimenti,</span> 
     </span>
     <span class='ocr_line' id='line_1_8' title="bbox 163 557 1276 614; baseline -0.006 -13"><span class='ocrx_word' id='word_1_58' title='bbox 163 595 192 614; x_wconf 84' lang='lat'><strong>‚,</strong></span> <span class='ocrx_word' id='word_1_59' title='bbox 222 578 266 601; x_wconf 82' lang='lat' dir='ltr'><strong>ex</strong></span> <span class='ocrx_word' id='word_1_60' title='bbox 296 564 477 601; x_wconf 81' lang='lat' dir='ltr'><strong>carnibus</strong></span> <span class='ocrx_word' id='word_1_61' title='bbox 506 561 641 600; x_wconf 80' lang='lat' dir='ltr'><strong>alienis</strong></span> <span class='ocrx_word' id='word_1_62' title='bbox 668 567 886 612; x_wconf 76' lang='lat' dir='ltr'><strong>generatum</strong></span> <span class='ocrx_word' id='word_1_63' title='bbox 909 560 974 603; x_wconf 78' lang='lat' dir='ltr'><strong>sit,</strong></span> <span class='ocrx_word' id='word_1_64' title='bbox 1006 566 1168 607; x_wconf 78' lang='lat' dir='ltr'>resurget</span> <span class='ocrx_word' id='word_1_65' title='bbox 1190 557 1276 608; x_wconf 86' lang='lat' dir='ltr'><strong>qui-</strong></span> 
     </span>
     <span class='ocr_line' id='line_1_9' title="bbox 159 609 1277 668; baseline -0.01 -11"><span class='ocrx_word' id='word_1_66' title='bbox 159 647 191 668; x_wconf 85' lang='lat'><strong>.„</strong></span> <span class='ocrx_word' id='word_1_67' title='bbox 222 618 306 656; x_wconf 88' lang='lat' dir='ltr'><strong>dem</strong></span> <span class='ocrx_word' id='word_1_68' title='bbox 339 630 464 654; x_wconf 87' lang='lat' dir='ltr'><strong>semen</strong></span> <span class='ocrx_word' id='word_1_69' title='bbox 495 618 534 653; x_wconf 87' lang='lat' dir='ltr'><strong>in</strong></span> <span class='ocrx_word' id='word_1_70' title='bbox 565 629 634 662; x_wconf 89' lang='lat' dir='ltr'><strong>eo,</strong></span> <span class='ocrx_word' id='word_1_71' title='bbox 664 615 727 668; x_wconf 86' lang='lat' dir='ltr'><strong>qui</strong></span> <span class='ocrx_word' id='word_1_72' title='bbox 758 620 809 648; x_wconf 84' lang='lat' dir='ltr'><strong>est</strong></span> <span class='ocrx_word' id='word_1_73' title='bbox 840 618 944 647; x_wconf 82' lang='lat' dir='ltr'><strong>natus</strong></span> <span class='ocrx_word' id='word_1_74' title='bbox 960 622 1001 645; x_wconf 87' lang='lat' dir='ltr'><strong>ex</strong></span> <span class='ocrx_word' id='word_1_75' title='bbox 1019 611 1164 646; x_wconf 78' lang='lat' dir='ltr'><strong>semine</strong></span> <span class='ocrx_word' id='word_1_76' title='bbox 1184 638 1194 657; x_wconf 87' lang='lat'><strong><em>‚</em></strong></span> <span class='ocrx_word' id='word_1_77' title='bbox 1222 609 1277 647; x_wconf 90' lang='lat' dir='ltr'><strong>lo-</strong></span> 
     </span>
     <span class='ocr_line' id='line_1_10' title="bbox 166 662 1278 722; baseline -0.008 -13"><span class='ocrx_word' id='word_1_78' title='bbox 166 700 192 722; x_wconf 88' lang='lat'>„</span> <span class='ocrx_word' id='word_1_79' title='bbox 223 684 266 709; x_wconf 90' lang='lat' dir='ltr'><strong>co</strong></span> <span class='ocrx_word' id='word_1_80' title='bbox 295 670 404 721; x_wconf 77' lang='lat' dir='ltr'><strong>cujus</strong></span> <span class='ocrx_word' id='word_1_81' title='bbox 433 682 563 706; x_wconf 80' lang='lat' dir='ltr'><strong>carnes</strong></span> <span class='ocrx_word' id='word_1_82' title='bbox 604 673 776 704; x_wconf 78' lang='lat' dir='ltr'>comestae</span> <span class='ocrx_word' id='word_1_83' title='bbox 806 672 918 709; x_wconf 89' lang='lat' dir='ltr'><strong>sunt,</strong></span> <span class='ocrx_word' id='word_1_84' title='bbox 967 662 1209 714; x_wconf 85' lang='lat' dir='ltr'><strong>supplebitur</strong></span> <span class='ocrx_word' id='word_1_85' title='bbox 1238 678 1278 701; x_wconf 81' lang='lat' dir='ltr'><strong>a·</strong></span> 
     </span>
     <span class='ocr_line' id='line_1_11' title="bbox 163 715 1277 775; baseline -0.007 -13"><span class='ocrx_word' id='word_1_86' title='bbox 163 755 194 775; x_wconf 81' lang='lat'>„</span> <span class='ocrx_word' id='word_1_87' title='bbox 226 724 381 762; x_wconf 88' lang='lat' dir='ltr'><strong>liunde.</strong></span> <span class='ocrx_word' id='word_1_88' title='bbox 426 723 506 760; x_wconf 86' lang='lat' dir='ltr'><strong>Hoc</strong></span> <span class='ocrx_word' id='word_1_89' title='bbox 536 721 637 757; x_wconf 86' lang='lat' dir='ltr'><strong>enim</strong></span> <span class='ocrx_word' id='word_1_90' title='bbox 668 719 705 754; x_wconf 87' lang='lat' dir='ltr'><strong>in</strong></span> <span class='ocrx_word' id='word_1_91' title='bbox 735 717 1008 754; x_wconf 86' lang='lat' dir='ltr'><strong>resurrectione</strong></span> <span class='ocrx_word' id='word_1_92' title='bbox 1038 715 1277 764; x_wconf 82' lang='lat' dir='ltr'><strong>servabitur,</strong></span> 
     </span>
     <span class='ocr_line' id='line_1_12' title="bbox 167 768 1279 830; baseline -0.008 -15"><span class='ocrx_word' id='word_1_93' title='bbox 167 808 195 828; x_wconf 58' lang='lat'><strong>9,</strong></span> <span class='ocrx_word' id='word_1_94' title='bbox 224 778 325 830; x_wconf 85' lang='lat' dir='ltr'><strong>quod</strong></span> <span class='ocrx_word' id='word_1_95' title='bbox 355 778 383 814; x_wconf 85' lang='lat' dir='ltr'><strong>si</strong></span> <span class='ocrx_word' id='word_1_96' title='bbox 415 773 562 825; x_wconf 86' lang='lat' dir='ltr'><strong>aliquid</strong></span> <span class='ocrx_word' id='word_1_97' title='bbox 592 769 836 807; x_wconf 78' lang='lat' dir='ltr'>materialiter</span> <span class='ocrx_word' id='word_1_98' title='bbox 866 771 937 807; x_wconf 82' lang='lat' dir='ltr'><strong>fnit</strong></span> <span class='ocrx_word' id='word_1_99' title='bbox 957 770 995 806; x_wconf 88' lang='lat' dir='ltr'><strong>in</strong></span> <span class='ocrx_word' id='word_1_100' title='bbox 1018 768 1194 821; x_wconf 82' lang='lat' dir='ltr'><strong>pluribus</strong></span> <span class='ocrx_word' id='word_1_101' title='bbox 1215 769 1279 806; x_wconf 86' lang='lat' dir='ltr'><strong>ho-</strong></span> 
     </span>
     <span class='ocr_line' id='line_1_13' title="bbox 167 822 1282 881; baseline -0.008 -12"><span class='ocrx_word' id='word_1_102' title='bbox 167 861 195 881; x_wconf 90' lang='lat'>„</span> <span class='ocrx_word' id='word_1_103' title='bbox 226 830 422 874; x_wconf 83' lang='lat' dir='ltr'><strong>minibus,</strong></span> <span class='ocrx_word' id='word_1_104' title='bbox 455 833 616 875; x_wconf 76' lang='lat' dir='ltr'><strong>resurget</strong></span> <span class='ocrx_word' id='word_1_105' title='bbox 646 826 682 860; x_wconf 88' lang='lat' dir='ltr'><strong>in</strong></span> <span class='ocrx_word' id='word_1_106' title='bbox 712 836 776 870; x_wconf 88' lang='lat' dir='ltr'><strong>e0,</strong></span> <span class='ocrx_word' id='word_1_107' title='bbox 806 823 853 860; x_wconf 81' lang='lat' dir='ltr'><strong>ad</strong></span> <span class='ocrx_word' id='word_1_108' title='bbox 883 822 992 873; x_wconf 77' lang='lat' dir='ltr'><strong>cujus</strong></span> <span class='ocrx_word' id='word_1_109' title='bbox 1009 823 1282 875; x_wconf 80' lang='lat' dir='ltr'><strong>perfectionem</strong></span> 
     </span>
     <span class='ocr_line' id='line_1_14' title="bbox 227 877 1282 933; baseline -0.008 -11"><span class='ocrx_word' id='word_1_110' title='bbox 227 885 346 933; x_wconf 75' lang='lat' dir='ltr'><strong>magis</strong></span> <span class='ocrx_word' id='word_1_111' title='bbox 374 879 607 932; x_wconf 71' lang='lat' dir='ltr'><strong>pertinebat:</strong></span> <span class='ocrx_word' id='word_1_112' title='bbox 639 877 735 914; x_wconf 88' lang='lat' dir='ltr'><strong>unde</strong></span> <span class='ocrx_word' id='word_1_113' title='bbox 763 877 791 914; x_wconf 87' lang='lat' dir='ltr'><strong>si</strong></span> <span class='ocrx_word' id='word_1_114' title='bbox 827 877 948 914; x_wconf 88' lang='lat' dir='ltr'><strong>fuitin</strong></span> <span class='ocrx_word' id='word_1_115' title='bbox 980 891 1080 924; x_wconf 87' lang='lat' dir='ltr'><strong>uno,</strong></span> <span class='ocrx_word' id='word_1_116' title='bbox 1110 878 1156 914; x_wconf 83' lang='lat' dir='ltr'><strong>ut&#39;</strong></span> <span class='ocrx_word' id='word_1_117' title='bbox 1180 877 1282 915; x_wconf 85' lang='lat' dir='ltr'><strong>radi-</strong></span> 
     </span>
     <span class='ocr_line' id='line_1_15' title="bbox 225 930 1282 983; baseline -0.007 -9"><span class='ocrx_word' id='word_1_118' title='bbox 225 937 307 975; x_wconf 80' lang='lat' dir='ltr'><strong>cale</strong></span> <span class='ocrx_word' id='word_1_119' title='bbox 335 947 489 979; x_wconf 85' lang='lat' dir='ltr'><strong>semen,</strong></span> <span class='ocrx_word' id='word_1_120' title='bbox 519 944 563 968; x_wconf 83' lang='lat' dir='ltr'><strong>ex</strong></span> <span class='ocrx_word' id='word_1_121' title='bbox 592 944 668 983; x_wconf 87' lang='lat' dir='ltr'><strong>quo</strong></span> <span class='ocrx_word' id='word_1_122' title='bbox 696 939 746 967; x_wconf 83' lang='lat' dir='ltr'><strong>est</strong></span> <span class='ocrx_word' id='word_1_123' title='bbox 776 940 999 978; x_wconf 61' lang='lat' dir='ltr'><strong>¹ueneratus,</strong></span> <span class='ocrx_word' id='word_1_124' title='bbox 1044 932 1082 968; x_wconf 90' lang='lat' dir='ltr'><strong>in</strong></span> <span class='ocrx_word' id='word_1_125' title='bbox 1113 930 1188 968; x_wconf 79' lang='lat' dir='ltr'><strong>alio</strong></span> <span class='ocrx_word' id='word_1_126' title='bbox 1218 945 1282 969; x_wconf 92' lang='lat' dir='ltr'><strong>ve-</strong></span> 
     </span>
     <span class='ocr_line' id='line_1_16' title="bbox 169 986 1282 1039; baseline -0.003 -14"><span class='ocrx_word' id='word_1_127' title='bbox 169 1020 196 1039; x_wconf 76' lang='lat'>„</span> <span class='ocrx_word' id='word_1_128' title='bbox 227 1003 293 1035; x_wconf 63' lang='grc' dir='ltr'><strong>το,</strong></span> <span class='ocrx_word' id='word_1_129' title='bbox 336 988 431 1024; x_wconf 88' lang='lat' dir='ltr'><strong>sicut</strong></span> <span class='ocrx_word' id='word_1_130' title='bbox 461 986 727 1037; x_wconf 82' lang='lat' dir='ltr'><strong>superveniens</strong></span> <span class='ocrx_word' id='word_1_131' title='bbox 766 986 1067 1031; x_wconf 71' lang='lat' dir='ltr'><strong>nutrimentum,</strong></span> <span class='ocrx_word' id='word_1_132' title='bbox 1116 992 1282 1035; x_wconf 73' lang='lat' dir='ltr'><strong>resurget</strong></span> 
     </span>
     <span class='ocr_line' id='line_1_17' title="bbox 168 1037 1281 1092; baseline -0.004 -13"><span class='ocrx_word' id='word_1_133' title='bbox 168 1073 195 1092; x_wconf 76' lang='lat'><strong>‚,</strong></span> <span class='ocrx_word' id='word_1_134' title='bbox 228 1044 264 1079; x_wconf 91' lang='lat' dir='ltr'><strong>in</strong></span> <span class='ocrx_word' id='word_1_135' title='bbox 296 1054 367 1088; x_wconf 87' lang='lat' dir='ltr'><strong>eo,</strong></span> <span class='ocrx_word' id='word_1_136' title='bbox 409 1039 474 1091; x_wconf 78' lang='lat' dir='ltr'><strong>qui</strong></span> <span class='ocrx_word' id='word_1_137' title='bbox 508 1047 558 1075; x_wconf 77' lang='lat' dir='ltr'><strong>est</strong></span> <span class='ocrx_word' id='word_1_138' title='bbox 588 1045 781 1089; x_wconf 74' lang='lat' dir='ltr'><strong>generatus·</strong></span> <span class='ocrx_word' id='word_1_139' title='bbox 811 1051 854 1074; x_wconf 87' lang='lat' dir='ltr'><strong>ex</strong></span> <span class='ocrx_word' id='word_1_140' title='bbox 886 1037 984 1085; x_wconf 86' lang='lat' dir='ltr'><strong>hoc,</strong></span> <span class='ocrx_word' id='word_1_141' title='bbox 1027 1038 1121 1075; x_wconf 86' lang='lat' dir='ltr'><strong>sicut</strong></span> <span class='ocrx_word' id='word_1_142' title='bbox 1150 1051 1195 1075; x_wconf 79' lang='lat' dir='ltr'><strong>ex</strong></span> <span class='ocrx_word' id='word_1_143' title='bbox 1225 1052 1281 1075; x_wconf 88' lang='lat' dir='ltr'><strong>se-</strong></span> 
     </span>
     <span class='ocr_line' id='line_1_18' title="bbox 168 1091 1282 1143; baseline -0.003 -12"><span class='ocrx_word' id='word_1_144' title='bbox 168 1125 194 1143; x_wconf 78' lang='lat'><strong>„</strong></span> <span class='ocrx_word' id='word_1_145' title='bbox 227 1095 348 1133; x_wconf 84' lang='lat' dir='ltr'><strong>mine:</strong></span> <span class='ocrx_word' id='word_1_146' title='bbox 379 1093 407 1130; x_wconf 87' lang='lat' dir='ltr'><strong>si</strong></span> <span class='ocrx_word' id='word_1_147' title='bbox 439 1104 527 1130; x_wconf 88' lang='lat' dir='ltr'><strong>vero</strong></span> <span class='ocrx_word' id='word_1_148' title='bbox 557 1093 594 1128; x_wconf 91' lang='lat' dir='ltr'><strong>in</strong></span> <span class='ocrx_word' id='word_1_149' title='bbox 629 1105 700 1129; x_wconf 87' lang='lat' dir='ltr'><strong>uuo</strong></span> <span class='ocrx_word' id='word_1_150' title='bbox 730 1091 799 1128; x_wconf 82' lang='lat' dir='ltr'><strong>suit</strong></span> <span class='ocrx_word' id='word_1_151' title='bbox 819 1122 829 1138; x_wconf 85' lang='lat'>‚</span> <span class='ocrx_word' id='word_1_152' title='bbox 861 1099 900 1128; x_wconf 88' lang='lat' dir='ltr'><strong>ut</strong></span> <span class='ocrx_word' id='word_1_153' title='bbox 921 1091 1114 1143; x_wconf 75' lang='lat' dir='ltr'><strong>pertinens</strong></span> <span class='ocrx_word' id='word_1_154' title='bbox 1129 1092 1174 1129; x_wconf 88' lang='lat' dir='ltr'><strong>ad</strong></span> <span class='ocrx_word' id='word_1_155' title='bbox 1196 1105 1282 1143; x_wconf 89' lang='lat' dir='ltr'><strong>per-</strong></span> 
     </span>
     <span class='ocr_line' id='line_1_19' title="bbox 167 1143 1284 1198; baseline -0.003 -13"><span class='ocrx_word' id='word_1_156' title='bbox 167 1178 197 1198; x_wconf 91' lang='lat'><strong>„</strong></span> <span class='ocrx_word' id='word_1_157' title='bbox 228 1148 427 1185; x_wconf 79' lang='lat' dir='ltr'><strong>sectionem</strong></span> <span class='ocrx_word' id='word_1_158' title='bbox 457 1145 675 1191; x_wconf 71' lang='lat' dir='ltr'><strong>individui,</strong></span> <span class='ocrx_word' id='word_1_159' title='bbox 712 1145 757 1181; x_wconf 82' lang='lat' dir='ltr'><strong>in</strong></span> <span class='ocrx_word' id='word_1_160' title='bbox 787 1143 864 1181; x_wconf 82' lang='lat' dir='ltr'><strong>alio</strong></span> <span class='ocrx_word' id='word_1_161' title='bbox 893 1154 1017 1181; x_wconf 88' lang='lat' dir='ltr'><strong>autem</strong></span> <span class='ocrx_word' id='word_1_162' title='bbox 1058 1154 1096 1182; x_wconf 77' lang='lat' dir='ltr'><strong>nt</strong></span> <span class='ocrx_word' id='word_1_163' title='bbox 1125 1146 1284 1196; x_wconf 87' lang='lat' dir='ltr'><strong>deputa-</strong></span> 
     </span>
     <span class='ocr_line' id='line_1_20' title="bbox 166 1198 1286 1252; baseline -0.004 -13"><span class='ocrx_word' id='word_1_164' title='bbox 166 1231 196 1252; x_wconf 81' lang='lat'><strong>„</strong></span> <span class='ocrx_word' id='word_1_165' title='bbox 227 1211 306 1238; x_wconf 89' lang='lat' dir='ltr'><strong>tum</strong></span> <span class='ocrx_word' id='word_1_166' title='bbox 337 1200 383 1237; x_wconf 88' lang='lat' dir='ltr'><strong>ad</strong></span> <span class='ocrx_word' id='word_1_167' title='bbox 414 1199 681 1251; x_wconf 66' lang='lat' dir='ltr'><strong>perfecticnem</strong></span> <span class='ocrx_word' id='word_1_168' title='bbox 721 1198 888 1249; x_wconf 85' lang='lat' dir='ltr'><strong>speciei;</strong></span> <span class='ocrx_word' id='word_1_169' title='bbox 937 1208 1102 1249; x_wconf 74' lang='lat' dir='ltr'><strong>resurget</strong></span> <span class='ocrx_word' id='word_1_170' title='bbox 1132 1200 1171 1235; x_wconf 88' lang='lat' dir='ltr'><strong>in</strong></span> <span class='ocrx_word' id='word_1_171' title='bbox 1215 1212 1286 1246; x_wconf 87' lang='lat' dir='ltr'><strong>eo,</strong></span> 
     </span>
     <span class='ocr_line' id='line_1_21' title="bbox 168 1252 1286 1306; baseline -0.004 -13"><span class='ocrx_word' id='word_1_172' title='bbox 168 1284 194 1303; x_wconf 68' lang='lat' dir='ltr'><strong>a:</strong></span> <span class='ocrx_word' id='word_1_173' title='bbox 225 1256 272 1293; x_wconf 86' lang='lat' dir='ltr'><strong>ad</strong></span> <span class='ocrx_word' id='word_1_174' title='bbox 301 1268 415 1306; x_wconf 85' lang='lat' dir='ltr'><strong>quem</strong></span> <span class='ocrx_word' id='word_1_175' title='bbox 447 1252 681 1305; x_wconf 76' lang='lat' dir='ltr'><strong>pertinebat,</strong></span> <span class='ocrx_word' id='word_1_176' title='bbox 713 1252 918 1289; x_wconf 87' lang='lat' dir='ltr'><strong>secundum</strong></span> <span class='ocrx_word' id='word_1_177' title='bbox 939 1252 1204 1302; x_wconf 77' lang='lat' dir='ltr'><strong>perfectionem</strong></span> <span class='ocrx_word' id='word_1_178' title='bbox 1228 1253 1286 1290; x_wconf 79' lang='lat' dir='ltr'><strong>in-</strong></span> 
     </span>
     <span class='ocr_line' id='line_1_22' title="bbox 168 1305 1287 1357; baseline -0.003 -11"><span class='ocrx_word' id='word_1_179' title='bbox 168 1338 198 1357; x_wconf 87' lang='lat'><strong>„</strong></span> <span class='ocrx_word' id='word_1_180' title='bbox 227 1308 400 1346; x_wconf 82' lang='lat' dir='ltr'><strong>dividui:</strong></span> <span class='ocrx_word' id='word_1_181' title='bbox 431 1307 530 1343; x_wconf 84' lang='lat' dir='ltr'><strong>unde</strong></span> <span class='ocrx_word' id='word_1_182' title='bbox 562 1319 688 1342; x_wconf 85' lang='lat' dir='ltr'><strong>semen</strong></span> <span class='ocrx_word' id='word_1_183' title='bbox 722 1314 886 1355; x_wconf 76' lang='lat' dir='ltr'><strong>resurget</strong></span> <span class='ocrx_word' id='word_1_184' title='bbox 918 1307 954 1342; x_wconf 91' lang='lat' dir='ltr'><strong>in</strong></span> <span class='ocrx_word' id='word_1_185' title='bbox 983 1307 1131 1355; x_wconf 75' lang='lat' dir='ltr'><strong>gerum,</strong></span> <span class='ocrx_word' id='word_1_186' title='bbox 1162 1305 1287 1343; x_wconf 82' lang='lat' dir='ltr'><strong>&amp;non</strong></span> 
     </span>
     <span class='ocr_line' id='line_1_23' title="bbox 171 1358 1288 1413; baseline -0.004 -13"><span class='ocrx_word' id='word_1_187' title='bbox 171 1391 198 1410; x_wconf 89' lang='lat'><strong>„</strong></span> <span class='ocrx_word' id='word_1_188' title='bbox 228 1364 268 1400; x_wconf 85' lang='lat' dir='ltr'><strong>in</strong></span> <span class='ocrx_word' id='word_1_189' title='bbox 296 1370 497 1413; x_wconf 82' lang='lat' dir='ltr'><strong>generante</strong></span> <span class='ocrx_word' id='word_1_190' title='bbox 516 1389 526 1408; x_wconf 96' lang='lat'><strong>,</strong></span> <span class='ocrx_word' id='word_1_191' title='bbox 570 1358 603 1394; x_wconf 88' lang='lat'>&amp;</span> <span class='ocrx_word' id='word_1_192' title='bbox 634 1368 733 1396; x_wconf 82' lang='lat' dir='ltr'><strong>costa</strong></span> <span class='ocrx_word' id='word_1_193' title='bbox 764 1359 856 1396; x_wconf 74' lang='lat' dir='ltr'><strong>Adae</strong></span> <span class='ocrx_word' id='word_1_194' title='bbox 901 1369 1067 1410; x_wconf 74' lang='lat' dir='ltr'><strong>resurget</strong></span> <span class='ocrx_word' id='word_1_195' title='bbox 1111 1360 1148 1396; x_wconf 89' lang='lat' dir='ltr'><strong>in</strong></span> <span class='ocrx_word' id='word_1_196' title='bbox 1180 1359 1288 1405; x_wconf 75' lang='lat' dir='ltr'><strong>Eva,</strong></span> 
     </span>
     <span class='ocr_line' id='line_1_24' title="bbox 170 1412 1290 1464; baseline -0.004 -12"><span class='ocrx_word' id='word_1_197' title='bbox 170 1445 198 1464; x_wconf 86' lang='lat'><strong>„</strong></span> <span class='ocrx_word' id='word_1_198' title='bbox 230 1429 303 1453; x_wconf 75' lang='lat' dir='ltr'><strong>non</strong></span> <span class='ocrx_word' id='word_1_199' title='bbox 335 1416 372 1451; x_wconf 91' lang='lat' dir='ltr'><strong>in</strong></span> <span class='ocrx_word' id='word_1_200' title='bbox 393 1414 537 1459; x_wconf 75' lang='lat' dir='ltr'><strong>Adam,</strong></span> <span class='ocrx_word' id='word_1_201' title='bbox 568 1414 605 1450; x_wconf 86' lang='lat' dir='ltr'><strong>in</strong></span> <span class='ocrx_word' id='word_1_202' title='bbox 636 1425 711 1463; x_wconf 90' lang='lat' dir='ltr'><strong>quo</strong></span> <span class='ocrx_word' id='word_1_203' title='bbox 740 1413 810 1449; x_wconf 85' lang='lat' dir='ltr'><strong>suit</strong></span> <span class='ocrx_word' id='word_1_204' title='bbox 837 1413 934 1448; x_wconf 85' lang='lat' dir='ltr'><strong>sicut</strong></span> <span class='ocrx_word' id='word_1_205' title='bbox 964 1413 1164 1449; x_wconf 78' lang='lat' dir='ltr'><strong>innaturae</strong></span> <span class='ocrx_word' id='word_1_206' title='bbox 1184 1412 1290 1461; x_wconf 87' lang='lat' dir='ltr'><strong>prin-</strong></span> 
     </span>
     <span class='ocr_line' id='line_1_25' title="bbox 170 1465 1289 1518; baseline -0.003 -13"><span class='ocrx_word' id='word_1_207' title='bbox 170 1498 196 1515; x_wconf 88' lang='lat'><strong><em>„</em></strong></span> <span class='ocrx_word' id='word_1_208' title='bbox 225 1469 355 1518; x_wconf 83' lang='lat' dir='ltr'><strong>cipio.</strong></span> <span class='ocrx_word' id='word_1_209' title='bbox 386 1467 425 1504; x_wconf 86' lang='lat' dir='ltr'><strong>Si</strong></span> <span class='ocrx_word' id='word_1_210' title='bbox 457 1475 581 1504; x_wconf 89' lang='lat' dir='ltr'><strong>autem</strong></span> <span class='ocrx_word' id='word_1_211' title='bbox 611 1465 819 1503; x_wconf 85' lang='lat' dir='ltr'><strong>secuudum</strong></span> <span class='ocrx_word' id='word_1_212' title='bbox 838 1465 1014 1501; x_wconf 87' lang='lat' dir='ltr'><strong>eumdem</strong></span> <span class='ocrx_word' id='word_1_213' title='bbox 1046 1465 1289 1516; x_wconf 82' lang='lat' dir='ltr'><strong>perfectionis</strong></span> 
     </span>
     <span class='ocr_line' id='line_1_26' title="bbox 169 1519 1289 1571; baseline -0.004 -13"><span class='ocrx_word' id='word_1_214' title='bbox 169 1551 197 1571; x_wconf 81' lang='lat'>„</span> <span class='ocrx_word' id='word_1_215' title='bbox 230 1521 384 1559; x_wconf 81' lang='lat' dir='ltr'><strong>modum</strong></span> <span class='ocrx_word' id='word_1_216' title='bbox 416 1521 487 1557; x_wconf 83' lang='lat' dir='ltr'><strong>fuit</strong></span> <span class='ocrx_word' id='word_1_217' title='bbox 517 1521 555 1557; x_wconf 93' lang='lat' dir='ltr'><strong>in</strong></span> <span class='ocrx_word' id='word_1_218' title='bbox 587 1528 772 1571; x_wconf 84' lang='lat' dir='ltr'><strong>utroque,</strong></span> <span class='ocrx_word' id='word_1_219' title='bbox 804 1527 970 1570; x_wconf 80' lang='lat' dir='ltr'><strong>resurget</strong></span> <span class='ocrx_word' id='word_1_220' title='bbox 1000 1519 1125 1567; x_wconf 84' lang='lat' dir='ltr'><strong>ineo,</strong></span> <span class='ocrx_word' id='word_1_221' title='bbox 1157 1519 1289 1569; x_wconf 87' lang='lat' dir='ltr'><strong>inquo</strong></span> 
     </span>
     <span class='ocr_line' id='line_1_27' title="bbox 175 1572 561 1627; baseline -0.008 -14"><span class='ocrx_word' id='word_1_222' title='bbox 175 1605 200 1623; x_wconf 81' lang='lat'>„</span> <span class='ocrx_word' id='word_1_223' title='bbox 234 1575 409 1627; x_wconf 83' lang='lat' dir='ltr'><strong>primitus</strong></span> <span class='ocrx_word' id='word_1_224' title='bbox 440 1574 510 1611; x_wconf 79' lang='lat' dir='ltr'><strong>fuit</strong></span> <span class='ocrx_word' id='word_1_225' title='bbox 539 1572 561 1588; x_wconf 88' lang='lat'><strong>’&#39;</strong></span> 
     </span>
    </p>

    <p class='ocr_par' dir='ltr' id='par_1_3' title="bbox 172 1624 1298 2047">
     <span class='ocr_line' id='line_1_28' title="bbox 226 1624 1291 1680; baseline -0.003 -15"><span class='ocrx_word' id='word_1_226' title='bbox 226 1641 292 1680; x_wconf 63' lang='lat' dir='ltr'><strong>qt.</strong></span> <span class='ocrx_word' id='word_1_227' title='bbox 324 1629 412 1665; x_wconf 79' lang='lat' dir='ltr'><strong>inst.</strong></span> <span class='ocrx_word' id='word_1_228' title='bbox 443 1624 643 1664; x_wconf 75' lang='lat' dir='ltr'><strong>secunde.</strong></span> <span class='ocrx_word' id='word_1_229' title='bbox 674 1625 714 1663; x_wconf 91' lang='lat' dir='ltr'><strong>Si</strong></span> <span class='ocrx_word' id='word_1_230' title='bbox 745 1626 847 1663; x_wconf 74' lang='lat' dir='ltr'><strong>idem</strong></span> <span class='ocrx_word' id='word_1_231' title='bbox 877 1639 1038 1663; x_wconf 85' lang='lat' dir='ltr'><strong>numero</strong></span> <span class='ocrx_word' id='word_1_232' title='bbox 1067 1639 1202 1678; x_wconf 87' lang='lat' dir='ltr'><strong>corpus</strong></span> <span class='ocrx_word' id='word_1_233' title='bbox 1231 1639 1291 1662; x_wconf 90' lang='lat' dir='ltr'><strong>re-</strong></span> 
     </span>
     <span class='ocr_line' id='line_1_29' title="bbox 172 1678 1292 1731; baseline -0.003 -12"><span class='ocrx_word' id='word_1_234' title='bbox 172 1690 324 1731; x_wconf 69' lang='lat' dir='ltr'><strong>surget,</strong></span> <span class='ocrx_word' id='word_1_235' title='bbox 354 1680 451 1717; x_wconf 80' lang='lat' dir='ltr'><strong>illud</strong></span> <span class='ocrx_word' id='word_1_236' title='bbox 479 1688 728 1729; x_wconf 83' lang='lat' dir='ltr'><strong>consequetur</strong></span> <span class='ocrx_word' id='word_1_237' title='bbox 757 1679 964 1716; x_wconf 75' lang='lat' dir='ltr'><strong>absurdum</strong></span> <span class='ocrx_word' id='word_1_238' title='bbox 983 1710 993 1726; x_wconf 89' lang='lat'><strong>,</strong></span> <span class='ocrx_word' id='word_1_239' title='bbox 1034 1689 1073 1716; x_wconf 91' lang='lat' dir='ltr'><strong>ut</strong></span> <span class='ocrx_word' id='word_1_240' title='bbox 1104 1681 1141 1717; x_wconf 90' lang='lat' dir='ltr'><strong>iu</strong></span> <span class='ocrx_word' id='word_1_241' title='bbox 1172 1678 1292 1716; x_wconf 80' lang='lat' dir='ltr'><strong>altera</strong></span> 
     </span>
     <span class='ocr_line' id='line_1_30' title="bbox 174 1730 1290 1782; baseline -0.006 -9"><span class='ocrx_word' id='word_1_242' title='bbox 174 1735 254 1775; x_wconf 81' lang='lat' dir='ltr'><strong>vita</strong></span> <span class='ocrx_word' id='word_1_243' title='bbox 283 1734 402 1771; x_wconf 80' lang='lat' dir='ltr'><strong>futuri</strong></span> <span class='ocrx_word' id='word_1_244' title='bbox 432 1733 503 1769; x_wconf 81' lang='lat' dir='ltr'><strong>sint</strong></span> <span class='ocrx_word' id='word_1_245' title='bbox 533 1733 625 1768; x_wconf 76' lang='lat' dir='ltr'><strong>caeci</strong></span> <span class='ocrx_word' id='word_1_246' title='bbox 644 1760 654 1777; x_wconf 87' lang='lat'><strong>,</strong></span> <span class='ocrx_word' id='word_1_247' title='bbox 697 1730 850 1778; x_wconf 63' lang='lat' dir='ltr'><strong>ciendi,</strong></span> <span class='ocrx_word' id='word_1_248' title='bbox 896 1731 1055 1782; x_wconf 86' lang='lat' dir='ltr'><strong>pusilli,</strong></span> <span class='ocrx_word' id='word_1_249' title='bbox 1103 1732 1290 1778; x_wconf 80' lang='lat' dir='ltr'><strong>infantes,</strong></span> 
     </span>
     <span class='ocr_line' id='line_1_31' title="bbox 176 1784 1294 1835; baseline -0.005 -11"><span class='ocrx_word' id='word_1_250' title='bbox 176 1801 279 1825; x_wconf 83' lang='lat' dir='ltr'><strong>senes</strong></span> <span class='ocrx_word' id='word_1_251' title='bbox 297 1816 307 1833; x_wconf 86' lang='lat'><strong>,</strong></span> <span class='ocrx_word' id='word_1_252' title='bbox 356 1785 528 1822; x_wconf 81' lang='lat' dir='ltr'><strong>homines</strong></span> <span class='ocrx_word' id='word_1_253' title='bbox 557 1784 658 1820; x_wconf 73' lang='lat' dir='ltr'><strong>obfsi</strong></span> <span class='ocrx_word' id='word_1_254' title='bbox 679 1813 689 1831; x_wconf 94' lang='lat'><strong>,</strong></span> <span class='ocrx_word' id='word_1_255' title='bbox 735 1784 986 1830; x_wconf 82' lang='lat' dir='ltr'><strong>monstruosi,</strong></span> <span class='ocrx_word' id='word_1_256' title='bbox 1018 1785 1087 1822; x_wconf 84' lang='lat' dir='ltr'><strong>&amp;c.</strong></span> <span class='ocrx_word' id='word_1_257' title='bbox 1105 1814 1115 1832; x_wconf 87' lang='lat'><strong>,</strong></span> <span class='ocrx_word' id='word_1_258' title='bbox 1162 1784 1294 1835; x_wconf 78' lang='lat' dir='ltr'><strong>quales</strong></span> 
     </span>
     <span class='ocr_line' id='line_1_32' title="bbox 175 1835 1295 1890; baseline -0.007 -11"><span class='ocrx_word' id='word_1_259' title='bbox 175 1854 316 1890; x_wconf 82' lang='lat' dir='ltr'><strong>nempe</strong></span> <span class='ocrx_word' id='word_1_260' title='bbox 345 1839 548 1875; x_wconf 69' lang='lat' dir='ltr'><strong>obierunt.</strong></span> <span class='ocrx_word' id='word_1_261' title='bbox 601 1835 739 1873; x_wconf 77' lang='lat' dir='ltr'><strong>Rursus</strong></span> <span class='ocrx_word' id='word_1_262' title='bbox 769 1836 900 1873; x_wconf 80' lang='lat' dir='ltr'><strong>multae</strong></span> <span class='ocrx_word' id='word_1_263' title='bbox 930 1846 1015 1874; x_wconf 86' lang='lat' dir='ltr'><strong>sunt</strong></span> <span class='ocrx_word' id='word_1_264' title='bbox 1058 1840 1095 1875; x_wconf 88' lang='lat' dir='ltr'><strong>in</strong></span> <span class='ocrx_word' id='word_1_265' title='bbox 1127 1835 1295 1874; x_wconf 80' lang='lat' dir='ltr'><strong>humano</strong></span> 
     </span>
     <span class='ocr_line' id='line_1_33' title="bbox 176 1890 1296 1944; baseline -0.003 -14"><span class='ocrx_word' id='word_1_266' title='bbox 176 1907 334 1944; x_wconf 85' lang='lat' dir='ltr'><strong>corpore</strong></span> <span class='ocrx_word' id='word_1_267' title='bbox 367 1901 488 1941; x_wconf 82' lang='lat' dir='ltr'><strong>partes</strong></span> <span class='ocrx_word' id='word_1_268' title='bbox 518 1890 740 1935; x_wconf 84' lang='lat' dir='ltr'><strong>nutritioni,</strong></span> <span class='ocrx_word' id='word_1_269' title='bbox 788 1892 1042 1940; x_wconf 75' lang='lat' dir='ltr'><strong>vegetationi,</strong></span> <span class='ocrx_word' id='word_1_270' title='bbox 1087 1890 1119 1925; x_wconf 75' lang='lat'><strong>8&lt;</strong></span> <span class='ocrx_word' id='word_1_271' title='bbox 1148 1891 1296 1940; x_wconf 82' lang='lat' dir='ltr'><strong>generis</strong></span> 
     </span>
     <span class='ocr_line' id='line_1_34' title="bbox 177 1942 1296 1997; baseline -0.003 -16"><span class='ocrx_word' id='word_1_272' title='bbox 177 1946 439 1997; x_wconf 52' lang='lat' dir='ltr'><strong>propagationi</strong></span> <span class='ocrx_word' id='word_1_273' title='bbox 459 1974 468 1991; x_wconf 83' lang='lat'><strong>,</strong></span> <span class='ocrx_word' id='word_1_274' title='bbox 502 1945 613 1980; x_wconf 86' lang='lat' dir='ltr'><strong>unice</strong></span> <span class='ocrx_word' id='word_1_275' title='bbox 643 1943 834 1979; x_wconf 70' lang='lat' dir='ltr'><strong>destinatae</strong></span> <span class='ocrx_word' id='word_1_276' title='bbox 853 1972 863 1989; x_wconf 88' lang='lat'><strong>,</strong></span> <span class='ocrx_word' id='word_1_277' title='bbox 893 1956 980 1994; x_wconf 81' lang='lat' dir='ltr'><strong>quae</strong></span> <span class='ocrx_word' id='word_1_278' title='bbox 1013 1942 1296 1994; x_wconf 81' lang='lat' dir='ltr'><strong>proindein-al-</strong></span> 
     </span>
     <span class='ocr_line' id='line_1_35' title="bbox 179 1994 1298 2047; baseline -0.003 -11"><span class='ocrx_word' id='word_1_279' title='bbox 179 2008 257 2036; x_wconf 84' lang='lat' dir='ltr'><strong>tera</strong></span> <span class='ocrx_word' id='word_1_280' title='bbox 288 2000 364 2036; x_wconf 80' lang='lat' dir='ltr'><strong>vita</strong></span> <span class='ocrx_word' id='word_1_281' title='bbox 392 1998 544 2034; x_wconf 87' lang='lat' dir='ltr'><strong>omnino</strong></span> <span class='ocrx_word' id='word_1_282' title='bbox 575 1994 752 2041; x_wconf 83' lang='lat' dir='ltr'><strong>inutiles,</strong></span> <span class='ocrx_word' id='word_1_283' title='bbox 784 1995 817 2029; x_wconf 74' lang='lat'><strong>8&lt;</strong></span> <span class='ocrx_word' id='word_1_284' title='bbox 838 2009 1128 2047; x_wconf 79' lang='lat' dir='ltr'><strong>supervacaneae</strong></span> <span class='ocrx_word' id='word_1_285' title='bbox 1159 2004 1298 2033; x_wconf 76' lang='lat' dir='ltr'><strong>essent.</strong></span> 
     </span>
    </p>

    <p class='ocr_par' dir='ltr' id='par_1_4' title="bbox 170 2047 1305 2689">
     <span class='ocr_line' id='line_1_36' title="bbox 232 2047 1299 2104; baseline -0.005 -14"><span class='ocrx_word' id='word_1_286' title='bbox 232 2065 298 2104; x_wconf 72' lang='lat'><strong>92.</strong></span> <span class='ocrx_word' id='word_1_287' title='bbox 329 2051 471 2089; x_wconf 84' lang='lat' dir='ltr'><strong>Primae</strong></span> <span class='ocrx_word' id='word_1_288' title='bbox 500 2047 715 2087; x_wconf 79' lang='lat' dir='ltr'><strong>difficultati</strong></span> <span class='ocrx_word' id='word_1_289' title='bbox 745 2047 786 2085; x_wconf 89' lang='lat' dir='ltr'><strong>S.</strong></span> <span class='ocrx_word' id='word_1_290' title='bbox 817 2049 1050 2099; x_wconf 73' lang='lat' dir='ltr'><strong>Augustinus</strong></span> <span class='ocrx_word' id='word_1_291' title='bbox 1079 2051 1118 2086; x_wconf 88' lang='lat' dir='ltr'><strong>iu</strong></span> <span class='ocrx_word' id='word_1_292' title='bbox 1149 2047 1299 2085; x_wconf 73' lang='lat' dir='ltr'><strong>Enclzz&#39;-</strong></span> 
     </span>
     <span class='ocr_line' id='line_1_37' title="bbox 178 2101 1298 2156; baseline -0.002 -13"><span class='ocrx_word' id='word_1_293' title='bbox 178 2106 277 2143; x_wconf 53' lang='lat' dir='ltr'><strong>riJZio</strong></span> <span class='ocrx_word' id='word_1_294' title='bbox 307 2120 393 2156; x_wconf 80' lang='lat' dir='ltr'><strong>cap.</strong></span> <span class='ocrx_word' id='word_1_295' title='bbox 423 2116 488 2156; x_wconf 73' lang='lat'><strong>90.</strong></span> <span class='ocrx_word' id='word_1_296' title='bbox 520 2101 553 2138; x_wconf 77' lang='lat'><strong>8&lt;</strong></span> <span class='ocrx_word' id='word_1_297' title='bbox 583 2116 661 2153; x_wconf 86' lang='lat' dir='ltr'><strong>seq.</strong></span> <span class='ocrx_word' id='word_1_298' title='bbox 692 2102 888 2152; x_wconf 81' lang='lat' dir='ltr'><strong>respondet</strong></span> <span class='ocrx_word' id='word_1_299' title='bbox 917 2116 1006 2139; x_wconf 86' lang='lat' dir='ltr'><strong>cum</strong></span> <span class='ocrx_word' id='word_1_300' title='bbox 1036 2103 1298 2147; x_wconf 62' lang='lat' dir='ltr'><strong>distinctione.</strong></span> 
     </span>
     <span class='ocr_line' id='line_1_38' title="bbox 177 2154 1300 2207; baseline -0.004 -10"><span class='ocrx_word' id='word_1_301' title='bbox 177 2159 221 2197; x_wconf 79' lang='lat' dir='ltr'><strong>Si</strong></span> <span class='ocrx_word' id='word_1_302' title='bbox 255 2161 356 2196; x_wconf 84' lang='lat' dir='ltr'><strong>enim</strong></span> <span class='ocrx_word' id='word_1_303' title='bbox 390 2170 514 2195; x_wconf 88' lang='lat' dir='ltr'><strong>sermo</strong></span> <span class='ocrx_word' id='word_1_304' title='bbox 533 2156 587 2193; x_wconf 74' lang='lat' dir='ltr'><strong>‘sit</strong></span> <span class='ocrx_word' id='word_1_305' title='bbox 615 2156 660 2192; x_wconf 81' lang='lat' dir='ltr'><strong>de</strong></span> <span class='ocrx_word' id='word_1_306' title='bbox 692 2154 870 2193; x_wconf 77' lang='lat' dir='ltr'><strong>felicibus</strong></span> <span class='ocrx_word' id='word_1_307' title='bbox 900 2154 1099 2193; x_wconf 63' lang='lat' dir='ltr'><strong>Remorum</strong></span> <span class='ocrx_word' id='word_1_308' title='bbox 1131 2157 1300 2207; x_wconf 79' lang='lat' dir='ltr'><strong>corpori-</strong></span> 
     </span>
     <span class='ocr_line' id='line_1_39' title="bbox 179 2209 1298 2263; baseline -0.003 -13"><span class='ocrx_word' id='word_1_309' title='bbox 179 2213 252 2251; x_wconf 72' lang='lat' dir='ltr'><strong>bus</strong></span> <span class='ocrx_word' id='word_1_310' title='bbox 271 2243 280 2260; x_wconf 95' lang='lat'><strong>,</strong></span> <span class='ocrx_word' id='word_1_311' title='bbox 315 2211 397 2249; x_wconf 78' lang='lat' dir='ltr'><strong>haec</strong></span> <span class='ocrx_word' id='word_1_312' title='bbox 429 2217 634 2263; x_wconf 73' lang='lat' dir='ltr'><strong>resurgent</strong></span> <span class='ocrx_word' id='word_1_313' title='bbox 664 2213 748 2246; x_wconf 79' lang='lat' dir='ltr'><strong>sine</strong></span> <span class='ocrx_word' id='word_1_314' title='bbox 778 2209 854 2246; x_wconf 74' lang='lat' dir='ltr'><strong>tillo</strong></span> <span class='ocrx_word' id='word_1_315' title='bbox 883 2213 996 2257; x_wconf 54' lang='lat' dir='ltr'><strong>vitio,</strong></span> <span class='ocrx_word' id='word_1_316' title='bbox 1028 2214 1113 2246; x_wconf 76' lang='lat' dir='ltr'><strong>sine</strong></span> <span class='ocrx_word' id='word_1_317' title='bbox 1129 2210 1211 2246; x_wconf 78' lang='lat' dir='ltr'><strong>ulla</strong></span> <span class='ocrx_word' id='word_1_318' title='bbox 1232 2209 1298 2247; x_wconf 79' lang='lat' dir='ltr'><strong>de-</strong></span> 
     </span>
     <span class='ocr_line' id='line_1_40' title="bbox 170 2263 1298 2318; baseline -0.004 -15"><span class='ocrx_word' id='word_1_319' title='bbox 170 2264 417 2318; x_wconf 72' lang='lat' dir='ltr'><strong>formitate,</strong></span> <span class='ocrx_word' id='word_1_320' title='bbox 464 2268 564 2301; x_wconf 70' lang='lat' dir='ltr'><strong>sicut</strong></span> <span class='ocrx_word' id='word_1_321' title='bbox 594 2267 679 2300; x_wconf 74' lang='lat' dir='ltr'><strong>sine</strong></span> <span class='ocrx_word' id='word_1_322' title='bbox 708 2263 790 2299; x_wconf 76' lang='lat' dir='ltr'><strong>ulla</strong></span> <span class='ocrx_word' id='word_1_323' title='bbox 832 2268 1108 2314; x_wconf 71' lang='lat' dir='ltr'><strong>corruptione,</strong></span> <span class='ocrx_word' id='word_1_324' title='bbox 1151 2276 1298 2311; x_wconf 78' lang='lat' dir='ltr'><strong>onere,</strong></span> 
     </span>
     <span class='ocr_line' id='line_1_41' title="bbox 183 2315 1300 2368; baseline -0.002 -12"><span class='ocrx_word' id='word_1_325' title='bbox 183 2319 439 2366; x_wconf 76' lang='lat' dir='ltr'><strong>difficultate,</strong></span> <span class='ocrx_word' id='word_1_326' title='bbox 469 2316 659 2368; x_wconf 73' lang='lat' dir='ltr'><strong>inquibus</strong></span> <span class='ocrx_word' id='word_1_327' title='bbox 679 2325 797 2354; x_wconf 70' lang='lat' dir='ltr'><strong>tanta</strong></span> <span class='ocrx_word' id='word_1_328' title='bbox 814 2315 1026 2367; x_wconf 60' lang='lat' dir='ltr'><strong>facilium,</strong></span> <span class='ocrx_word' id='word_1_329' title='bbox 1056 2326 1210 2368; x_wconf 71' lang='lat' dir='ltr'><strong>quantit</strong></span> <span class='ocrx_word' id='word_1_330' title='bbox 1228 2316 1300 2368; x_wconf 81' lang='lat' dir='ltr'><strong>fe-</strong></span> 
     </span>
     <span class='ocr_line' id='line_1_42' title="bbox 184 2370 1301 2422; baseline -0.003 -13"><span class='ocrx_word' id='word_1_331' title='bbox 184 2373 314 2410; x_wconf 74' lang='lat' dir='ltr'><strong>licitas</strong></span> <span class='ocrx_word' id='word_1_332' title='bbox 343 2376 435 2409; x_wconf 77' lang='lat' dir='ltr'><strong>erit.</strong></span> <span class='ocrx_word' id='word_1_333' title='bbox 466 2371 507 2409; x_wconf 81' lang='lat' dir='ltr'><strong>Si</strong></span> <span class='ocrx_word' id='word_1_334' title='bbox 538 2380 662 2408; x_wconf 84' lang='lat' dir='ltr'><strong>autem</strong></span> <span class='ocrx_word' id='word_1_335' title='bbox 693 2370 897 2422; x_wconf 63' lang='lat' dir='ltr'><strong>loquamur</strong></span> <span class='ocrx_word' id='word_1_336' title='bbox 927 2371 970 2408; x_wconf 90' lang='lat' dir='ltr'><strong>de</strong></span> <span class='ocrx_word' id='word_1_337' title='bbox 992 2373 1142 2422; x_wconf 80' lang='lat' dir='ltr'><strong>impiis:</strong></span> <span class='ocrx_word' id='word_1_338' title='bbox 1172 2380 1301 2407; x_wconf 87' lang='lat' dir='ltr'><strong>utrum</strong></span> 
     </span>
     <span class='ocr_line' id='line_1_43' title="bbox 185 2423 1302 2475; baseline -0.004 -12"><span class='ocrx_word' id='word_1_339' title='bbox 185 2428 245 2464; x_wconf 74' lang='lat' dir='ltr'><strong>isti</strong></span> <span class='ocrx_word' id='word_1_340' title='bbox 276 2439 365 2463; x_wconf 88' lang='lat' dir='ltr'><strong>cum</strong></span> <span class='ocrx_word' id='word_1_341' title='bbox 397 2425 525 2472; x_wconf 84' lang='lat' dir='ltr'><strong>vitiis,</strong></span> <span class='ocrx_word' id='word_1_342' title='bbox 575 2423 608 2459; x_wconf 80' lang='grc'><strong>8(</strong></span> <span class='ocrx_word' id='word_1_343' title='bbox 637 2423 939 2461; x_wconf 70' lang='lat' dir='ltr'><strong>deformitatibus</strong></span> <span class='ocrx_word' id='word_1_344' title='bbox 982 2438 1137 2462; x_wconf 84' lang='lat' dir='ltr'><strong>snorum</strong></span> <span class='ocrx_word' id='word_1_345' title='bbox 1168 2436 1302 2475; x_wconf 89' lang='lat' dir='ltr'><strong>corpo-</strong></span> 
     </span>
     <span class='ocr_line' id='line_1_44' title="bbox 185 2477 1303 2529; baseline -0.004 -11"><span class='ocrx_word' id='word_1_346' title='bbox 185 2493 273 2518; x_wconf 82' lang='lat' dir='ltr'><strong>rum</strong></span> <span class='ocrx_word' id='word_1_347' title='bbox 304 2479 550 2517; x_wconf 81' lang='lat' dir='ltr'><strong>resurrecturi</strong></span> <span class='ocrx_word' id='word_1_348' title='bbox 582 2479 681 2515; x_wconf 84' lang='lat' dir='ltr'><strong>sint:</strong></span> <span class='ocrx_word' id='word_1_349' title='bbox 721 2506 745 2523; x_wconf 88' lang='lat'>„</span> <span class='ocrx_word' id='word_1_350' title='bbox 776 2477 816 2513; x_wconf 87' lang='lat' dir='ltr'><strong>ln</strong></span> <span class='ocrx_word' id='word_1_351' title='bbox 845 2478 1072 2529; x_wconf 80' lang='lat' dir='ltr'><strong>requirendo</strong></span> <span class='ocrx_word' id='word_1_352' title='bbox 1102 2478 1303 2525; x_wconf 84' lang='lat' dir='ltr'><strong>laborare,</strong></span> 
     </span>
     <span class='ocr_line' id='line_1_45' title="bbox 188 2530 1305 2585; baseline -0.001 -17"><span class='ocrx_word' id='word_1_353' title='bbox 188 2563 214 2582; x_wconf 77' lang='lat'><strong>,‚</strong></span> <span class='ocrx_word' id='word_1_354' title='bbox 245 2533 337 2585; x_wconf 82' lang='lat' dir='ltr'><strong>quid</strong></span> <span class='ocrx_word' id='word_1_355' title='bbox 367 2545 462 2585; x_wconf 84' lang='lat' dir='ltr'><strong>opus</strong></span> <span class='ocrx_word' id='word_1_356' title='bbox 492 2530 572 2569; x_wconf 77' lang='lat' dir='ltr'><strong>est?</strong></span> <span class='ocrx_word' id='word_1_357' title='bbox 615 2530 749 2582; x_wconf 80' lang='lat' dir='ltr'><strong>Neque</strong></span> <span class='ocrx_word' id='word_1_358' title='bbox 780 2532 881 2567; x_wconf 80' lang='lat' dir='ltr'><strong>enim</strong></span> <span class='ocrx_word' id='word_1_359' title='bbox 914 2532 1071 2582; x_wconf 62' lang='lat' dir='ltr'><strong>fatigare</strong></span> <span class='ocrx_word' id='word_1_360' title='bbox 1100 2545 1167 2570; x_wconf 79' lang='lat' dir='ltr'><strong>nos</strong></span> <span class='ocrx_word' id='word_1_361' title='bbox 1195 2531 1305 2568; x_wconf 84' lang='lat' dir='ltr'><strong>debet</strong></span> 
     </span>
     <span class='ocr_line' id='line_1_46' title="bbox 188 2584 1305 2636; baseline -0.003 -13"><span class='ocrx_word' id='word_1_362' title='bbox 188 2616 216 2636; x_wconf 91' lang='lat'><strong>„</strong></span> <span class='ocrx_word' id='word_1_363' title='bbox 247 2588 388 2623; x_wconf 86' lang='lat' dir='ltr'><strong>incerta</strong></span> <span class='ocrx_word' id='word_1_364' title='bbox 417 2599 548 2623; x_wconf 87' lang='lat' dir='ltr'><strong>eorum</strong></span> <span class='ocrx_word' id='word_1_365' title='bbox 580 2584 789 2631; x_wconf 77' lang='lat' dir='ltr'><strong>habitudo,</strong></span> <span class='ocrx_word' id='word_1_366' title='bbox 819 2584 877 2620; x_wconf 90' lang='lat' dir='ltr'><strong>vel</strong></span> <span class='ocrx_word' id='word_1_367' title='bbox 911 2585 1183 2636; x_wconf 83' lang='lat' dir='ltr'><strong>pulchritudO,</strong></span> <span class='ocrx_word' id='word_1_368' title='bbox 1213 2597 1305 2636; x_wconf 89' lang='lat' dir='ltr'><strong>quo-</strong></span> 
     </span>
     <span class='ocr_line' id='line_1_47' title="bbox 189 2638 1184 2689; baseline 0.001 -14"><span class='ocrx_word' id='word_1_369' title='bbox 189 2669 216 2688; x_wconf 89' lang='lat'>„</span> <span class='ocrx_word' id='word_1_370' title='bbox 246 2653 331 2676; x_wconf 87' lang='lat' dir='ltr'><strong>rum</strong></span> <span class='ocrx_word' id='word_1_371' title='bbox 363 2641 431 2678; x_wconf 87' lang='lat' dir='ltr'><strong>erit</strong></span> <span class='ocrx_word' id='word_1_372' title='bbox 461 2647 561 2676; x_wconf 87' lang='lat' dir='ltr'><strong>certa</strong></span> <span class='ocrx_word' id='word_1_373' title='bbox 592 2638 625 2674; x_wconf 74' lang='lat'><strong>8&lt;</strong></span> <span class='ocrx_word' id='word_1_374' title='bbox 655 2638 882 2689; x_wconf 82' lang='lat' dir='ltr'><strong>sempiterna</strong></span> <span class='ocrx_word' id='word_1_375' title='bbox 915 2640 1105 2677; x_wconf 72' lang='lat' dir='ltr'><strong>(lainnatio</strong></span> <span class='ocrx_word' id='word_1_376' title='bbox 1134 2639 1184 2676; x_wconf 83' lang='lat'><strong>⁷².</strong></span> 
     </span>
    </p>

    <p class='ocr_par' dir='ltr' id='par_1_5' title="bbox 191 2691 1308 2846">
     <span class='ocr_line' id='line_1_48' title="bbox 241 2691 1307 2745; baseline 0 -15"><span class='ocrx_word' id='word_1_377' title='bbox 241 2693 306 2745; x_wconf 69' lang='lat'><strong>95.</strong></span> <span class='ocrx_word' id='word_1_378' title='bbox 340 2693 442 2730; x_wconf 75' lang='lat' dir='ltr'><strong>Idem</strong></span> <span class='ocrx_word' id='word_1_379' title='bbox 487 2693 526 2730; x_wconf 81' lang='lat' dir='ltr'><strong>S.</strong></span> <span class='ocrx_word' id='word_1_380' title='bbox 560 2692 668 2730; x_wconf 78' lang='lat' dir='ltr'><strong>l’atet·</strong></span> <span class='ocrx_word' id='word_1_381' title='bbox 712 2691 799 2728; x_wconf 80' lang='lat' dir='ltr'><strong>Lib.</strong></span> <span class='ocrx_word' id='word_1_382' title='bbox 832 2691 959 2729; x_wconf 74' lang='lat' dir='ltr'><strong>XXII.</strong></span> <span class='ocrx_word' id='word_1_383' title='bbox 1009 2692 1072 2729; x_wconf 80' lang='lat' dir='ltr'><strong>De</strong></span> <span class='ocrx_word' id='word_1_384' title='bbox 1118 2692 1196 2731; x_wconf 59' lang='lat' dir='ltr'><strong>Cic.</strong></span> <span class='ocrx_word' id='word_1_385' title='bbox 1227 2692 1307 2730; x_wconf 76' lang='lat' dir='ltr'><strong>Dei</strong></span> 
     </span>
     <span class='ocr_line' id='line_1_49' title="bbox 191 2746 1307 2799; baseline 0 -17"><span class='ocrx_word' id='word_1_386' title='bbox 191 2759 274 2797; x_wconf 85' lang='lat' dir='ltr'><strong>cap.</strong></span> <span class='ocrx_word' id='word_1_387' title='bbox 301 2747 361 2784; x_wconf 82' lang='lat'><strong>15.</strong></span> <span class='ocrx_word' id='word_1_388' title='bbox 392 2747 425 2782; x_wconf 71' lang='grc' dir='ltr'>ἃ</span> <span class='ocrx_word' id='word_1_389' title='bbox 456 2761 533 2798; x_wconf 81' lang='lat' dir='ltr'><strong>seq.</strong></span> <span class='ocrx_word' id='word_1_390' title='bbox 564 2754 664 2784; x_wconf 84' lang='lat' dir='ltr'><strong>mota</strong></span> <span class='ocrx_word' id='word_1_391' title='bbox 689 2746 904 2797; x_wconf 80' lang='lat' dir='ltr'><strong>quaestione</strong></span> <span class='ocrx_word' id='word_1_392' title='bbox 933 2747 977 2782; x_wconf 87' lang='lat' dir='ltr'><strong>de</strong></span> <span class='ocrx_word' id='word_1_393' title='bbox 1008 2756 1139 2795; x_wconf 76' lang='lat' dir='ltr'><strong>aetate,</strong></span> <span class='ocrx_word' id='word_1_394' title='bbox 1170 2747 1208 2783; x_wconf 88' lang='lat' dir='ltr'><strong>in</strong></span> <span class='ocrx_word' id='word_1_395' title='bbox 1230 2760 1307 2799; x_wconf 87' lang='lat' dir='ltr'><strong>qua</strong></span> 
     </span>
     <span class='ocr_line' id='line_1_50' title="bbox 195 2797 1308 2846; baseline 0.002 -13"><span class='ocrx_word' id='word_1_396' title='bbox 195 2797 364 2837; x_wconf 80' lang='lat' dir='ltr'><strong>homiues</strong></span> <span class='ocrx_word' id='word_1_397' title='bbox 392 2800 595 2839; x_wconf 78' lang='lat' dir='ltr'><strong>surrecturi</strong></span> <span class='ocrx_word' id='word_1_398' title='bbox 627 2808 734 2846; x_wconf 82' lang='lat' dir='ltr'><strong>suut,</strong></span> <span class='ocrx_word' id='word_1_399' title='bbox 779 2813 862 2836; x_wconf 86' lang='lat' dir='ltr'><strong>eam</strong></span> <span class='ocrx_word' id='word_1_400' title='bbox 893 2801 1113 2837; x_wconf 84' lang='lat' dir='ltr'><strong>sententiam</strong></span> <span class='ocrx_word' id='word_1_401' title='bbox 1158 2801 1308 2836; x_wconf 86' lang='lat' dir='ltr'><strong>videtur</strong></span> 
     </span>
    </p>
   </div>
   <div class='ocr_carea' id='block_1_3' title="bbox 198 2852 1307 2905">
    <p class='ocr_par' dir='ltr' id='par_1_6' title="bbox 198 2852 1307 2905">
     <span class='ocr_line' id='line_1_51' title="bbox 198 2852 1307 2905; baseline 0.003 -17"><span class='ocrx_word' id='word_1_402' title='bbox 198 2852 399 2903; x_wconf 80' lang='lat' dir='ltr'><strong>amplecti:</strong></span> <span class='ocrx_word' id='word_1_403' title='bbox 447 2881 472 2903; x_wconf 85' lang='lat'><strong>,‚</strong></span> <span class='ocrx_word' id='word_1_404' title='bbox 502 2853 553 2893; x_wconf 83' lang='lat' dir='ltr'><strong>Ut</strong></span> <span class='ocrx_word' id='word_1_405' title='bbox 582 2867 653 2892; x_wconf 83' lang='lat' dir='ltr'><strong>nec</strong></span> <span class='ocrx_word' id='word_1_406' title='bbox 683 2852 812 2903; x_wconf 82' lang='lat' dir='ltr'><strong>ultra,</strong></span> <span class='ocrx_word' id='word_1_407' title='bbox 854 2865 923 2892; x_wconf 85' lang='lat' dir='ltr'><strong>nec</strong></span> <span class='ocrx_word' id='word_1_408' title='bbox 953 2853 1057 2892; x_wconf 79' lang='lat' dir='ltr'><strong>infra</strong></span> <span class='ocrx_word' id='word_1_409' title='bbox 1098 2852 1307 2905; x_wconf 80' lang='lat' dir='ltr'><strong>juvenilem</strong></span> 
     </span>
    </p>
   </div>
   <div class='ocr_carea' id='block_1_4' title="bbox 164 914 196 987">
    <p class='ocr_par' dir='ltr' id='par_1_7' title="bbox 164 914 196 987">
     <span class='ocr_line' id='line_1_52' title="bbox 167 914 196 934; baseline -0.034 0"><span class='ocrx_word' id='word_1_410' title='bbox 167 914 196 934; x_wconf 73' lang='lat'><strong>2&gt;</strong></span> 
     </span>
     <span class='ocr_line' id='line_1_53' title="bbox 164 968 195 987; baseline -0.032 0"><span class='ocrx_word' id='word_1_411' title='bbox 164 968 195 987; x_wconf 72' lang='lat'><strong>3²</strong></span> 
     </span>
    </p>
   </div>
   <div class='ocr_carea' id='block_1_5' title="bbox 199 3031 1312 3411">
    <p class='ocr_par' dir='ltr' id='par_1_8' title="bbox 199 3031 1312 3411">
     <span class='ocr_line' id='line_1_54' title="bbox 251 3031 1308 3082; baseline 0 -12"><span class='ocrx_word' id='word_1_412' title='bbox 251 3036 298 3070; x_wconf 64' lang='lat' dir='ltr'><strong>(a)</strong></span> <span class='ocrx_word' id='word_1_413' title='bbox 326 3031 441 3065; x_wconf 71' lang='lat' dir='ltr'><strong>sanci.</strong></span> <span class='ocrx_word' id='word_1_414' title='bbox 469 3035 625 3070; x_wconf 63' lang='lat' dir='ltr'><strong>Thomas</strong></span> <span class='ocrx_word' id='word_1_415' title='bbox 651 3037 685 3069; x_wconf 88' lang='lat' dir='ltr'><strong>in</strong></span> <span class='ocrx_word' id='word_1_416' title='bbox 705 3037 882 3082; x_wconf 67' lang='lat' dir='ltr'><strong>Supplem.</strong></span> <span class='ocrx_word' id='word_1_417' title='bbox 909 3050 968 3082; x_wconf 83' lang='lat' dir='ltr'><strong>qu.</strong></span> <span class='ocrx_word' id='word_1_418' title='bbox 986 3037 1043 3072; x_wconf 87' lang='lat'><strong>80.</strong></span> <span class='ocrx_word' id='word_1_419' title='bbox 1069 3045 1135 3070; x_wconf 79' lang='lat' dir='ltr'><strong>art.</strong></span> <span class='ocrx_word' id='word_1_420' title='bbox 1160 3049 1187 3070; x_wconf 86' lang='lat'><strong>1.</strong></span> <span class='ocrx_word' id='word_1_421' title='bbox 1214 3037 1255 3071; x_wconf 85' lang='lat' dir='ltr'><strong>ad</strong></span> <span class='ocrx_word' id='word_1_422' title='bbox 1280 3050 1308 3071; x_wconf 87' lang='lat'><strong>1.</strong></span> 
     </span>
     <span class='ocr_line' id='line_1_55' title="bbox 200 3077 1310 3129; baseline 0.006 -20"><span class='ocrx_word' id='word_1_423' title='bbox 200 3077 386 3116; x_wconf 61' lang='lat' dir='ltr'><strong>qumbra,</strong></span> <span class='ocrx_word' id='word_1_424' title='bbox 423 3079 558 3123; x_wconf 69' lang='lat' dir='ltr'><strong>inquit,</strong></span> <span class='ocrx_word' id='word_1_425' title='bbox 601 3105 625 3123; x_wconf 60' lang='lat'><strong>‚2</strong></span> <span class='ocrx_word' id='word_1_426' title='bbox 652 3092 796 3127; x_wconf 69' lang='lat' dir='ltr'><strong>possunt</strong></span> <span class='ocrx_word' id='word_1_427' title='bbox 823 3083 1009 3129; x_wconf 82' lang='lat' dir='ltr'><strong>dupliciter</strong></span> <span class='ocrx_word' id='word_1_428' title='bbox 1036 3083 1243 3116; x_wconf 57' lang='lat' dir='ltr'><strong>considerari</strong></span> <span class='ocrx_word' id='word_1_429' title='bbox 1276 3085 1310 3116; x_wconf 85' lang='lat' dir='ltr'><strong>in</strong></span> 
     </span>
     <span class='ocr_line' id='line_1_56' title="bbox 202 3125 1310 3175; baseline 0.005 -18"><span class='ocrx_word' id='word_1_430' title='bbox 202 3145 230 3166; x_wconf 65' lang='lat'><strong>2,</strong></span> <span class='ocrx_word' id='word_1_431' title='bbox 257 3125 512 3175; x_wconf 39' lang='lat' dir='ltr'><strong>compa-ratione</strong></span> <span class='ocrx_word' id='word_1_432' title='bbox 534 3127 573 3159; x_wconf 77' lang='lat' dir='ltr'><strong>ad</strong></span> <span class='ocrx_word' id='word_1_433' title='bbox 593 3131 744 3162; x_wconf 78' lang='lat' dir='ltr'><strong>animam</strong></span> <span class='ocrx_word' id='word_1_434' title='bbox 761 3142 772 3170; x_wconf 77' lang='lat'>5</span> <span class='ocrx_word' id='word_1_435' title='bbox 791 3131 843 3162; x_wconf 79' lang='lat' dir='ltr'><strong>vel</strong></span> <span class='ocrx_word' id='word_1_436' title='bbox 864 3130 1052 3163; x_wconf 75' lang='lat' dir='ltr'><strong>secundum</strong></span> <span class='ocrx_word' id='word_1_437' title='bbox 1069 3130 1310 3163; x_wconf 70' lang='lat' dir='ltr'><strong>habitudinem</strong></span> 
     </span>
     <span class='ocr_line' id='line_1_57' title="bbox 201 3171 1310 3214; baseline 0.006 -11"><span class='ocrx_word' id='word_1_438' title='bbox 201 3192 228 3211; x_wconf 71' lang='lat'><strong>2,</strong></span> <span class='ocrx_word' id='word_1_439' title='bbox 255 3180 410 3204; x_wconf 70' lang='lat' dir='ltr'><strong>mater-ire</strong></span> <span class='ocrx_word' id='word_1_440' title='bbox 439 3171 479 3202; x_wconf 76' lang='lat' dir='ltr'><strong>ad</strong></span> <span class='ocrx_word' id='word_1_441' title='bbox 507 3173 674 3214; x_wconf 73' lang='lat' dir='ltr'><strong>formam,</strong></span> <span class='ocrx_word' id='word_1_442' title='bbox 698 3177 751 3208; x_wconf 79' lang='lat' dir='ltr'><strong>vel</strong></span> <span class='ocrx_word' id='word_1_443' title='bbox 779 3176 969 3210; x_wconf 80' lang='lat' dir='ltr'><strong>secundum</strong></span> <span class='ocrx_word' id='word_1_444' title='bbox 995 3176 1236 3210; x_wconf 58' lang='lat' dir='ltr'><strong>habitudinem</strong></span> <span class='ocrx_word' id='word_1_445' title='bbox 1257 3180 1310 3210; x_wconf 87' lang='lat' dir='ltr'><strong>in-</strong></span> 
     </span>
     <span class='ocr_line' id='line_1_58' title="bbox 205 3217 1312 3268; baseline 0.007 -20"><span class='ocrx_word' id='word_1_446' title='bbox 205 3238 230 3257; x_wconf 76' lang='lat'>„</span> <span class='ocrx_word' id='word_1_447' title='bbox 257 3217 442 3249; x_wconf 69' lang='lat' dir='ltr'><strong>strumenti</strong></span> <span class='ocrx_word' id='word_1_448' title='bbox 470 3217 511 3248; x_wconf 73' lang='lat' dir='ltr'><strong>ad</strong></span> <span class='ocrx_word' id='word_1_449' title='bbox 538 3229 692 3260; x_wconf 60' lang='lat' dir='ltr'><strong>agentem</strong></span> <span class='ocrx_word' id='word_1_450' title='bbox 788 3224 820 3255; x_wconf 86' lang='lat' dir='ltr'><strong>Si</strong></span> <span class='ocrx_word' id='word_1_451' title='bbox 848 3235 927 3267; x_wconf 70' lang='lat' dir='ltr'><strong>ergo</strong></span> <span class='ocrx_word' id='word_1_452' title='bbox 952 3224 1109 3257; x_wconf 69' lang='lat' dir='ltr'><strong>numbra</strong></span> <span class='ocrx_word' id='word_1_453' title='bbox 1136 3225 1312 3268; x_wconf 73' lang='lat' dir='ltr'><strong>accipian-</strong></span> 
     </span>
     <span class='ocr_line' id='line_1_59' title="bbox 205 3261 1311 3314; baseline 0.011 -23"><span class='ocrx_word' id='word_1_454' title='bbox 205 3285 230 3305; x_wconf 87' lang='lat'><em>„</em></span> <span class='ocrx_word' id='word_1_455' title='bbox 259 3271 315 3295; x_wconf 71' lang='lat' dir='ltr'><strong>tur</strong></span> <span class='ocrx_word' id='word_1_456' title='bbox 340 3261 528 3295; x_wconf 74' lang='lat' dir='ltr'><strong>seeundum</strong></span> <span class='ocrx_word' id='word_1_457' title='bbox 547 3265 702 3313; x_wconf 28' lang='lat' dir='ltr'><strong>‘primam</strong></span> <span class='ocrx_word' id='word_1_458' title='bbox 729 3271 1022 3314; x_wconf 73' lang='lat' dir='ltr'><strong>comparationem</strong></span> <span class='ocrx_word' id='word_1_459' title='bbox 1043 3292 1053 3310; x_wconf 90' lang='lat'>‚</span> <span class='ocrx_word' id='word_1_460' title='bbox 1088 3270 1165 3303; x_wconf 83' lang='lat' dir='ltr'><strong>finis</strong></span> <span class='ocrx_word' id='word_1_461' title='bbox 1191 3280 1311 3303; x_wconf 83' lang='lat' dir='ltr'><strong>eornm</strong></span> 
     </span>
     <span class='ocr_line' id='line_1_60' title="bbox 202 3310 1312 3361; baseline 0.008 -20"><span class='ocrx_word' id='word_1_462' title='bbox 202 3331 225 3349; x_wconf 64' lang='lat'><strong>3,</strong></span> <span class='ocrx_word' id='word_1_463' title='bbox 253 3321 317 3342; x_wconf 87' lang='lat' dir='ltr'><strong>non</strong></span> <span class='ocrx_word' id='word_1_464' title='bbox 345 3317 599 3359; x_wconf 54' lang='lat' dir='ltr'><strong>estoperatio,</strong></span> <span class='ocrx_word' id='word_1_465' title='bbox 625 3310 683 3341; x_wconf 75' lang='lat' dir='ltr'><strong>scd</strong></span> <span class='ocrx_word' id='word_1_466' title='bbox 708 3316 815 3356; x_wconf 65' lang='lat' dir='ltr'><strong>magis</strong></span> <span class='ocrx_word' id='word_1_467' title='bbox 842 3317 1033 3358; x_wconf 74' lang='lat' dir='ltr'><strong>perfectum</strong></span> <span class='ocrx_word' id='word_1_468' title='bbox 1060 3328 1132 3349; x_wconf 72' lang='lat' dir='ltr'><strong>esse</strong></span> <span class='ocrx_word' id='word_1_469' title='bbox 1159 3317 1312 3361; x_wconf 80' lang='lat' dir='ltr'><strong>speciei,</strong></span> 
     </span>
     <span class='ocr_line' id='line_1_61' title="bbox 199 3354 1311 3411; baseline 0.008 -25"><span class='ocrx_word' id='word_1_470' title='bbox 199 3377 224 3396; x_wconf 87' lang='lat'>„</span> <span class='ocrx_word' id='word_1_471' title='bbox 249 3354 339 3411; x_wconf 50' lang='lat' dir='ltr'><strong>quot-l</strong></span> <span class='ocrx_word' id='word_1_472' title='bbox 366 3364 468 3388; x_wconf 60' lang='lat' dir='ltr'><strong>etiam</strong></span> <span class='ocrx_word' id='word_1_473' title='bbox 494 3363 570 3400; x_wconf 87' lang='lat' dir='ltr'><strong>post</strong></span> <span class='ocrx_word' id='word_1_474' title='bbox 594 3361 880 3393; x_wconf 72' lang='lat' dir='ltr'><strong>resurrectionem</strong></span> <span class='ocrx_word' id='word_1_475' title='bbox 901 3364 1116 3405; x_wconf 74' lang='lat' dir='ltr'><strong>requiretur.</strong></span> <span class='ocrx_word' id='word_1_476' title='bbox 1145 3364 1178 3395; x_wconf 86' lang='lat' dir='ltr'><strong>Si</strong></span> <span class='ocrx_word' id='word_1_477' title='bbox 1195 3371 1311 3396; x_wconf 77' lang='lat' dir='ltr'><strong>autem</strong></span> 
     </span>
    </p>
   </div>
   <div class='ocr_carea' id='block_1_6' title="bbox 205 3400 1312 3451">
    <p class='ocr_par' dir='ltr' id='par_1_9' title="bbox 205 3400 1312 3451">
     <span class='ocr_line' id='line_1_62' title="bbox 205 3400 1312 3451; baseline 0.007 -16"><span class='ocrx_word' id='word_1_478' title='bbox 205 3423 229 3442; x_wconf 55' lang='lat'><strong>7,</strong></span> <span class='ocrx_word' id='word_1_479' title='bbox 257 3401 474 3446; x_wconf 69' lang='lat' dir='ltr'><strong>accipiantur</strong></span> <span class='ocrx_word' id='word_1_480' title='bbox 501 3400 689 3435; x_wconf 81' lang='lat' dir='ltr'><strong>secundun]</strong></span> <span class='ocrx_word' id='word_1_481' title='bbox 716 3404 900 3438; x_wconf 62' lang='lat' dir='ltr'><strong>secundam</strong></span> <span class='ocrx_word' id='word_1_482' title='bbox 919 3409 1237 3451; x_wconf 77' lang='lat' dir='ltr'><strong>comparationem,</strong></span> <span class='ocrx_word' id='word_1_483' title='bbox 1262 3411 1312 3443; x_wconf 81' lang='lat' dir='ltr'><strong>sic</strong></span> 
     </span>
    </p>
   </div>
   <div class='ocr_carea' id='block_1_7' title="bbox 1342 239 2493 2906">
    <p class='ocr_par' dir='ltr' id='par_1_10' title="bbox 1342 239 2464 614">
     <span class='ocr_line' id='line_1_63' title="bbox 1343 239 2455 295; baseline 0.01 -20"><span class='ocrx_word' id='word_1_484' title='bbox 1343 268 1369 288; x_wconf 79' lang='lat'>„</span> <span class='ocrx_word' id='word_1_485' title='bbox 1399 239 1564 276; x_wconf 84' lang='lat' dir='ltr'><strong>formam</strong></span> <span class='ocrx_word' id='word_1_486' title='bbox 1595 250 1789 292; x_wconf 80' lang='lat' dir='ltr'><strong>resurgant</strong></span> <span class='ocrx_word' id='word_1_487' title='bbox 1817 255 1975 295; x_wconf 79' lang='lat' dir='ltr'><strong>corpora</strong></span> <span class='ocrx_word' id='word_1_488' title='bbox 2017 249 2279 282; x_wconf 81' lang='lat' dir='ltr'><strong>mortuorum:</strong></span> <span class='ocrx_word' id='word_1_489' title='bbox 2324 245 2386 284; x_wconf 81' lang='lat' dir='ltr'><strong>sed</strong></span> <span class='ocrx_word' id='word_1_490' title='bbox 2414 245 2455 287; x_wconf 83' lang='lat' dir='ltr'><strong>in</strong></span> 
     </span>
     <span class='ocr_line' id='line_1_64' title="bbox 1343 294 2457 349; baseline 0.008 -20"><span class='ocrx_word' id='word_1_491' title='bbox 1343 320 1369 339; x_wconf 88' lang='lat'>„</span> <span class='ocrx_word' id='word_1_492' title='bbox 1399 300 1533 338; x_wconf 81' lang='lat' dir='ltr'><strong>aetate,</strong></span> <span class='ocrx_word' id='word_1_493' title='bbox 1563 307 1606 330; x_wconf 88' lang='lat' dir='ltr'><strong>ac</strong></span> <span class='ocrx_word' id='word_1_494' title='bbox 1638 294 1798 340; x_wconf 85' lang='lat' dir='ltr'><strong>robore,</strong></span> <span class='ocrx_word' id='word_1_495' title='bbox 1828 309 1945 347; x_wconf 85' lang='lat' dir='ltr'><strong>usque</strong></span> <span class='ocrx_word' id='word_1_496' title='bbox 1975 297 2020 335; x_wconf 85' lang='lat' dir='ltr'><strong>ad</strong></span> <span class='ocrx_word' id='word_1_497' title='bbox 2043 312 2157 349; x_wconf 89' lang='lat' dir='ltr'><strong>quam</strong></span> <span class='ocrx_word' id='word_1_498' title='bbox 2179 296 2371 335; x_wconf 83' lang='lat' dir='ltr'><strong>Christum</strong></span> <span class='ocrx_word' id='word_1_499' title='bbox 2393 299 2457 338; x_wconf 84' lang='lat' dir='ltr'><strong>hic</strong></span> 
     </span>
     <span class='ocr_line' id='line_1_65' title="bbox 1343 347 2459 403; baseline 0.009 -23"><span class='ocrx_word' id='word_1_500' title='bbox 1343 373 1369 392; x_wconf 88' lang='lat'><strong>„</strong></span> <span class='ocrx_word' id='word_1_501' title='bbox 1400 347 1610 395; x_wconf 82' lang='lat' dir='ltr'><strong>pervenisse</strong></span> <span class='ocrx_word' id='word_1_502' title='bbox 1639 348 1885 397; x_wconf 81' lang='lat' dir='ltr'><strong>cognovimus</strong></span> <span class='ocrx_word' id='word_1_503' title='bbox 1915 350 1963 386; x_wconf 87' lang='lat'><strong>&#39;‘.</strong></span> <span class='ocrx_word' id='word_1_504' title='bbox 2009 351 2080 388; x_wconf 88' lang='lat' dir='ltr'><strong>Cui</strong></span> <span class='ocrx_word' id='word_1_505' title='bbox 2117 361 2243 389; x_wconf 84' lang='lat' dir='ltr'><strong>tamen</strong></span> <span class='ocrx_word' id='word_1_506' title='bbox 2286 352 2459 403; x_wconf 86' lang='lat' dir='ltr'><strong>opinioni</strong></span> 
     </span>
     <span class='ocr_line' id='line_1_66' title="bbox 1342 399 2460 456; baseline 0.006 -21"><span class='ocrx_word' id='word_1_507' title='bbox 1342 399 1536 436; x_wconf 86' lang='lat' dir='ltr'><strong>mordicus</strong></span> <span class='ocrx_word' id='word_1_508' title='bbox 1565 412 1638 435; x_wconf 88' lang='lat' dir='ltr'><strong>non</strong></span> <span class='ocrx_word' id='word_1_509' title='bbox 1668 399 1866 439; x_wconf 80' lang='lat' dir='ltr'><strong>adhaerens</strong></span> <span class='ocrx_word' id='word_1_510' title='bbox 1894 401 2020 440; x_wconf 86' lang='lat' dir='ltr'><strong>subdit</strong></span> <span class='ocrx_word' id='word_1_511' title='bbox 2048 417 2133 456; x_wconf 89' lang='lat' dir='ltr'><strong>cap.</strong></span> <span class='ocrx_word' id='word_1_512' title='bbox 2162 405 2243 443; x_wconf 81' lang='lat'><strong>16.:</strong></span> <span class='ocrx_word' id='word_1_513' title='bbox 2275 434 2300 453; x_wconf 87' lang='lat'><strong>„</strong></span> <span class='ocrx_word' id='word_1_514' title='bbox 2329 405 2460 456; x_wconf 77' lang='lat' dir='ltr'><strong>siqui</strong></span> 
     </span>
     <span class='ocr_line' id='line_1_67' title="bbox 1344 452 2460 507; baseline 0.005 -18"><span class='ocrx_word' id='word_1_515' title='bbox 1344 480 1370 500; x_wconf 88' lang='lat'>„</span> <span class='ocrx_word' id='word_1_516' title='bbox 1400 452 1440 489; x_wconf 87' lang='lat' dir='ltr'><strong>in</strong></span> <span class='ocrx_word' id='word_1_517' title='bbox 1470 464 1514 488; x_wconf 83' lang='lat' dir='ltr'><strong>eo</strong></span> <span class='ocrx_word' id='word_1_518' title='bbox 1540 453 1709 502; x_wconf 83' lang='lat' dir='ltr'><strong>corporis</strong></span> <span class='ocrx_word' id='word_1_519' title='bbox 1738 454 1879 501; x_wconf 89' lang='lat' dir='ltr'><strong>modo,</strong></span> <span class='ocrx_word' id='word_1_520' title='bbox 1909 456 1949 492; x_wconf 89' lang='lat' dir='ltr'><strong>in</strong></span> <span class='ocrx_word' id='word_1_521' title='bbox 1978 469 2054 507; x_wconf 87' lang='lat' dir='ltr'><strong>quo</strong></span> <span class='ocrx_word' id='word_1_522' title='bbox 2069 457 2269 496; x_wconf 85' lang='lat' dir='ltr'><strong>defunctus</strong></span> <span class='ocrx_word' id='word_1_523' title='bbox 2299 467 2370 505; x_wconf 86' lang='lat' dir='ltr'><strong>est,</strong></span> <span class='ocrx_word' id='word_1_524' title='bbox 2403 471 2460 495; x_wconf 87' lang='lat' dir='ltr'><strong>re-</strong></span> 
     </span>
     <span class='ocr_line' id='line_1_68' title="bbox 1346 513 2461 560; baseline 0.009 -20"><span class='ocrx_word' id='word_1_525' title='bbox 1346 534 1372 553; x_wconf 87' lang='lat'>„</span> <span class='ocrx_word' id='word_1_526' title='bbox 1402 514 1659 542; x_wconf 86' lang='lat' dir='ltr'><strong>surrecturum</strong></span> <span class='ocrx_word' id='word_1_527' title='bbox 1691 520 2007 560; x_wconf 85' lang='lat' dir='ltr'><strong>unumquemque</strong></span> <span class='ocrx_word' id='word_1_528' title='bbox 2049 513 2259 559; x_wconf 82' lang='lat' dir='ltr'><strong>contendit,</strong></span> <span class='ocrx_word' id='word_1_529' title='bbox 2303 525 2378 549; x_wconf 83' lang='lat' dir='ltr'><strong>non</strong></span> <span class='ocrx_word' id='word_1_530' title='bbox 2409 518 2461 550; x_wconf 81' lang='lat' dir='ltr'><strong>est</strong></span> 
     </span>
     <span class='ocr_line' id='line_1_69' title="bbox 1347 556 2464 614; baseline 0.009 -21"><span class='ocrx_word' id='word_1_531' title='bbox 1347 587 1374 606; x_wconf 85' lang='lat'><strong>„</strong></span> <span class='ocrx_word' id='word_1_532' title='bbox 1403 571 1492 594; x_wconf 81' lang='lat' dir='ltr'><strong>cui-n</strong></span> <span class='ocrx_word' id='word_1_533' title='bbox 1516 556 1583 595; x_wconf 70' lang='lat' dir='ltr'><strong>ilio</strong></span> <span class='ocrx_word' id='word_1_534' title='bbox 1603 556 1791 597; x_wconf 78' lang='lat' dir='ltr'><strong>laboriosa.</strong></span> <span class='ocrx_word' id='word_1_535' title='bbox 1819 562 2110 600; x_wconf 80' lang='lat' dir='ltr'><strong>contradictione</strong></span> <span class='ocrx_word' id='word_1_536' title='bbox 2139 565 2382 614; x_wconf 79' lang='lat' dir='ltr'><strong>pugnandum</strong></span> <span class='ocrx_word' id='word_1_537' title='bbox 2413 564 2435 579; x_wconf 78' lang='lat'><strong>&#39;&#39;</strong></span> <span class='ocrx_word' id='word_1_538' title='bbox 2452 589 2464 603; x_wconf 60' lang='grc' dir='ltr'>ι</span> 
     </span>
    </p>

    <p class='ocr_par' dir='ltr' id='par_1_11' title="bbox 1347 610 2474 1355">
     <span class='ocr_line' id='line_1_70' title="bbox 1399 610 2460 662; baseline 0.008 -15"><span class='ocrx_word' id='word_1_539' title='bbox 1399 610 1465 662; x_wconf 74' lang='grc'><strong>94.</strong></span> <span class='ocrx_word' id='word_1_540' title='bbox 1495 611 1537 649; x_wconf 82' lang='lat' dir='ltr'><strong>S.</strong></span> <span class='ocrx_word' id='word_1_541' title='bbox 1568 611 1735 649; x_wconf 64' lang='lat' dir='ltr'><strong>Tho-nas</strong></span> <span class='ocrx_word' id='word_1_542' title='bbox 1766 614 1803 650; x_wconf 90' lang='lat' dir='ltr'><strong>in</strong></span> <span class='ocrx_word' id='word_1_543' title='bbox 1834 613 1951 651; x_wconf 78' lang='lat' dir='ltr'><strong>Libro</strong></span> <span class='ocrx_word' id='word_1_544' title='bbox 1973 614 2041 652; x_wconf 85' lang='lat' dir='ltr'><strong>IV.</strong></span> <span class='ocrx_word' id='word_1_545' title='bbox 2072 614 2250 654; x_wconf 72' lang='lat' dir='ltr'><strong>sentent.</strong></span> <span class='ocrx_word' id='word_1_546' title='bbox 2281 617 2460 656; x_wconf 81' lang='lat' dir='ltr'><strong>Distinet.</strong></span> 
     </span>
     <span class='ocr_line' id='line_1_71' title="bbox 1347 663 2463 719; baseline 0.007 -19"><span class='ocrx_word' id='word_1_547' title='bbox 1347 663 1413 710; x_wconf 67' lang='grc'><strong>44.</strong></span> <span class='ocrx_word' id='word_1_548' title='bbox 1442 673 1576 717; x_wconf 83' lang='lat' dir='ltr'><strong>quaest.</strong></span> <span class='ocrx_word' id='word_1_549' title='bbox 1614 678 1645 702; x_wconf 86' lang='lat'><strong>1.</strong></span> <span class='ocrx_word' id='word_1_550' title='bbox 1685 672 1753 702; x_wconf 85' lang='lat' dir='ltr'><strong>art.</strong></span> <span class='ocrx_word' id='word_1_551' title='bbox 1786 665 1823 703; x_wconf 84' lang='grc'><strong>5.</strong></span> <span class='ocrx_word' id='word_1_552' title='bbox 1868 668 1918 703; x_wconf 75' lang='lat' dir='ltr'><strong>ita</strong></span> <span class='ocrx_word' id='word_1_553' title='bbox 1948 665 2042 704; x_wconf 88' lang='lat' dir='ltr'><strong>hanc</strong></span> <span class='ocrx_word' id='word_1_554' title='bbox 2071 670 2322 719; x_wconf 67' lang='lat' dir='ltr'><strong>quaestionem</strong></span> <span class='ocrx_word' id='word_1_555' title='bbox 2351 678 2463 708; x_wconf 84' lang='lat' dir='ltr'><strong>acuto</strong></span> 
     </span>
     <span class='ocr_line' id='line_1_72' title="bbox 1348 717 2465 766; baseline 0.004 -10"><span class='ocrx_word' id='word_1_556' title='bbox 1348 719 1546 757; x_wconf 82' lang='lat' dir='ltr'><strong>ratiocinio</strong></span> <span class='ocrx_word' id='word_1_557' title='bbox 1576 717 1748 756; x_wconf 83' lang='lat' dir='ltr'><strong>resolvit:</strong></span> <span class='ocrx_word' id='word_1_558' title='bbox 1792 748 1817 766; x_wconf 88' lang='lat'>„</span> <span class='ocrx_word' id='word_1_559' title='bbox 1848 719 1957 756; x_wconf 88' lang='lat' dir='ltr'><strong>Sicut</strong></span> <span class='ocrx_word' id='word_1_560' title='bbox 1987 720 2089 757; x_wconf 90' lang='lat' dir='ltr'><strong>Deus</strong></span> <span class='ocrx_word' id='word_1_561' title='bbox 2119 720 2325 759; x_wconf 81' lang='lat' dir='ltr'><strong>humanam</strong></span> <span class='ocrx_word' id='word_1_562' title='bbox 2354 733 2465 761; x_wconf 81' lang='lat' dir='ltr'><strong>uatu-</strong></span> 
     </span>
     <span class='ocr_line' id='line_1_73' title="bbox 1351 772 2466 823; baseline 0.005 -15"><span class='ocrx_word' id='word_1_563' title='bbox 1351 802 1378 821; x_wconf 89' lang='lat'><strong>„</strong></span> <span class='ocrx_word' id='word_1_564' title='bbox 1408 785 1491 808; x_wconf 84' lang='lat' dir='ltr'><strong>ram</strong></span> <span class='ocrx_word' id='word_1_565' title='bbox 1521 772 1664 823; x_wconf 80' lang='lat' dir='ltr'><strong>absque</strong></span> <span class='ocrx_word' id='word_1_566' title='bbox 1693 772 1844 810; x_wconf 79' lang='lat' dir='ltr'><strong>defectu</strong></span> <span class='ocrx_word' id='word_1_567' title='bbox 1875 773 2058 820; x_wconf 82' lang='lat' dir='ltr'><strong>instituit,</strong></span> <span class='ocrx_word' id='word_1_568' title='bbox 2108 774 2159 810; x_wconf 84' lang='lat' dir='ltr'><strong>ita</strong></span> <span class='ocrx_word' id='word_1_569' title='bbox 2195 775 2275 811; x_wconf 87' lang='lat' dir='ltr'><strong>sine</strong></span> <span class='ocrx_word' id='word_1_570' title='bbox 2316 776 2466 814; x_wconf 79' lang='lat' dir='ltr'><strong>defectu</strong></span> 
     </span>
     <span class='ocr_line' id='line_1_74' title="bbox 1352 824 2468 881; baseline 0.005 -20"><span class='ocrx_word' id='word_1_571' title='bbox 1352 855 1378 874; x_wconf 86' lang='lat'>„</span> <span class='ocrx_word' id='word_1_572' title='bbox 1408 825 1627 877; x_wconf 78' lang='lat' dir='ltr'><strong>reparabit.</strong></span> <span class='ocrx_word' id='word_1_573' title='bbox 1659 825 1800 862; x_wconf 78' lang='lat' dir='ltr'><strong>Deficit</strong></span> <span class='ocrx_word' id='word_1_574' title='bbox 1829 834 1956 863; x_wconf 84' lang='lat' dir='ltr'><strong>autem</strong></span> <span class='ocrx_word' id='word_1_575' title='bbox 1987 824 2156 864; x_wconf 87' lang='lat' dir='ltr'><strong>humana</strong></span> <span class='ocrx_word' id='word_1_576' title='bbox 2177 834 2310 865; x_wconf 82' lang='lat' dir='ltr'><strong>natura</strong></span> <span class='ocrx_word' id='word_1_577' title='bbox 2339 828 2468 881; x_wconf 88' lang='lat' dir='ltr'><strong>dupli-</strong></span> 
     </span>
     <span class='ocr_line' id='line_1_75' title="bbox 1352 879 2468 932; baseline 0.005 -17"><span class='ocrx_word' id='word_1_578' title='bbox 1352 909 1378 928; x_wconf 88' lang='lat'>„</span> <span class='ocrx_word' id='word_1_579' title='bbox 1408 881 1526 916; x_wconf 85' lang='lat' dir='ltr'><strong>citer:</strong></span> <span class='ocrx_word' id='word_1_580' title='bbox 1576 892 1648 915; x_wconf 88' lang='lat' dir='ltr'><strong>uno</strong></span> <span class='ocrx_word' id='word_1_581' title='bbox 1677 879 1814 925; x_wconf 82' lang='lat' dir='ltr'><strong>morlo,</strong></span> <span class='ocrx_word' id='word_1_582' title='bbox 1863 879 1953 930; x_wconf 80' lang='lat' dir='ltr'><strong>quia</strong></span> <span class='ocrx_word' id='word_1_583' title='bbox 1984 880 2151 917; x_wconf 88' lang='lat' dir='ltr'><strong>nondum</strong></span> <span class='ocrx_word' id='word_1_584' title='bbox 2196 881 2468 932; x_wconf 86' lang='lat' dir='ltr'><strong>perfectionem</strong></span> 
     </span>
     <span class='ocr_line' id='line_1_76' title="bbox 1352 931 2470 985; baseline 0.002 -17"><span class='ocrx_word' id='word_1_585' title='bbox 1352 962 1377 981; x_wconf 88' lang='lat'>„</span> <span class='ocrx_word' id='word_1_586' title='bbox 1408 931 1585 970; x_wconf 87' lang='lat' dir='ltr'><strong>ultimam</strong></span> <span class='ocrx_word' id='word_1_587' title='bbox 1617 941 1667 969; x_wconf 89' lang='lat' dir='ltr'><strong>est</strong></span> <span class='ocrx_word' id='word_1_588' title='bbox 1696 941 1917 970; x_wconf 82' lang='lat' dir='ltr'><strong>consecuta:</strong></span> <span class='ocrx_word' id='word_1_589' title='bbox 1947 933 2023 970; x_wconf 87' lang='lat' dir='ltr'><strong>alio</strong></span> <span class='ocrx_word' id='word_1_590' title='bbox 2053 934 2188 982; x_wconf 87' lang='lat' dir='ltr'><strong>modo,</strong></span> <span class='ocrx_word' id='word_1_591' title='bbox 2219 935 2310 985; x_wconf 85' lang='lat' dir='ltr'><strong>quia</strong></span> <span class='ocrx_word' id='word_1_592' title='bbox 2331 932 2380 971; x_wconf 91' lang='lat' dir='ltr'><strong>ab</strong></span> <span class='ocrx_word' id='word_1_593' title='bbox 2410 933 2470 972; x_wconf 90' lang='lat' dir='ltr'><strong>ul-</strong></span> 
     </span>
     <span class='ocr_line' id='line_1_77' title="bbox 1353 986 2472 1039; baseline 0.002 -17"><span class='ocrx_word' id='word_1_594' title='bbox 1353 1015 1379 1034; x_wconf 89' lang='lat'>„</span> <span class='ocrx_word' id='word_1_595' title='bbox 1409 987 1503 1023; x_wconf 86' lang='lat' dir='ltr'><strong>tima</strong></span> <span class='ocrx_word' id='word_1_596' title='bbox 1533 986 1763 1038; x_wconf 84' lang='lat' dir='ltr'><strong>perfectione</strong></span> <span class='ocrx_word' id='word_1_597' title='bbox 1794 986 1871 1037; x_wconf 83' lang='lat' dir='ltr'><strong>jam</strong></span> <span class='ocrx_word' id='word_1_598' title='bbox 1905 986 2080 1032; x_wconf 79' lang='lat' dir='ltr'><strong>recessit3</strong></span> <span class='ocrx_word' id='word_1_599' title='bbox 2127 986 2161 1022; x_wconf 72' lang='grc' dir='ltr'><strong>ἃ</strong></span> <span class='ocrx_word' id='word_1_600' title='bbox 2192 988 2317 1039; x_wconf 86' lang='lat' dir='ltr'><strong>primo</strong></span> <span class='ocrx_word' id='word_1_601' title='bbox 2358 988 2472 1026; x_wconf 82' lang='lat' dir='ltr'><strong>modo</strong></span> 
     </span>
     <span class='ocr_line' id='line_1_78' title="bbox 1349 1040 2472 1091; baseline 0 -14"><span class='ocrx_word' id='word_1_602' title='bbox 1349 1068 1377 1088; x_wconf 64' lang='lat'><strong>9,</strong></span> <span class='ocrx_word' id='word_1_603' title='bbox 1406 1040 1535 1078; x_wconf 83' lang='lat' dir='ltr'><strong>deficit</strong></span> <span class='ocrx_word' id='word_1_604' title='bbox 1566 1041 1605 1077; x_wconf 85' lang='lat' dir='ltr'><strong>in</strong></span> <span class='ocrx_word' id='word_1_605' title='bbox 1636 1041 1788 1091; x_wconf 74' lang='lat' dir='ltr'><strong>pueri35</strong></span> <span class='ocrx_word' id='word_1_606' title='bbox 1819 1040 1983 1077; x_wconf 86' lang='lat' dir='ltr'><strong>secundo</strong></span> <span class='ocrx_word' id='word_1_607' title='bbox 2013 1040 2124 1078; x_wconf 88' lang='lat' dir='ltr'><strong>modo</strong></span> <span class='ocrx_word' id='word_1_608' title='bbox 2155 1041 2193 1078; x_wconf 88' lang='lat' dir='ltr'><strong>in</strong></span> <span class='ocrx_word' id='word_1_609' title='bbox 2222 1041 2394 1078; x_wconf 83' lang='lat' dir='ltr'><strong>senibus:</strong></span> <span class='ocrx_word' id='word_1_610' title='bbox 2437 1041 2472 1077; x_wconf 74' lang='lat' dir='ltr'><strong>St</strong></span> 
     </span>
     <span class='ocr_line' id='line_1_79' title="bbox 1353 1092 2472 1146; baseline 0 -15"><span class='ocrx_word' id='word_1_611' title='bbox 1353 1122 1378 1142; x_wconf 91' lang='lat'>„</span> <span class='ocrx_word' id='word_1_612' title='bbox 1410 1093 1493 1131; x_wconf 85' lang='lat' dir='ltr'><strong>ideo</strong></span> <span class='ocrx_word' id='word_1_613' title='bbox 1524 1095 1560 1131; x_wconf 90' lang='lat' dir='ltr'><strong>in</strong></span> <span class='ocrx_word' id='word_1_614' title='bbox 1591 1094 1788 1144; x_wconf 84' lang='lat' dir='ltr'><strong>utriusque</strong></span> <span class='ocrx_word' id='word_1_615' title='bbox 1819 1093 2021 1131; x_wconf 82' lang='lat' dir='ltr'><strong>reducetur</strong></span> <span class='ocrx_word' id='word_1_616' title='bbox 2047 1092 2214 1132; x_wconf 84' lang='lat' dir='ltr'><strong>humana</strong></span> <span class='ocrx_word' id='word_1_617' title='bbox 2244 1104 2375 1131; x_wconf 79' lang='lat' dir='ltr'><strong>natura</strong></span> <span class='ocrx_word' id='word_1_618' title='bbox 2404 1107 2472 1146; x_wconf 83' lang='lat' dir='ltr'><strong>per</strong></span> 
     </span>
     <span class='ocr_line' id='line_1_80' title="bbox 1356 1146 2472 1199; baseline 0.002 -16"><span class='ocrx_word' id='word_1_619' title='bbox 1356 1176 1382 1195; x_wconf 91' lang='lat'>„</span> <span class='ocrx_word' id='word_1_620' title='bbox 1412 1148 1724 1185; x_wconf 80' lang='lat' dir='ltr'><strong>resurrectionem</strong></span> <span class='ocrx_word' id='word_1_621' title='bbox 1753 1147 1798 1184; x_wconf 83' lang='lat' dir='ltr'><strong>ad</strong></span> <span class='ocrx_word' id='word_1_622' title='bbox 1842 1155 1978 1183; x_wconf 82' lang='lat' dir='ltr'><strong>statum</strong></span> <span class='ocrx_word' id='word_1_623' title='bbox 2011 1146 2158 1184; x_wconf 74' lang='lat' dir='ltr'><strong>ultimae</strong></span> <span class='ocrx_word' id='word_1_624' title='bbox 2205 1149 2472 1199; x_wconf 81' lang='lat' dir='ltr'><strong>perfectionis,</strong></span> 
     </span>
     <span class='ocr_line' id='line_1_81' title="bbox 1357 1199 2474 1252; baseline 0.001 -15"><span class='ocrx_word' id='word_1_625' title='bbox 1357 1229 1383 1249; x_wconf 91' lang='lat'>„</span> <span class='ocrx_word' id='word_1_626' title='bbox 1413 1201 1480 1251; x_wconf 88' lang='lat' dir='ltr'><strong>qui</strong></span> <span class='ocrx_word' id='word_1_627' title='bbox 1511 1210 1562 1238; x_wconf 88' lang='lat' dir='ltr'><strong>est</strong></span> <span class='ocrx_word' id='word_1_628' title='bbox 1592 1201 1631 1238; x_wconf 88' lang='lat' dir='ltr'><strong>in</strong></span> <span class='ocrx_word' id='word_1_629' title='bbox 1661 1199 1826 1251; x_wconf 80' lang='lat' dir='ltr'><strong>juvenili</strong></span> <span class='ocrx_word' id='word_1_630' title='bbox 1856 1208 1992 1247; x_wconf 79' lang='lat' dir='ltr'><strong>aetate,</strong></span> <span class='ocrx_word' id='word_1_631' title='bbox 2023 1200 2070 1238; x_wconf 80' lang='lat' dir='ltr'><strong>ad</strong></span> <span class='ocrx_word' id='word_1_632' title='bbox 2100 1215 2216 1252; x_wconf 87' lang='lat' dir='ltr'><strong>quam</strong></span> <span class='ocrx_word' id='word_1_633' title='bbox 2249 1203 2474 1239; x_wconf 81' lang='lat' dir='ltr'><strong>terminatur</strong></span> 
     </span>
     <span class='ocr_line' id='line_1_82' title="bbox 1356 1252 2474 1306; baseline 0.003 -17"><span class='ocrx_word' id='word_1_634' title='bbox 1356 1283 1382 1302; x_wconf 88' lang='lat'>„</span> <span class='ocrx_word' id='word_1_635' title='bbox 1413 1263 1535 1291; x_wconf 87' lang='lat' dir='ltr'><strong>motus</strong></span> <span class='ocrx_word' id='word_1_636' title='bbox 1564 1254 1785 1304; x_wconf 73' lang='lat' dir='ltr'><strong>augmenti,</strong></span> <span class='ocrx_word' id='word_1_637' title='bbox 1814 1252 1848 1288; x_wconf 70' lang='grc' dir='ltr'><strong>ὃ(</strong></span> <span class='ocrx_word' id='word_1_638' title='bbox 1878 1268 1899 1290; x_wconf 84' lang='lat' dir='ltr'><strong>a</strong></span> <span class='ocrx_word' id='word_1_639' title='bbox 1927 1267 2004 1305; x_wconf 88' lang='lat' dir='ltr'><strong>qua</strong></span> <span class='ocrx_word' id='word_1_640' title='bbox 2034 1255 2167 1306; x_wconf 89' lang='lat' dir='ltr'><strong>incipit</strong></span> <span class='ocrx_word' id='word_1_641' title='bbox 2195 1264 2317 1293; x_wconf 88' lang='lat' dir='ltr'><strong>motus</strong></span> <span class='ocrx_word' id='word_1_642' title='bbox 2346 1255 2474 1293; x_wconf 85' lang='lat' dir='ltr'><strong>decre-</strong></span> 
     </span>
     <span class='ocr_line' id='line_1_83' title="bbox 1358 1307 1611 1355; baseline 0.004 -13"><span class='ocrx_word' id='word_1_643' title='bbox 1358 1336 1384 1355; x_wconf 90' lang='lat'><strong>„</strong></span> <span class='ocrx_word' id='word_1_644' title='bbox 1416 1309 1532 1343; x_wconf 88' lang='lat' dir='ltr'><strong>menti</strong></span> <span class='ocrx_word' id='word_1_645' title='bbox 1563 1307 1611 1331; x_wconf 78' lang='lat'><strong>”⁸</strong></span> 
     </span>
    </p>

    <p class='ocr_par' dir='ltr' id='par_1_12' title="bbox 1357 1358 2488 2155">
     <span class='ocr_line' id='line_1_84' title="bbox 1412 1358 2476 1410; baseline 0.003 -14"><span class='ocrx_word' id='word_1_646' title='bbox 1412 1359 1478 1410; x_wconf 68' lang='lat'><strong>96.</strong></span> <span class='ocrx_word' id='word_1_647' title='bbox 1508 1358 1637 1396; x_wconf 68' lang='lat' dir='ltr'><strong>Altera</strong></span> <span class='ocrx_word' id='word_1_648' title='bbox 1666 1358 1894 1409; x_wconf 77' lang='lat' dir='ltr'><strong>objectionis</strong></span> <span class='ocrx_word' id='word_1_649' title='bbox 1924 1372 2010 1410; x_wconf 89' lang='lat' dir='ltr'><strong>pars</strong></span> <span class='ocrx_word' id='word_1_650' title='bbox 2040 1359 2153 1397; x_wconf 80' lang='lat' dir='ltr'><strong>facile</strong></span> <span class='ocrx_word' id='word_1_651' title='bbox 2183 1360 2340 1398; x_wconf 85' lang='lat' dir='ltr'><strong>solvitur</strong></span> <span class='ocrx_word' id='word_1_652' title='bbox 2360 1391 2369 1408; x_wconf 85' lang='lat'><strong>,</strong></span> <span class='ocrx_word' id='word_1_653' title='bbox 2408 1361 2476 1399; x_wconf 87' lang='lat' dir='ltr'><strong>ob-</strong></span> 
     </span>
     <span class='ocr_line' id='line_1_85' title="bbox 1358 1411 2477 1463; baseline 0 -13"><span class='ocrx_word' id='word_1_654' title='bbox 1358 1413 1566 1459; x_wconf 80' lang='lat' dir='ltr'><strong>servando,</strong></span> <span class='ocrx_word' id='word_1_655' title='bbox 1598 1421 1720 1463; x_wconf 82' lang='lat' dir='ltr'><strong>partes</strong></span> <span class='ocrx_word' id='word_1_656' title='bbox 1752 1411 1910 1449; x_wconf 88' lang='lat' dir='ltr'><strong>humani</strong></span> <span class='ocrx_word' id='word_1_657' title='bbox 1942 1414 2110 1463; x_wconf 85' lang='lat' dir='ltr'><strong>corporis</strong></span> <span class='ocrx_word' id='word_1_658' title='bbox 2139 1414 2336 1463; x_wconf 78' lang='lat' dir='ltr'><strong>organicas</strong></span> <span class='ocrx_word' id='word_1_659' title='bbox 2356 1415 2394 1450; x_wconf 89' lang='lat' dir='ltr'><strong>in</strong></span> <span class='ocrx_word' id='word_1_660' title='bbox 2417 1427 2477 1451; x_wconf 86' lang='lat' dir='ltr'><strong>re-</strong></span> 
     </span>
     <span class='ocr_line' id='line_1_86' title="bbox 1357 1464 2479 1513; baseline 0.002 -10"><span class='ocrx_word' id='word_1_661' title='bbox 1357 1466 1588 1504; x_wconf 84' lang='lat' dir='ltr'><strong>surrectione</strong></span> <span class='ocrx_word' id='word_1_662' title='bbox 1621 1467 1777 1502; x_wconf 88' lang='lat' dir='ltr'><strong>minime</strong></span> <span class='ocrx_word' id='word_1_663' title='bbox 1794 1466 1938 1502; x_wconf 72' lang='lat' dir='ltr'><strong>futuras</strong></span> <span class='ocrx_word' id='word_1_664' title='bbox 1961 1464 2112 1503; x_wconf 84' lang='lat' dir='ltr'><strong>inutiles</strong></span> <span class='ocrx_word' id='word_1_665' title='bbox 2129 1492 2138 1503; x_wconf 89' lang='lat'><strong>.</strong></span> <span class='ocrx_word' id='word_1_666' title='bbox 2171 1467 2357 1513; x_wconf 79' lang='lat' dir='ltr'><strong>Quamvis</strong></span> <span class='ocrx_word' id='word_1_667' title='bbox 2377 1468 2479 1506; x_wconf 86' lang='lat' dir='ltr'><strong>enim</strong></span> 
     </span>
     <span class='ocr_line' id='line_1_87' title="bbox 1357 1519 2480 1572; baseline 0 -14"><span class='ocrx_word' id='word_1_668' title='bbox 1357 1533 1480 1570; x_wconf 87' lang='lat' dir='ltr'><strong>neque</strong></span> <span class='ocrx_word' id='word_1_669' title='bbox 1509 1520 1737 1566; x_wconf 80' lang='lat' dir='ltr'><strong>nutritioni&#39;,</strong></span> <span class='ocrx_word' id='word_1_670' title='bbox 1782 1533 1903 1569; x_wconf 85' lang='lat' dir='ltr'><strong>neque</strong></span> <span class='ocrx_word' id='word_1_671' title='bbox 1941 1520 2192 1569; x_wconf 81' lang='lat' dir='ltr'><strong>vegetationi,</strong></span> <span class='ocrx_word' id='word_1_672' title='bbox 2243 1533 2364 1572; x_wconf 88' lang='lat' dir='ltr'><strong>neque</strong></span> <span class='ocrx_word' id='word_1_673' title='bbox 2394 1519 2480 1558; x_wconf 77' lang='lat' dir='ltr'><strong>aliis</strong></span> 
     </span>
     <span class='ocr_line' id='line_1_88' title="bbox 1360 1571 2481 1624; baseline 0.001 -14"><span class='ocrx_word' id='word_1_674' title='bbox 1360 1573 1519 1621; x_wconf 84' lang='lat' dir='ltr'><strong>usibus,</strong></span> <span class='ocrx_word' id='word_1_675' title='bbox 1558 1572 1699 1623; x_wconf 81' lang='lat' dir='ltr'><strong>quibus</strong></span> <span class='ocrx_word' id='word_1_676' title='bbox 1729 1581 1834 1609; x_wconf 85' lang='lat' dir='ltr'><strong>erant</strong></span> <span class='ocrx_word' id='word_1_677' title='bbox 1863 1573 1902 1610; x_wconf 91' lang='lat' dir='ltr'><strong>in</strong></span> <span class='ocrx_word' id='word_1_678' title='bbox 1934 1571 2005 1609; x_wconf 79' lang='lat' dir='ltr'><strong>hac</strong></span> <span class='ocrx_word' id='word_1_679' title='bbox 2036 1575 2111 1610; x_wconf 76' lang='lat' dir='ltr'><strong>vita</strong></span> <span class='ocrx_word' id='word_1_680' title='bbox 2144 1572 2289 1611; x_wconf 80' lang='lat' dir='ltr'><strong>mortali</strong></span> <span class='ocrx_word' id='word_1_681' title='bbox 2320 1574 2481 1624; x_wconf 79' lang='lat' dir='ltr'><strong>deputa-</strong></span> 
     </span>
     <span class='ocr_line' id='line_1_89' title="bbox 1360 1626 2481 1678; baseline 0.001 -15"><span class='ocrx_word' id='word_1_682' title='bbox 1360 1637 1407 1665; x_wconf 84' lang='lat' dir='ltr'><strong>tae</strong></span> <span class='ocrx_word' id='word_1_683' title='bbox 1426 1656 1436 1673; x_wconf 97' lang='lat'><strong>,</strong></span> <span class='ocrx_word' id='word_1_684' title='bbox 1467 1627 1651 1663; x_wconf 85' lang='lat' dir='ltr'><strong>inservire</strong></span> <span class='ocrx_word' id='word_1_685' title='bbox 1681 1627 1848 1676; x_wconf 86' lang='lat' dir='ltr'><strong>possint,</strong></span> <span class='ocrx_word' id='word_1_686' title='bbox 1880 1626 2080 1663; x_wconf 79' lang='lat' dir='ltr'><strong>inservient</strong></span> <span class='ocrx_word' id='word_1_687' title='bbox 2110 1634 2234 1663; x_wconf 87' lang='lat' dir='ltr'><strong>tamen</strong></span> <span class='ocrx_word' id='word_1_688' title='bbox 2265 1626 2481 1678; x_wconf 84' lang='lat' dir='ltr'><strong>pulchritu-</strong></span> 
     </span>
     <span class='ocr_line' id='line_1_90' title="bbox 1358 1677 2482 1730; baseline 0 -14"><span class='ocrx_word' id='word_1_689' title='bbox 1358 1681 1438 1716; x_wconf 85' lang='lat' dir='ltr'><strong>dini</strong></span> <span class='ocrx_word' id='word_1_690' title='bbox 1458 1708 1468 1725; x_wconf 91' lang='lat'><strong>,</strong></span> <span class='ocrx_word' id='word_1_691' title='bbox 1499 1678 1531 1712; x_wconf 82' lang='lat'>&amp;</span> <span class='ocrx_word' id='word_1_692' title='bbox 1563 1678 1766 1728; x_wconf 80' lang='lat' dir='ltr'><strong>integritati</strong></span> <span class='ocrx_word' id='word_1_693' title='bbox 1794 1678 1962 1727; x_wconf 84' lang='lat' dir='ltr'><strong>corporis</strong></span> <span class='ocrx_word' id='word_1_694' title='bbox 1993 1677 2151 1716; x_wconf 82' lang='lat' dir='ltr'><strong>humani</strong></span> <span class='ocrx_word' id='word_1_695' title='bbox 2170 1708 2180 1726; x_wconf 94' lang='lat'><strong>,</strong></span> <span class='ocrx_word' id='word_1_696' title='bbox 2211 1680 2310 1730; x_wconf 87' lang='lat' dir='ltr'><strong>quod</strong></span> <span class='ocrx_word' id='word_1_697' title='bbox 2332 1682 2413 1718; x_wconf 84' lang='lat' dir='ltr'><strong>sine</strong></span> <span class='ocrx_word' id='word_1_698' title='bbox 2434 1679 2482 1717; x_wconf 81' lang='lat' dir='ltr'><strong>il-</strong></span> 
     </span>
     <span class='ocr_line' id='line_1_91' title="bbox 1362 1731 2482 1781; baseline 0.004 -14"><span class='ocrx_word' id='word_1_699' title='bbox 1362 1731 1410 1768; x_wconf 89' lang='lat' dir='ltr'><strong>lis</strong></span> <span class='ocrx_word' id='word_1_700' title='bbox 1439 1745 1513 1768; x_wconf 87' lang='lat' dir='ltr'><strong>non</strong></span> <span class='ocrx_word' id='word_1_701' title='bbox 1542 1743 1705 1781; x_wconf 86' lang='lat' dir='ltr'><strong>corpus,</strong></span> <span class='ocrx_word' id='word_1_702' title='bbox 1754 1731 1815 1768; x_wconf 79' lang='lat' dir='ltr'><strong>sed</strong></span> <span class='ocrx_word' id='word_1_703' title='bbox 1848 1740 2002 1768; x_wconf 83' lang='lat' dir='ltr'><strong>truncus</strong></span> <span class='ocrx_word' id='word_1_704' title='bbox 2043 1741 2160 1778; x_wconf 73' lang='lat' dir='ltr'><strong>esset3</strong></span> <span class='ocrx_word' id='word_1_705' title='bbox 2211 1732 2270 1769; x_wconf 93' lang='lat' dir='ltr'><strong>vel</strong></span> <span class='ocrx_word' id='word_1_706' title='bbox 2301 1736 2396 1774; x_wconf 86' lang='lat' dir='ltr'><strong>sicut</strong></span> <span class='ocrx_word' id='word_1_707' title='bbox 2426 1733 2482 1770; x_wconf 88' lang='lat' dir='ltr'><strong>lo·</strong></span> 
     </span>
     <span class='ocr_line' id='line_1_92' title="bbox 1364 1783 2484 1836; baseline 0.002 -15"><span class='ocrx_word' id='word_1_708' title='bbox 1364 1786 1496 1836; x_wconf 78' lang='lat' dir='ltr'><strong>quitur</strong></span> <span class='ocrx_word' id='word_1_709' title='bbox 1525 1783 1785 1821; x_wconf 76' lang='lat' dir='ltr'><strong>Tertullianus</strong></span> <span class='ocrx_word' id='word_1_710' title='bbox 1828 1783 1875 1820; x_wconf 75' lang='lat' dir='ltr'><strong>&lt;le</strong></span> <span class='ocrx_word' id='word_1_711' title='bbox 1913 1784 2138 1822; x_wconf 67' lang='lat' dir='ltr'><strong>Restm-ecs.</strong></span> <span class='ocrx_word' id='word_1_712' title='bbox 2157 1794 2216 1822; x_wconf 78' lang='grc' dir='ltr'><strong>ὀ.</strong></span> <span class='ocrx_word' id='word_1_713' title='bbox 2248 1785 2313 1823; x_wconf 83' lang='grc'><strong>60.</strong></span> <span class='ocrx_word' id='word_1_714' title='bbox 2332 1815 2342 1833; x_wconf 90' lang='lat'><strong>,</strong></span> <span class='ocrx_word' id='word_1_715' title='bbox 2390 1794 2484 1824; x_wconf 86' lang='lat' dir='ltr'><strong>esset</strong></span> 
     </span>
     <span class='ocr_line' id='line_1_93' title="bbox 1364 1839 2483 1888; baseline 0.003 -13"><span class='ocrx_word' id='word_1_716' title='bbox 1364 1841 1460 1875; x_wconf 85' lang='lat' dir='ltr'><strong>sicut</strong></span> <span class='ocrx_word' id='word_1_717' title='bbox 1489 1839 1594 1875; x_wconf 83' lang='lat' dir='ltr'><strong>navis</strong></span> <span class='ocrx_word' id='word_1_718' title='bbox 1626 1842 1710 1874; x_wconf 79' lang='lat' dir='ltr'><strong>sine</strong></span> <span class='ocrx_word' id='word_1_719' title='bbox 1740 1840 1912 1885; x_wconf 62' lang='lat' dir='ltr'><strong>carina,</strong></span> <span class='ocrx_word' id='word_1_720' title='bbox 1955 1850 2081 1888; x_wconf 71' lang='lat' dir='ltr'><strong>puppe</strong></span> <span class='ocrx_word' id='word_1_721' title='bbox 2110 1847 2179 1875; x_wconf 77' lang='lat' dir='ltr'><strong>aut</strong></span> <span class='ocrx_word' id='word_1_722' title='bbox 2208 1851 2357 1884; x_wconf 79' lang='lat' dir='ltr'><strong>prora:</strong></span> <span class='ocrx_word' id='word_1_723' title='bbox 2408 1847 2483 1878; x_wconf 75' lang='lat' dir='ltr'><strong>tota</strong></span> 
     </span>
     <span class='ocr_line' id='line_1_94' title="bbox 1365 1890 2484 1943; baseline 0.001 -14"><span class='ocrx_word' id='word_1_724' title='bbox 1365 1892 1479 1943; x_wconf 80' lang='lat' dir='ltr'><strong>igitur</strong></span> <span class='ocrx_word' id='word_1_725' title='bbox 1511 1891 1710 1928; x_wconf 61' lang='lat' dir='ltr'><strong>restaurari</strong></span> <span class='ocrx_word' id='word_1_726' title='bbox 1742 1890 1852 1927; x_wconf 82' lang='lat' dir='ltr'><strong>debet</strong></span> <span class='ocrx_word' id='word_1_727' title='bbox 1881 1891 2073 1928; x_wconf 55' lang='lat' dir='ltr'><strong>titii-abibis</strong></span> <span class='ocrx_word' id='word_1_728' title='bbox 2104 1891 2170 1929; x_wconf 80' lang='lat' dir='ltr'><strong>illa</strong></span> <span class='ocrx_word' id='word_1_729' title='bbox 2214 1892 2371 1930; x_wconf 78' lang='lat' dir='ltr'><strong>humani</strong></span> <span class='ocrx_word' id='word_1_730' title='bbox 2402 1906 2484 1930; x_wconf 90' lang='lat' dir='ltr'><strong>cor-</strong></span> 
     </span>
     <span class='ocr_line' id='line_1_95' title="bbox 1366 1943 2488 1996; baseline 0.003 -15"><span class='ocrx_word' id='word_1_731' title='bbox 1366 1946 1468 1996; x_wconf 85' lang='lat' dir='ltr'><strong>poris</strong></span> <span class='ocrx_word' id='word_1_732' title='bbox 1498 1944 1675 1981; x_wconf 73' lang='lat' dir='ltr'><strong>machina</strong></span> <span class='ocrx_word' id='word_1_733' title='bbox 1694 1974 1704 1990; x_wconf 87' lang='lat'><strong>,</strong></span> <span class='ocrx_word' id='word_1_734' title='bbox 1734 1945 1775 1982; x_wconf 93' lang='lat' dir='ltr'><strong>in</strong></span> <span class='ocrx_word' id='word_1_735' title='bbox 1805 1943 1916 1994; x_wconf 83' lang='lat' dir='ltr'><strong>cujus</strong></span> <span class='ocrx_word' id='word_1_736' title='bbox 1943 1954 2129 1982; x_wconf 77' lang='lat' dir='ltr'><strong>structura</strong></span> <span class='ocrx_word' id='word_1_737' title='bbox 2157 1958 2308 1982; x_wconf 85' lang='lat' dir='ltr'><strong>summa</strong></span> <span class='ocrx_word' id='word_1_738' title='bbox 2337 1945 2370 1982; x_wconf 71' lang='grc' dir='ltr'>ἃ</span> <span class='ocrx_word' id='word_1_739' title='bbox 2400 1945 2488 1984; x_wconf 83' lang='lat' dir='ltr'><strong>insl-</strong></span> 
     </span>
     <span class='ocr_line' id='line_1_96' title="bbox 1368 1998 2487 2050; baseline 0.004 -17"><span class='ocrx_word' id='word_1_740' title='bbox 1368 1999 1442 2034; x_wconf 73' lang='lat' dir='ltr'><strong>nita</strong></span> <span class='ocrx_word' id='word_1_741' title='bbox 1477 1998 1549 2034; x_wconf 83' lang='lat' dir='ltr'><strong>Dei</strong></span> <span class='ocrx_word' id='word_1_742' title='bbox 1582 1999 1785 2049; x_wconf 75' lang='lat' dir='ltr'><strong>sapientia,</strong></span> <span class='ocrx_word' id='word_1_743' title='bbox 1816 2008 1930 2049; x_wconf 78' lang='lat' dir='ltr'><strong>atque</strong></span> <span class='ocrx_word' id='word_1_744' title='bbox 1959 1999 2232 2049; x_wconf 85' lang='lat' dir='ltr'><strong>omnipotentia</strong></span> <span class='ocrx_word' id='word_1_745' title='bbox 2262 1998 2381 2036; x_wconf 85' lang='lat' dir='ltr'><strong>elucet</strong></span> <span class='ocrx_word' id='word_1_746' title='bbox 2406 2000 2487 2050; x_wconf 77' lang='lat' dir='ltr'><strong>(a).</strong></span> 
     </span>
     <span class='ocr_line' id='line_1_97' title="bbox 1368 2051 2488 2092; baseline 0.002 -4"><span class='ocrx_word' id='word_1_747' title='bbox 1368 2051 1482 2088; x_wconf 80' lang='lat' dir='ltr'><strong>Unde</strong></span> <span class='ocrx_word' id='word_1_748' title='bbox 1513 2053 1626 2088; x_wconf 81' lang='lat' dir='ltr'><strong>etiam</strong></span> <span class='ocrx_word' id='word_1_749' title='bbox 1655 2052 1827 2089; x_wconf 77' lang='lat' dir='ltr'><strong>Christus</strong></span> <span class='ocrx_word' id='word_1_750' title='bbox 1869 2053 1907 2089; x_wconf 86' lang='lat' dir='ltr'><strong>in</strong></span> <span class='ocrx_word' id='word_1_751' title='bbox 1937 2064 2004 2089; x_wconf 88' lang='lat' dir='ltr'><strong>sua</strong></span> <span class='ocrx_word' id='word_1_752' title='bbox 2034 2053 2317 2090; x_wconf 62' lang='lat' dir='ltr'><strong>&gt;resurrectione</strong></span> <span class='ocrx_word' id='word_1_753' title='bbox 2359 2066 2488 2092; x_wconf 82' lang='lat' dir='ltr'><strong>omnes</strong></span> 
     </span>
     <span class='ocr_line' id='line_1_98' title="bbox 1370 2106 1840 2155; baseline 0.002 -14"><span class='ocrx_word' id='word_1_754' title='bbox 1370 2118 1430 2149; x_wconf 70' lang='lat' dir='ltr'><strong>eas</strong></span> <span class='ocrx_word' id='word_1_755' title='bbox 1462 2114 1582 2155; x_wconf 62' lang='lat' dir='ltr'><strong>partes</strong></span> <span class='ocrx_word' id='word_1_756' title='bbox 1614 2106 1840 2155; x_wconf 84' lang='lat' dir='ltr'><strong>resumpsit.</strong></span> 
     </span>
    </p>

    <p class='ocr_par' dir='ltr' id='par_1_13' title="bbox 1368 2155 2493 2906">
     <span class='ocr_line' id='line_1_99' title="bbox 1423 2155 2488 2209; baseline 0.003 -15"><span class='ocrx_word' id='word_1_757' title='bbox 1423 2157 1489 2209; x_wconf 74' lang='grc'><strong>96.</strong></span> <span class='ocrx_word' id='word_1_758' title='bbox 1522 2158 1701 2203; x_wconf 77' lang='lat' dir='ltr'><strong>Accedit,</strong></span> <span class='ocrx_word' id='word_1_759' title='bbox 1735 2158 1833 2208; x_wconf 84' lang='lat' dir='ltr'><strong>quod</strong></span> <span class='ocrx_word' id='word_1_760' title='bbox 1867 2155 2037 2206; x_wconf 80' lang='lat' dir='ltr'><strong>plurima</strong></span> <span class='ocrx_word' id='word_1_761' title='bbox 2065 2157 2245 2196; x_wconf 85' lang='lat' dir='ltr'><strong>membra,</strong></span> <span class='ocrx_word' id='word_1_762' title='bbox 2270 2158 2416 2197; x_wconf 82' lang='lat' dir='ltr'><strong>homini</strong></span> <span class='ocrx_word' id='word_1_763' title='bbox 2449 2160 2488 2198; x_wconf 87' lang='lat' dir='ltr'><strong>in</strong></span> 
     </span>
     <span class='ocr_line' id='line_1_100' title="bbox 1368 2209 2489 2262; baseline 0.001 -13"><span class='ocrx_word' id='word_1_764' title='bbox 1368 2212 1445 2249; x_wconf 87' lang='lat' dir='ltr'><strong>suis</strong></span> <span class='ocrx_word' id='word_1_765' title='bbox 1475 2209 1759 2262; x_wconf 60' lang='lat' dir='ltr'><strong>operatu-&gt;nibus</strong></span> <span class='ocrx_word' id='word_1_766' title='bbox 1785 2210 1919 2257; x_wconf 76' lang='lat' dir='ltr'><strong>bonis,</strong></span> <span class='ocrx_word' id='word_1_767' title='bbox 1964 2220 2027 2247; x_wconf 80' lang='lat' dir='ltr'><strong>aut</strong></span> <span class='ocrx_word' id='word_1_768' title='bbox 2058 2213 2184 2262; x_wconf 82' lang='lat' dir='ltr'><strong>pravis</strong></span> <span class='ocrx_word' id='word_1_769' title='bbox 2216 2213 2489 2250; x_wconf 81' lang='lat' dir='ltr'><strong>inservierunt:</strong></span> 
     </span>
     <span class='ocr_line' id='line_1_101' title="bbox 1369 2265 2490 2315; baseline 0.001 -13"><span class='ocrx_word' id='word_1_770' title='bbox 1369 2265 1516 2302; x_wconf 89' lang='lat' dir='ltr'><strong>videtur</strong></span> <span class='ocrx_word' id='word_1_771' title='bbox 1548 2277 1634 2314; x_wconf 69' lang='lat' dir='ltr'><strong>ergo</strong></span> <span class='ocrx_word' id='word_1_772' title='bbox 1663 2265 1887 2301; x_wconf 79' lang='lat' dir='ltr'><strong>conveniens</strong></span> <span class='ocrx_word' id='word_1_773' title='bbox 1907 2293 1916 2309; x_wconf 87' lang='lat'><strong>,</strong></span> <span class='ocrx_word' id='word_1_774' title='bbox 1955 2265 2086 2302; x_wconf 77' lang='lat' dir='ltr'><strong>eadem</strong></span> <span class='ocrx_word' id='word_1_775' title='bbox 2117 2266 2289 2302; x_wconf 76' lang='lat' dir='ltr'><strong>membra</strong></span> <span class='ocrx_word' id='word_1_776' title='bbox 2321 2280 2490 2315; x_wconf 77' lang='lat' dir='ltr'><strong>resurge-</strong></span> 
     </span>
     <span class='ocr_line' id='line_1_102' title="bbox 1370 2316 2492 2369; baseline 0.003 -14"><span class='ocrx_word' id='word_1_777' title='bbox 1370 2331 1437 2366; x_wconf 86' lang='lat' dir='ltr'><strong>re,</strong></span> <span class='ocrx_word' id='word_1_778' title='bbox 1468 2325 1507 2354; x_wconf 89' lang='lat' dir='ltr'><strong>ut</strong></span> <span class='ocrx_word' id='word_1_779' title='bbox 1540 2317 1768 2368; x_wconf 78' lang='lat' dir='ltr'><strong>praemium,</strong></span> <span class='ocrx_word' id='word_1_780' title='bbox 1799 2316 1857 2354; x_wconf 82' lang='lat' dir='ltr'><strong>vel</strong></span> <span class='ocrx_word' id='word_1_781' title='bbox 1889 2332 2042 2369; x_wconf 79' lang='lat' dir='ltr'><strong>poenam</strong></span> <span class='ocrx_word' id='word_1_782' title='bbox 2073 2319 2325 2369; x_wconf 86' lang='lat' dir='ltr'><strong>participent.</strong></span> <span class='ocrx_word' id='word_1_783' title='bbox 2357 2347 2382 2367; x_wconf 90' lang='lat'><strong>„</strong></span> <span class='ocrx_word' id='word_1_784' title='bbox 2403 2317 2492 2358; x_wconf 54' lang='lat' dir='ltr'><strong>Btass</strong></span> 
     </span>
     <span class='ocr_line' id='line_1_103' title="bbox 1371 2370 2491 2424; baseline 0.002 -16"><span class='ocrx_word' id='word_1_785' title='bbox 1371 2402 1396 2420; x_wconf 90' lang='lat'><strong>„</strong></span> <span class='ocrx_word' id='word_1_786' title='bbox 1427 2370 1671 2422; x_wconf 71' lang='lat' dir='ltr'><strong>sphemzunus</strong></span> <span class='ocrx_word' id='word_1_787' title='bbox 1703 2384 1768 2421; x_wconf 91' lang='lat' dir='ltr'><strong>per</strong></span> <span class='ocrx_word' id='word_1_788' title='bbox 1799 2383 1837 2407; x_wconf 83' lang='lat' dir='ltr'><strong>os</strong></span> <span class='ocrx_word' id='word_1_789' title='bbox 1856 2401 1865 2417; x_wconf 90' lang='lat'><strong>,</strong></span> <span class='ocrx_word' id='word_1_790' title='bbox 1910 2374 2031 2421; x_wconf 74' lang='lat' dir='ltr'><strong>inquit</strong></span> <span class='ocrx_word' id='word_1_791' title='bbox 2060 2370 2101 2408; x_wconf 86' lang='lat' dir='ltr'><strong>S.</strong></span> <span class='ocrx_word' id='word_1_792' title='bbox 2136 2370 2306 2424; x_wconf 50' lang='lat' dir='ltr'><strong>(Jyrillus</strong></span> <span class='ocrx_word' id='word_1_793' title='bbox 2335 2372 2491 2412; x_wconf 82' lang='lat' dir='ltr'><strong>Catech.</strong></span> 
     </span>
     <span class='ocr_line' id='line_1_104' title="bbox 1371 2423 2490 2478; baseline 0.003 -17"><span class='ocrx_word' id='word_1_794' title='bbox 1371 2455 1398 2474; x_wconf 92' lang='lat'>„</span> <span class='ocrx_word' id='word_1_795' title='bbox 1429 2423 1636 2462; x_wconf 77' lang='lat' dir='ltr'><strong>XVIIJ.n.</strong></span> <span class='ocrx_word' id='word_1_796' title='bbox 1660 2437 1717 2475; x_wconf 78' lang='lat'><strong>¹9·</strong></span> <span class='ocrx_word' id='word_1_797' title='bbox 1736 2453 1746 2471; x_wconf 89' lang='lat'><strong>,</strong></span> <span class='ocrx_word' id='word_1_798' title='bbox 1779 2437 1845 2474; x_wconf 79' lang='lat' dir='ltr'><strong>per</strong></span> <span class='ocrx_word' id='word_1_799' title='bbox 1874 2437 1912 2461; x_wconf 90' lang='lat' dir='ltr'><strong>os</strong></span> <span class='ocrx_word' id='word_1_800' title='bbox 1943 2431 2168 2476; x_wconf 68' lang='lat' dir='ltr'><strong>prec72mur3</strong></span> <span class='ocrx_word' id='word_1_801' title='bbox 2198 2435 2490 2478; x_wconf 81' lang='lat' dir='ltr'><strong>scortamurper</strong></span> 
     </span>
     <span class='ocr_line' id='line_1_105' title="bbox 1372 2480 2492 2531; baseline 0.002 -16"><span class='ocrx_word' id='word_1_802' title='bbox 1372 2508 1399 2528; x_wconf 87' lang='lat'><strong>„</strong></span> <span class='ocrx_word' id='word_1_803' title='bbox 1428 2492 1591 2529; x_wconf 88' lang='lat' dir='ltr'><strong>corpus,</strong></span> <span class='ocrx_word' id='word_1_804' title='bbox 1623 2491 1688 2529; x_wconf 92' lang='lat' dir='ltr'><strong>per</strong></span> <span class='ocrx_word' id='word_1_805' title='bbox 1718 2490 1853 2528; x_wconf 87' lang='lat' dir='ltr'><strong>corpus</strong></span> <span class='ocrx_word' id='word_1_806' title='bbox 1881 2480 2084 2530; x_wconf 70' lang='lat' dir='ltr'><strong>puritatem</strong></span> <span class='ocrx_word' id='word_1_807' title='bbox 2102 2480 2359 2525; x_wconf 74' lang='lat' dir='ltr'><strong>custodim1133</strong></span> <span class='ocrx_word' id='word_1_808' title='bbox 2390 2481 2492 2531; x_wconf 81' lang='lat' dir='ltr'><strong>rapi·</strong></span> 
     </span>
     <span class='ocr_line' id='line_1_106' title="bbox 1375 2531 2490 2584; baseline 0.001 -15"><span class='ocrx_word' id='word_1_809' title='bbox 1375 2562 1401 2580; x_wconf 87' lang='lat'><strong>„</strong></span> <span class='ocrx_word' id='word_1_810' title='bbox 1432 2547 1516 2569; x_wconf 88' lang='lat' dir='ltr'><strong>mus</strong></span> <span class='ocrx_word' id='word_1_811' title='bbox 1545 2544 1613 2584; x_wconf 86' lang='lat' dir='ltr'><strong>per</strong></span> <span class='ocrx_word' id='word_1_812' title='bbox 1644 2536 1819 2579; x_wconf 72' lang='lat' dir='ltr'><strong>inanum,</strong></span> <span class='ocrx_word' id='word_1_813' title='bbox 1851 2545 1918 2582; x_wconf 84' lang='lat' dir='ltr'><strong>per</strong></span> <span class='ocrx_word' id='word_1_814' title='bbox 1949 2545 2104 2568; x_wconf 83' lang='lat' dir='ltr'><strong>manuni</strong></span> <span class='ocrx_word' id='word_1_815' title='bbox 2137 2531 2393 2583; x_wconf 82' lang='lat' dir='ltr'><strong>eleemosynas</strong></span> <span class='ocrx_word' id='word_1_816' title='bbox 2414 2532 2490 2570; x_wconf 85' lang='lat' dir='ltr'><strong>lat·-</strong></span> 
     </span>
     <span class='ocr_line' id='line_1_107' title="bbox 1376 2584 2492 2636; baseline 0.002 -14"><span class='ocrx_word' id='word_1_817' title='bbox 1376 2615 1401 2634; x_wconf 87' lang='lat'><strong>„</strong></span> <span class='ocrx_word' id='word_1_818' title='bbox 1431 2587 1586 2636; x_wconf 77' lang='lat' dir='ltr'><strong>gimur,</strong></span> <span class='ocrx_word' id='word_1_819' title='bbox 1629 2584 1663 2620; x_wconf 76' lang='grc'><strong>8(</strong></span> <span class='ocrx_word' id='word_1_820' title='bbox 1692 2584 2045 2631; x_wconf 48' lang='lat' dir='ltr'><strong>cetomsimiliier.</strong></span> <span class='ocrx_word' id='word_1_821' title='bbox 2095 2585 2256 2631; x_wconf 85' lang='lat' dir='ltr'><strong>Quando</strong></span> <span class='ocrx_word' id='word_1_822' title='bbox 2286 2587 2400 2635; x_wconf 71' lang='lat' dir='ltr'><strong>igitur</strong></span> <span class='ocrx_word' id='word_1_823' title='bbox 2444 2586 2492 2624; x_wconf 80' lang='lat' dir='ltr'><strong>ad</strong></span> 
     </span>
     <span class='ocr_line' id='line_1_108' title="bbox 1375 2638 2493 2690; baseline 0.002 -14"><span class='ocrx_word' id='word_1_824' title='bbox 1375 2669 1400 2687; x_wconf 91' lang='lat'><strong>„</strong></span> <span class='ocrx_word' id='word_1_825' title='bbox 1431 2641 1556 2676; x_wconf 79' lang='lat' dir='ltr'><strong>omnia</strong></span> <span class='ocrx_word' id='word_1_826' title='bbox 1587 2638 1772 2675; x_wconf 87' lang='lat' dir='ltr'><strong>subservit</strong></span> <span class='ocrx_word' id='word_1_827' title='bbox 1805 2651 1967 2689; x_wconf 84' lang='lat' dir='ltr'><strong>corpus,</strong></span> <span class='ocrx_word' id='word_1_828' title='bbox 2008 2639 2044 2674; x_wconf 88' lang='lat' dir='ltr'><strong>in</strong></span> <span class='ocrx_word' id='word_1_829' title='bbox 2077 2638 2212 2675; x_wconf 80' lang='lat' dir='ltr'><strong>suturis</strong></span> <span class='ocrx_word' id='word_1_830' title='bbox 2242 2651 2394 2690; x_wconf 82' lang='lat' dir='ltr'><strong>quoqne</strong></span> <span class='ocrx_word' id='word_1_831' title='bbox 2423 2639 2493 2677; x_wconf 81' lang='lat' dir='ltr'><strong>ob-</strong></span> 
     </span>
     <span class='ocr_line' id='line_1_109' title="bbox 1376 2691 2493 2741; baseline -0.003 -12"><span class='ocrx_word' id='word_1_832' title='bbox 1376 2722 1402 2740; x_wconf 89' lang='lat'><strong>„</strong></span> <span class='ocrx_word' id='word_1_833' title='bbox 1433 2703 1602 2729; x_wconf 67' lang='lat' dir='ltr'><strong>ventui-m</strong></span> <span class='ocrx_word' id='word_1_834' title='bbox 1633 2693 1738 2728; x_wconf 85' lang='lat' dir='ltr'><strong>sortis</strong></span> <span class='ocrx_word' id='word_1_835' title='bbox 1768 2701 1819 2727; x_wconf 71' lang='lat' dir='ltr'><strong>est</strong></span> <span class='ocrx_word' id='word_1_836' title='bbox 1851 2692 2035 2741; x_wconf 75' lang='lat' dir='ltr'><strong>particeps</strong></span> <span class='ocrx_word' id='word_1_837' title='bbox 2067 2691 2086 2705; x_wconf 81' lang='lat'><strong>&#39;³</strong></span> <span class='ocrx_word' id='word_1_838' title='bbox 2106 2717 2115 2727; x_wconf 94' lang='lat'><strong>.</strong></span> <span class='ocrx_word' id='word_1_839' title='bbox 2156 2692 2256 2728; x_wconf 85' lang='lat' dir='ltr'><strong>Hinc</strong></span> <span class='ocrx_word' id='word_1_840' title='bbox 2286 2692 2326 2729; x_wconf 80' lang='lat' dir='ltr'><strong>S.</strong></span> <span class='ocrx_word' id='word_1_841' title='bbox 2358 2693 2493 2729; x_wconf 78' lang='lat' dir='ltr'><strong>Hiero-</strong></span> 
     </span>
     <span class='ocr_line' id='line_1_110' title="bbox 1375 2743 2490 2797; baseline -0.001 -14"><span class='ocrx_word' id='word_1_842' title='bbox 1375 2759 1517 2797; x_wconf 86' lang='lat' dir='ltr'><strong>nymus</strong></span> <span class='ocrx_word' id='word_1_843' title='bbox 1562 2747 1598 2783; x_wconf 90' lang='lat' dir='ltr'><strong>in</strong></span> <span class='ocrx_word' id='word_1_844' title='bbox 1632 2744 1744 2797; x_wconf 74' lang='lat' dir='ltr'><strong>Apol.</strong></span> <span class='ocrx_word' id='word_1_845' title='bbox 1774 2753 1872 2780; x_wconf 77' lang='lat' dir='ltr'><strong>cont.</strong></span> <span class='ocrx_word' id='word_1_846' title='bbox 1918 2743 2113 2781; x_wconf 70' lang='lat' dir='ltr'><strong>Ruffinum</strong></span> <span class='ocrx_word' id='word_1_847' title='bbox 2145 2745 2233 2782; x_wconf 68' lang='lat' dir='ltr'><strong>Lib.</strong></span> <span class='ocrx_word' id='word_1_848' title='bbox 2266 2746 2311 2782; x_wconf 89' lang='lat' dir='ltr'><strong>Il.</strong></span> <span class='ocrx_word' id='word_1_849' title='bbox 2357 2759 2393 2783; x_wconf 90' lang='lat' dir='ltr'><strong>n.</strong></span> <span class='ocrx_word' id='word_1_850' title='bbox 2430 2759 2490 2786; x_wconf 77' lang='lat'><strong>12.</strong></span> 
     </span>
     <span class='ocr_line' id='line_1_111' title="bbox 1375 2797 2492 2849; baseline 0.002 -14"><span class='ocrx_word' id='word_1_851' title='bbox 1375 2800 1470 2836; x_wconf 86' lang='lat' dir='ltr'><strong>inter</strong></span> <span class='ocrx_word' id='word_1_852' title='bbox 1501 2799 1676 2836; x_wconf 75' lang='lat' dir='ltr'><strong>haeretica</strong></span> <span class='ocrx_word' id='word_1_853' title='bbox 1694 2798 1871 2849; x_wconf 68' lang='lat' dir='ltr'><strong>Origenis</strong></span> <span class='ocrx_word' id='word_1_854' title='bbox 1899 2798 2073 2848; x_wconf 77' lang='lat' dir='ltr'><strong>dogmata</strong></span> <span class='ocrx_word' id='word_1_855' title='bbox 2103 2797 2170 2835; x_wconf 84' lang='lat' dir='ltr'><strong>hoc</strong></span> <span class='ocrx_word' id='word_1_856' title='bbox 2202 2799 2313 2836; x_wconf 86' lang='lat' dir='ltr'><strong>etiam</strong></span> <span class='ocrx_word' id='word_1_857' title='bbox 2337 2813 2492 2837; x_wconf 86' lang='lat' dir='ltr'><strong>enume-</strong></span> 
     </span>
     <span class='ocr_line' id='line_1_112' title="bbox 1376 2850 2489 2906; baseline -0.001 -15"><span class='ocrx_word' id='word_1_858' title='bbox 1376 2863 1458 2903; x_wconf 85' lang='lat' dir='ltr'><strong>rat,</strong></span> <span class='ocrx_word' id='word_1_859' title='bbox 1488 2854 1590 2906; x_wconf 81' lang='lat' dir='ltr'><strong>quod</strong></span> <span class='ocrx_word' id='word_1_860' title='bbox 1618 2854 1808 2892; x_wconf 84' lang='lat' dir='ltr'><strong>docuerit:</strong></span> <span class='ocrx_word' id='word_1_861' title='bbox 1851 2880 1877 2901; x_wconf 89' lang='lat'>„</span> <span class='ocrx_word' id='word_1_862' title='bbox 1910 2850 2238 2891; x_wconf 81' lang='lat' dir='ltr'><strong>Resurrectionem</strong></span> <span class='ocrx_word' id='word_1_863' title='bbox 2281 2864 2489 2890; x_wconf 66' lang='lat' dir='ltr'><strong>nostrorum</strong></span> 
     </span>
    </p>
   </div>
   <div class='ocr_carea' id='block_1_8' title="bbox 2300 2920 2436 2955">
    <p class='ocr_par' dir='ltr' id='par_1_14' title="bbox 2300 2920 2436 2955">
     <span class='ocr_line' id='line_1_113' title="bbox 2300 2920 2436 2955; baseline -0.015 -11"><span class='ocrx_word' id='word_1_864' title='bbox 2300 2936 2326 2955; x_wconf 84' lang='lat'><em>„</em></span> <span class='ocrx_word' id='word_1_865' title='bbox 2356 2920 2436 2944; x_wconf 88' lang='lat' dir='ltr'><strong>cor-</strong></span> 
     </span>
    </p>
   </div>
   <div class='ocr_carea' id='block_1_9' title="bbox 1378 3030 2491 3405">
    <p class='ocr_par' dir='ltr' id='par_1_15' title="bbox 1378 3030 2491 3405">
     <span class='ocr_line' id='line_1_114' title="bbox 1378 3030 2490 3080; baseline -0.005 -10"><span class='ocrx_word' id='word_1_866' title='bbox 1378 3058 1405 3080; x_wconf 77' lang='lat'><strong>„</strong></span> <span class='ocrx_word' id='word_1_867' title='bbox 1429 3035 1507 3070; x_wconf 78' lang='lat' dir='ltr'><strong>finis</strong></span> <span class='ocrx_word' id='word_1_868' title='bbox 1532 3046 1653 3068; x_wconf 79' lang='lat' dir='ltr'><strong>eorum</strong></span> <span class='ocrx_word' id='word_1_869' title='bbox 1678 3042 1728 3068; x_wconf 85' lang='lat' dir='ltr'><strong>est</strong></span> <span class='ocrx_word' id='word_1_870' title='bbox 1753 3033 1930 3079; x_wconf 65' lang='lat' dir='ltr'><strong>operatio.</strong></span> <span class='ocrx_word' id='word_1_871' title='bbox 1958 3033 2030 3067; x_wconf 77' lang='lat' dir='ltr'><strong>Nec</strong></span> <span class='ocrx_word' id='word_1_872' title='bbox 2058 3042 2172 3068; x_wconf 77' lang='lat' dir='ltr'><strong>tamen</strong></span> <span class='ocrx_word' id='word_1_873' title='bbox 2192 3034 2372 3078; x_wconf 77' lang='lat' dir='ltr'><strong>sequitur,</strong></span> <span class='ocrx_word' id='word_1_874' title='bbox 2399 3030 2490 3074; x_wconf 79' lang='lat' dir='ltr'><strong>quod</strong></span> 
     </span>
     <span class='ocr_line' id='line_1_115' title="bbox 1379 3081 2490 3126; baseline -0.006 -13"><span class='ocrx_word' id='word_1_875' title='bbox 1379 3104 1404 3123; x_wconf 84' lang='lat'><strong>,‚</strong></span> <span class='ocrx_word' id='word_1_876' title='bbox 1429 3081 1569 3126; x_wconf 77' lang='lat' dir='ltr'><strong>quando</strong></span> <span class='ocrx_word' id='word_1_877' title='bbox 1593 3081 1707 3114; x_wconf 83' lang='lat' dir='ltr'><strong>deficit</strong></span> <span class='ocrx_word' id='word_1_878' title='bbox 1733 3082 1890 3125; x_wconf 65' lang='lat' dir='ltr'><strong>operatio</strong></span> <span class='ocrx_word' id='word_1_879' title='bbox 1910 3103 1920 3121; x_wconf 89' lang='lat'><em>‚</em></span> <span class='ocrx_word' id='word_1_880' title='bbox 1963 3082 2090 3114; x_wconf 78' lang='lat' dir='ltr'><strong>frustra</strong></span> <span class='ocrx_word' id='word_1_881' title='bbox 2118 3083 2162 3114; x_wconf 78' lang='lat' dir='ltr'><strong>sit</strong></span> <span class='ocrx_word' id='word_1_882' title='bbox 2191 3083 2456 3112; x_wconf 56' lang='lat' dir='ltr'><strong>instrunnutum</strong></span> <span class='ocrx_word' id='word_1_883' title='bbox 2479 3099 2490 3118; x_wconf 86' lang='lat'><strong>,</strong></span> 
     </span>
     <span class='ocr_line' id='line_1_116' title="bbox 1378 3123 2491 3172; baseline -0.004 -11"><span class='ocrx_word' id='word_1_884' title='bbox 1378 3150 1404 3170; x_wconf 83' lang='lat'><strong>,‚</strong></span> <span class='ocrx_word' id='word_1_885' title='bbox 1430 3130 1511 3172; x_wconf 66' lang='lat' dir='ltr'><strong>quia</strong></span> <span class='ocrx_word' id='word_1_886' title='bbox 1539 3130 1814 3161; x_wconf 62' lang='lat' dir='ltr'><strong>instrumentum</strong></span> <span class='ocrx_word' id='word_1_887' title='bbox 1842 3140 1906 3160; x_wconf 90' lang='lat' dir='ltr'><strong>non</strong></span> <span class='ocrx_word' id='word_1_888' title='bbox 1926 3128 2036 3160; x_wconf 76' lang='lat' dir='ltr'><strong>solum</strong></span> <span class='ocrx_word' id='word_1_889' title='bbox 2064 3128 2167 3160; x_wconf 80' lang='lat' dir='ltr'><strong>servit</strong></span> <span class='ocrx_word' id='word_1_890' title='bbox 2187 3125 2226 3157; x_wconf 71' lang='lat' dir='ltr'><strong>ud</strong></span> <span class='ocrx_word' id='word_1_891' title='bbox 2253 3123 2491 3166; x_wconf 57' lang='lat' dir='ltr'><strong>exequendum</strong></span> 
     </span>
     <span class='ocr_line' id='line_1_117' title="bbox 1381 3168 2491 3220; baseline -0.006 -12"><span class='ocrx_word' id='word_1_892' title='bbox 1381 3197 1407 3216; x_wconf 66' lang='lat'><strong>2,</strong></span> <span class='ocrx_word' id='word_1_893' title='bbox 1433 3175 1670 3220; x_wconf 65' lang='lat' dir='ltr'><strong>operationem</strong></span> <span class='ocrx_word' id='word_1_894' title='bbox 1698 3175 1829 3218; x_wconf 58' lang='lat' dir='ltr'><strong>agenti«</strong></span> <span class='ocrx_word' id='word_1_895' title='bbox 1845 3196 1855 3214; x_wconf 83' lang='grc'>,</span> <span class='ocrx_word' id='word_1_896' title='bbox 1883 3172 1939 3206; x_wconf 80' lang='lat' dir='ltr'><strong>sed</strong></span> <span class='ocrx_word' id='word_1_897' title='bbox 1968 3174 2073 3206; x_wconf 69' lang='lat' dir='ltr'><strong>etiam</strong></span> <span class='ocrx_word' id='word_1_898' title='bbox 2094 3172 2133 3205; x_wconf 70' lang='lat' dir='ltr'><strong>etl</strong></span> <span class='ocrx_word' id='word_1_899' title='bbox 2153 3168 2339 3203; x_wconf 64' lang='lat' dir='ltr'><strong>os-tendrnd</strong></span> <span class='ocrx_word' id='word_1_900' title='bbox 2355 3181 2396 3200; x_wconf 77' lang='lat' dir='ltr'><strong>un</strong></span> <span class='ocrx_word' id='word_1_901' title='bbox 2417 3171 2491 3201; x_wconf 81' lang='lat' dir='ltr'><strong>vir-</strong></span> 
     </span>
     <span class='ocr_line' id='line_1_118' title="bbox 1381 3219 2487 3265; baseline -0.005 -11"><span class='ocrx_word' id='word_1_902' title='bbox 1381 3242 1406 3262; x_wconf 82' lang='lat'>„</span> <span class='ocrx_word' id='word_1_903' title='bbox 1435 3231 1546 3254; x_wconf 68' lang='lat' dir='ltr'><strong>tutvm</strong></span> <span class='ocrx_word' id='word_1_904' title='bbox 1567 3222 1700 3265; x_wconf 81' lang='lat' dir='ltr'><strong>ipsius:</strong></span> <span class='ocrx_word' id='word_1_905' title='bbox 1729 3219 1818 3252; x_wconf 75' lang='lat' dir='ltr'><strong>unde</strong></span> <span class='ocrx_word' id='word_1_906' title='bbox 1836 3221 2034 3264; x_wconf 78' lang='lat' dir='ltr'><strong>oportebit,</strong></span> <span class='ocrx_word' id='word_1_907' title='bbox 2062 3228 2097 3251; x_wconf 81' lang='lat' dir='ltr'><strong>ut</strong></span> <span class='ocrx_word' id='word_1_908' title='bbox 2117 3219 2230 3248; x_wconf 70' lang='lat' dir='ltr'><strong>vii-tus</strong></span> <span class='ocrx_word' id='word_1_909' title='bbox 2251 3225 2378 3259; x_wconf 52' lang='lat' dir='ltr'><strong>pruenti</strong></span> <span class='ocrx_word' id='word_1_910' title='bbox 2395 3227 2487 3249; x_wconf 55' lang='lat' dir='ltr'><strong>:rvim</strong></span> 
     </span>
     <span class='ocr_line' id='line_1_119' title="bbox 1381 3262 2489 3310; baseline -0.007 -9"><span class='ocrx_word' id='word_1_911' title='bbox 1381 3290 1407 3310; x_wconf 79' lang='lat'><strong>‚‚</strong></span> <span class='ocrx_word' id='word_1_912' title='bbox 1432 3269 1554 3301; x_wconf 69' lang='lat' dir='ltr'><strong>anima²</strong></span> <span class='ocrx_word' id='word_1_913' title='bbox 1582 3270 1615 3299; x_wconf 83' lang='lat' dir='ltr'><strong>iu</strong></span> <span class='ocrx_word' id='word_1_914' title='bbox 1643 3269 1884 3300; x_wconf 42' lang='lat' dir='ltr'><strong>instrumentisv</strong></span> <span class='ocrx_word' id='word_1_915' title='bbox 1911 3266 2080 3308; x_wconf 79' lang='lat' dir='ltr'><strong>corporeis</strong></span> <span class='ocrx_word' id='word_1_916' title='bbox 2106 3262 2385 3301; x_wconf 66' lang='lat' dir='ltr'><strong>(lementi-etur,</strong></span> <span class='ocrx_word' id='word_1_917' title='bbox 2422 3262 2489 3294; x_wconf 75' lang='lat' dir='ltr'><strong>etsi</strong></span> 
     </span>
     <span class='ocr_line' id='line_1_120' title="bbox 1380 3307 2487 3359; baseline -0.005 -12"><span class='ocrx_word' id='word_1_918' title='bbox 1380 3336 1406 3356; x_wconf 86' lang='lat'><strong>,‚</strong></span> <span class='ocrx_word' id='word_1_919' title='bbox 1434 3325 1611 3359; x_wconf 76' lang='lat' dir='ltr'><strong>nunquam</strong></span> <span class='ocrx_word' id='word_1_920' title='bbox 1639 3315 1672 3345; x_wconf 83' lang='lat' dir='ltr'><strong>in</strong></span> <span class='ocrx_word' id='word_1_921' title='bbox 1700 3321 1813 3346; x_wconf 74' lang='lat' dir='ltr'><strong>actum</strong></span> <span class='ocrx_word' id='word_1_922' title='bbox 1841 3313 2030 3358; x_wconf 80' lang='lat' dir='ltr'><strong>prodeant,</strong></span> <span class='ocrx_word' id='word_1_923' title='bbox 2054 3317 2093 3342; x_wconf 87' lang='lat' dir='ltr'><strong>nt</strong></span> <span class='ocrx_word' id='word_1_924' title='bbox 2119 3320 2158 3342; x_wconf 66' lang='lat' dir='ltr'><strong>ex</strong></span> <span class='ocrx_word' id='word_1_925' title='bbox 2186 3308 2249 3343; x_wconf 86' lang='lat' dir='ltr'><strong>hoc</strong></span> <span class='ocrx_word' id='word_1_926' title='bbox 2270 3307 2487 3342; x_wconf 56' lang='lat' dir='ltr'><strong>commende·-</strong></span> 
     </span>
     <span class='ocr_line' id='line_1_121' title="bbox 1380 3361 1839 3405; baseline -0.015 -9"><span class='ocrx_word' id='word_1_927' title='bbox 1380 3383 1406 3404; x_wconf 81' lang='lat'><strong>,‚</strong></span> <span class='ocrx_word' id='word_1_928' title='bbox 1432 3364 1489 3396; x_wconf 81' lang='lat' dir='ltr'><strong>tui·</strong></span> <span class='ocrx_word' id='word_1_929' title='bbox 1514 3362 1565 3395; x_wconf 89' lang='lat' dir='ltr'><strong>De</strong></span> <span class='ocrx_word' id='word_1_930' title='bbox 1592 3361 1761 3405; x_wconf 77' lang='lat' dir='ltr'><strong>sapientia</strong></span> <span class='ocrx_word' id='word_1_931' title='bbox 1785 3364 1810 3383; x_wconf 81' lang='lat'><em>“</em></span> <span class='ocrx_word' id='word_1_932' title='bbox 1831 3381 1839 3389; x_wconf 97' lang='lat'><strong>.</strong></span> 
     </span>
    </p>
   </div>
  </div>
 </body>
</html>
