2562 3694
680 190 761 235 DE
795 187 1056 235 DOTIBUS
1090 182 1375 231 CORPORIS
1409 182 1692 228 GLORIOSI
1717 215 1729 227 .

63 306 90 328 „
118 275 279 324 rituali,
320 270 473 326 quando
510 270 697 324 recipitur
733 270 897 324 qualitas
926 268 1116 307 sensibilis
1144 268 1184 305 in

64 360 91 380 „
120 332 367 368 instrumento
394 326 604 364 secundum
635 339 711 363 esse
736 324 960 378 spirituale,
989 322 1080 360 idest
1101 335 1183 371 spe-

65 411 92 433 „
119 384 219 429 cies,
248 381 328 418 sive
358 380 521 418 intensio
549 378 764 432 qualitatis,
808 378 841 414 8(
871 389 946 415 non
976 377 985 413 i
1019 389 1058 412 sa
1087 388 1182 426 qua·

69 464 95 485 „
123 433 236 478 litas;
279 434 374 471 sicut
403 432 553 485 pupilla
590 434 729 484 recepit
759 446 774 469 s
805 432 925 469 eciem
963 390 1180 474 albedinis,

66 516 93 536 „
121 485 155 522 &
186 496 313 525 tamen
345 487 425 538 ipsa
454 499 532 525 non
562 486 724 524 efficitur
753 500 773 522 a
794 485 841 523 ba
859 510 899 522 ...
931 481 1055 520 Prima
1078 494 1181 518 rece-

64 568 92 589 „
121 541 200 591 ptio
230 541 406 577 immutat
437 549 609 578 naturam
640 539 888 591 recipientis,
921 549 1013 587 qni-'t
1043 535 1182 585 recipl-

61 621 90 642 „
119 601 180 630 tur
210 591 280 630 hoc
311 593 421 631 modo
449 592 612 645 qualitas
640 593 850 631 secundum
875 604 951 628 esse
967 602 1078 626 suum
1102 602 1181 624 tna-

60 674 88 695 „
117 645 272 685 teriale:
315 646 414 684 unde
443 648 513 684 ista
543 647 707 697 receptio
737 657 808 683 non
846 645 915 681 erit
944 644 983 680 in
1014 642 1180 692 corpori-

63 727 91 747 „
119 698 192 737 bus
219 699 416 752 gloriosis3
459 700 523 738 sed
567 700 758 746 secunda,
800 711 888 749 quae
920 708 986 749 per
1014 708 1052 732 se
1094 694 1184 732 facit

58 781 87 801 ³,
116 766 265 791 sensum
299 755 339 791 in
369 762 487 803 actu,
517 753 552 790 8(
581 766 654 793 non
685 754 862 791 immutat
892 757 1068 790 naturam
1089 749 1184 787 reci-

58 834 86 854 „
115 807 250 858 pientis
272 807 292 822 '’
312 833 322 844 .

120 860 206 898 152.
238 859 383 898 Verum
414 873 618 912 corporum
648 858 925 909 resurgentium
959 853 1179 906 impassibi-

58 910 182 960 litati,
212 912 271 950 vel
303 914 580 964 incorruptioni
609 913 757 950 obstare
787 911 937 949 videtur
955 907 1177 958 exemplum

57 964 198 1004 Christi
229 966 414 1014 Domini,
442 968 511 1018 qui
541 966 657 1004 Lucae
680 963 828 1003 XXIV.
857 964 915 1008 ιά.
931 975 1009 1013 seq.
1039 962 1086 998 ad
1116 975 1178 998 ve-

58 1020 209 1056 ritatem
237 1033 317 1057 suae
355 1020 639 1057 resurrectionis
681 1016 984 1056 confirmandam
1023 1014 1127 1066 petiit
1156 1029 1178 1052 a

60 1071 271 1123 Discipulis
289 1103 298 1120 ‚
329 1087 376 1111 an
407 1071 556 1124 aliquid
577 1071 758 1109 haberent
778 1071 824 1107 ad
847 1068 1178 1108 manducandum.

58 1126 111 1161 Ac
141 1126 196 1163 illi
224 1124 509 1166 obtuleruntez·
536 1132 695 1174 partem
728 1127 844 1174 piscis
882 1125 992 1170 assi,
1033 1121 1180 1173 &fiz-

61 1191 151 1215 vum
183 1178 336 1216 mellis.
379 1177 435 1214 Ec
463 1190 555 1215 cum
584 1177 873 1215 manducasset
913 1187 1053 1212 coram
1096 1179 1180 1223 eis,

58 1243 224 1268 sumens
251 1231 439 1282 reliquias
468 1229 575 1269 dedit
596 1235 652 1269 eis
670 1257 680 1268 .
711 1229 827 1268 Porro
855 1231 886 1268 si
915 1227 1023 1267 nulla
1056 1229 1182 1267 futura

59 1292 112 1321 est
141 1292 222 1335 post
252 1285 562 1322 resurrectionem
606 1285 721 1323 nostri
764 1284 933 1336 corporis
961 1283 1178 1333 corruptio,

56 1349 126 1374 nec
157 1336 236 1375 ulla
265 1352 343 1376 esse
373 1339 508 1390 poterit
536 1337 761 1376 comedendi
789 1337 988 1375 necessitas
1017 1335 1064 1374 ad
1081 1337 1180 1374 vires

55 1389 271 1441 deperditas
300 1391 585 1429 restaurandas.

116 1442 203 1481 153.
234 1443 336 1482 Huic
364 1443 580 1482 difficultati
609 1444 807 1496 respondet
834 1443 876 1481 S.
893 1443 1125 1495 Augustinus
1142 1443 1179 1480 in

55 1495 384 1535 Serui-CCXLII.
414 1499 481 1549 q’ui
512 1507 562 1535 est
579 1496 642 1535 De
657 1501 942 1535 resurrectione
971 1509 1180 1547 corporum

55 1558 199 1587 contra
217 1549 395 1588 Gentiles
409 1564 449 1589 n.
468 1563 505 1588 2.
531 1550 644 1588 Tom.
662 1550 711 1587 V.
726 1579 737 1596 ,
766 1551 866 1602 quod
882 1549 1054 1588 Christus
1071 1563 1179 1587 nnan-

56 1602 280 1650 ducaverit,
309 1604 424 1641 fuisse
452 1607 656 1654 potestatis
673 1632 683 1650 ,
712 1615 794 1638 non
823 1607 1039 1654 egestatis,
1068 1603 1178 1654 quasi

55 1655 145 1695 cibo
172 1656 220 1695 ad
249 1656 367 1697 vitam
394 1656 675 1695 sustentandam
706 1663 854 1707 egeret.

499 1760 703 1802 Subtilitas
719 1787 730 1800 .

115 1867 205 1916 154.
235 1869 346 1908 Teste
365 1869 407 1909 S.
424 1871 634 1923 Augustino
662 1868 752 1908 Lib.
774 1868 880 1907 Xlll.
910 1866 973 1906 De
1005 1867 1084 1906 Civ.
1102 1865 1179 1905 Dei

56 1935 143 1975 cap.
175 1936 266 1971 2o.‚
311 1937 355 1962 ex
386 1925 432 1962 iis
462 1924 588 1962 verbis
619 1922 787 1976 Apostoli
822 1936 854 1961 1.
884 1922 1054 1961 Corinth.
1084 1921 1177 1960 XV.

55 1978 122 2020 42.
152 1975 385 2015 Seminatur
413 1990 551 2028 corpus
580 1977 788 2025 animale,
831 1984 1009 2029 resurget
1037 1987 1178 2025 corpus

54 2030 285 2079 spirituale,
333 2031 490 2084 quidam
533 2033 659 2084 inepte
699 2028 998 2079 concludebant,
1041 2041 1178 2079 corpus

55 2081 258 2122 Beatorum
288 2098 366 2123 esse
381 2086 419 2123 in
439 2086 616 2138 spiritum
646 2083 970 2129 convertendum;
999 2083 1039 2120 in
1060 2094 1177 2134 quem

54 2148 222 2174 errorem
266 2137 442 2176 incidisse
484 2140 600 2176 etiam
643 2136 882 2189 Eutychium
914 2134 1176 2174 I’atriarchain

54 2188 506 2242 Constantinopolitanum
549 2203 665 2242 supra
706 2203 815 2226 num.
837 2189 903 2233 64.
933 2189 973 2226 in
1003 2197 1079 2226 not.
1108 2187 1177 2225 ob·

55 2243 317 2280 servavimus.
347 2242 421 2281 Sed
451 2242 653 2281 Paulinam
684 2244 906 2280 sententiam
936 2242 986 2279 ita
1016 2240 1177 2293 pulchre

56 2294 262 2347 explicavit
277 2297 378 2334 idem
399 2296 439 2334 S.
460 2295 589 2344 Pater,
619 2298 710 2347 quia
731 2309 869 2347 nempe
885 2308 1021 2346 corpus
1043 2325 1068 2343 ,‚
1089 2294 1178 2346 Spi-

56 2377 82 2395 „
113 2349 201 2386 ritui
230 2363 409 2398 summa,
439 2348 664 2388 &mirabili
692 2349 979 2401 obtemperandi
1010 2347 1172 2386 facilita-

56 2430 82 2449 „
112 2410 146 2438 te
175 2403 428 2442 subdetur....
449 2405 556 2442 omni
586 2402 770 2442 molestiae
791 2417 901 2441 sensu
919 2432 929 2450 ,
958 2403 1065 2440 omni
1094 2413 1177 2440 cor·

55 2483 82 2503 „
111 2455 392 2506 ruptibilitate‚
423 2456 456 2492 &
485 2457 659 2495 tarditate
687 2457 853 2496 detracta
873 2460 922 2495 “-

111 2509 199 2547 155.
229 2509 339 2549 Hanc
367 2511 496 2562 itaque
523 2511 691 2562 corporis
705 2510 857 2561 gloriosi
886 2510 1011 2548 dotem
1041 2509 1092 2547 ita
1114 2521 1176 2547 ex-

51 2559 170 2612 plicat
199 2562 340 2601 Doctor
369 2563 541 2616 Aquinas
570 2563 659 2602 Lib.
682 2563 750 2602 1V.
792 2562 904 2602 Cont.
939 2563 1059 2601 Gent.
1088 2577 1175 2614 cap.

53 2613 137 2652 86.:
169 2644 195 2663 ,‚
218 2615 359 2656 Anima
388 2617 472 2655 Deo
500 2618 654 2666 fruens,
699 2618 771 2670 ipsi
807 2617 1080 2669 perfectissime
1109 2617 1175 2654 ad-

54 2696 80 2715 „
111 2666 297 2719 ita-tebit,
326 2670 360 2708 8(
388 2670 471 2723 ejus
499 2670 702 2709 bonitatem
735 2670 980 2723 participabit
1009 2671 1049 2708 in
1071 2683 1174 2708 sum·

53 2749 80 2768 „
111 2734 173 2758 ino
201 2724 409 2762 secundum
439 2725 596 2763 modum
627 2738 738 2763 suum
756 2751 766 2762 .
797 2725 861 2762 Sic
892 2725 1006 2781 igitur
1028 2723 1062 2759 8(
1091 2737 1174 2761 cor-

54 2803 80 2822 „
109 2787 180 2825 pus
209 2777 375 2826 perfecte
403 2778 585 2817 subdetur
614 2780 782 2826 animae,
824 2779 858 2814 8(
889 2791 971 2829 ejus
1000 2778 1172 2829 proprie-

53 2856 78 2874 „
109 2835 198 2888 tates
213 2830 482 2884 participabit,
511 2843 695 2885 quantum
714 2831 892 2884 possibile
922 2840 997 2878 est,
1030 2831 1066 2867 in
1087 2843 1173 2882 per-

53 2909 81 2928 „
110 2883 310 2931 spicuitate
337 2898 539 2935 sensuum,
569 2887 608 2924 in
635 2887 874 2924 ordinatione
903 2884 1076 2936 corporei
1105 2897 1172 2935 ap·

54 2962 82 2982 „
113 2936 276 2984 petitus,
321 2935 355 2972 8(
383 2938 424 2976 in
460 2940 681 2978 omnimoda
718 2939 950 2991 perfectione
991 2946 1171 2983 naturae3

51 3015 79 3036 „
109 2996 209 3046 tanto
225 2991 325 3028 enim
342 2988 490 3042 aliquid
506 2993 708 3044 perfectius
730 3001 782 3030 est
803 2994 842 3030 in
861 3001 993 3031 natura
1011 3021 1021 3038 ,
1052 3005 1171 3042 quan-

55 3068 81 3088 „
109 3049 146 3079 to
175 3056 257 3093 ejus
298 3045 459 3081 materia
500 3045 704 3096 perfectius
731 3045 906 3084 subditur
947 3045 1106 3082 sormae:
1137 3043 1172 3080 8(

59 3120 85 3140 „
111 3105 266 3148 propter
297 3095 366 3136 hoc
395 3097 487 3135 dicit
517 3098 739 3149 Apostolus:
770 3098 1002 3136 Semincztur
1030 3111 1170 3150 corpus

55 3173 81 3192 n
109 3151 316 3199 animale,
345 3159 522 3204 resurget
549 3164 688 3202 corpus
703 3151 906 3203 spirituale
923 3177 932 3188 .
962 3149 1172 3201 Spirituale

55 3227 83 3246 ,‚
111 3201 268 3259 quidem
296 3217 433 3258 corpus
462 3206 697 3257 resurgentis·
717 3206 812 3252 erit,
842 3217 915 3242 non
931 3205 1021 3255 quia
1036 3204 1172 3256 sitspi-

55 3280 82 3298 a,
112 3261 233 3304 ritus,
274 3266 314 3296 ut
340 3258 498 3312 qnidam
529 3260 630 3297 male
659 3257 953 3303 intellexerunt,
996 3258 1075 3294 sive
1105 3269 1172 3308 per

54 3333 82 3355 ‚,
113 3307 290 3357 spiritum
319 3311 552 3364 intelligatur
594 3311 803 3364 spiritualis
845 3310 1078 3357 substantia,
1121 3311 1170 3348 si-

55 3388 84 3408 „
114 3373 160 3416 γε
189 3375 279 3409 aer,
308 3374 372 3401 aut
402 3375 558 3414 ventus,
588 3366 650 3404 sed
681 3367 771 3417 quia
801 3366 869 3402 erit
898 3364 1053 3401 omnino
1081 3361 1170 3400 sub-

54 3441 82 3462 „
111 3422 259 3466 jectum
287 3417 463 3469 spiritui;
506 3421 617 3461 sicuti
646 3419 679 3457 &
709 3432 809 3458 nunc
851 3418 991 3459 dicitur
1032 3428 1170 3469 corpus

2224 201 2301 228 101

1251 295 1277 314 ,‚
1307 263 1500 311 animale,
1529 275 1604 301 non
1627 267 1718 314 quia
1738 264 1783 302 sit
1805 263 1973 311 animal,
2003 265 2064 302 sed
2093 266 2185 318 qnia
2214 265 2364 302 anima-

1252 348 1279 368 „
1310 317 1412 363 libus
1428 316 1663 368 passionibus
1681 316 1849 366 subjacet
1863 347 1873 362 ,
1895 316 1927 353 8(
1948 318 2128 356 alimonia
2153 318 2294 369 indiget
2313 320 2364 355 “.

1310 370 1397 409 156.
1426 370 1614 409 Audiuur
1642 369 1755 406 etiam
1777 369 1817 405 S.
1838 370 2044 417 Gregorius
2072 371 2262 422 Magnus,
2292 371 2359 422 qui

1248 425 1346 463 hanc
1367 426 1535 476 corporis
1563 421 1715 474 gloriosi
1744 423 1870 459 dotem
1891 423 2090 473 diligenter
2119 423 2362 463 examinandi

1247 491 1426 529 magnam
1459 476 1590 514 habuit
1617 476 1856 514 occasionem
1886 485 2036 526 propter
2064 487 2360 514 controversiain

1251 533 1322 580 ipsi
1351 545 1439 569 cuin
1470 528 1662 582 Eutychio
1704 537 1881 567 enatam.
1929 527 1993 565 Sic
2036 539 2161 566 autem
2191 531 2242 566 ait
2272 529 2361 568 Lib.

1250 584 1356 622 XVI.
1389 583 1609 621 i'l‘lorttlt'um
1639 597 1725 634 cap.
1749 594 1829 633 aq:
1853 611 1878 629 „
1910 580 1951 617 ln
1983 581 2051 619 illa
2085 583 2366 620 resurrectionis

1250 668 1276 686 n
1306 637 1425 688 gloria
1441 639 1510 676 erit
1529 650 1666 688 corpus
1682 645 1848 673 nostrum
1869 633 2008 672 subtile
2027 635 2183 687 quidem
2215 649 2279 685 per
2308 636 2363 672 ef-

1252 721 1278 739 „
1310 694 1450 729 fectum
1481 690 1689 742 spiritualis
1732 690 1929 742 potentiae,
1960 688 2021 726 sed
2068 686 2263 739 palpabile
2302 701 2366 738 per

1253 774 1279 793 „
1309 746 1505 783 veritatem
1535 753 1704 782 naturae:
1749 741 1846 779 unde
1875 740 2106 792 Redemptor
2147 749 2269 778 noster
2297 741 2366 776 du-

1252 828 1276 846 „
1307 797 1517 837 bit-antibus
1545 798 1591 834 de
1619 810 1685 834 sua
1718 795 1987 834 resurrectione
2016 792 2254 846 Discipulis,
2285 791 2367 844 pal·

1250 880 1277 900 ‚,
1304 852 1431 902 panda
1459 863 1539 888 ossa
1561 881 1571 898 ,
1601 863 1831 902 carnemque
1861 848 2055 900 praebuit,
2091 847 2222 885 dicens
2250 846 2369 886 Lucae

1250 933 1277 952 „
1308 904 1480 942 XXlV.:
1512 903 1680 952 Palpaze
1698 933 1707 950 ‚
1736 903 1785 942 ὅ)
1807 901 1930 940 videte
1947 931 1958 949 ,
1988 905 2081 951 quia
2101 904 2258 951 spiritus
2275 912 2367 937 car·

1248 987 1274 1006 „
1303 971 1397 996 nem
1417 988 1427 1006 ‚
1457 958 1506 999 Εἴ]
1533 971 1625 996 ossa
1643 970 1722 994 non
1752 955 1865 994 habet
1883 985 1894 1004 ,
1926 959 2023 994 sicut
2051 967 2117 992 me
2146 954 2279 993 videtis
2294 953 2366 990 ha-

1246 1039 1273 1060 ‚,
1303 1010 1392 1050 bere
1413 1015 1438 1033 “
1457 1038 1467 1050 .

1306 1067 1393 1117 157.
1425 1064 1593 1103 Advertit
1622 1073 1746 1103 tamen
1762 1063 1801 1102 S.
1832 1072 1955 1102 noster
1975 1061 2188 1112 Praeceptor
2214 1059 2367 1110 inSup-

1247 1118 1366 1170 plem.
1396 1127 1532 1171 quaest.
1553 1117 1619 1156 83.
1649 1127 1718 1155 art.
1742 1131 1778 1156 2.
1796 1144 1807 1163 ‚
1836 1117 1961 1168 quod:
1983 1145 2008 1164 ,‚
2028 1114 2216 1153 subtilitas
2244 1129 2266 1152 a
2282 1126 2364 1152 cor-

1248 1202 1273 1220 „
1305 1186 1393 1223 pore
1422 1172 1585 1223 glorioso
1613 1171 1889 1208 dimensionem
1919 1182 1996 1207 non
2025 1169 2211 1206 aufert...
2232 1167 2264 1203 ἃ
2283 1167 2366 1205 ideo

1306 1238 1441 1276 corpus
1469 1223 1674 1276 gloriosum
1705 1237 1776 1261 non
1812 1222 1969 1260 habebit
1999 1223 2141 1260 ratione
2169 1235 2246 1258 suae
2278 1220 2366 1257 sub-

1306 1278 1479 1326 tilitatis,
1522 1276 1624 1330 quod
1653 1278 1766 1329 possit
1809 1289 1887 1314 esse
1915 1274 2030 1313 simul
2060 1288 2148 1312 cum
2179 1273 2256 1311 alio
2283 1286 2365 1310 cor-

1250 1361 1276 1380 „
1307 1345 1424 1383 pore:
1467 1332 1530 1369 sed
1559 1332 1694 1382 poterit
1722 1329 1836 1368 simul
1867 1342 1954 1366 euin
1985 1327 2062 1366 alio
2103 1339 2261 1378 corpore
2291 1340 2367 1363 esse

1247 1414 1277 1434 ,‚
1307 1398 1352 1423 ex
1379 1398 1402 1422 o
1433 1385 1599 1424 eratione
1628 1385 1776 1422 virtutis
1804 1383 1978 1421 divinae.
2008 1381 2113 1419 Sicut
2143 1381 2255 1418 etiam
2285 1392 2368 1418 cor-

1249 1467 1276 1486 „
1307 1452 1376 1489 pus
1405 1400 1503 1476 βειτί
1534 1450 1609 1475 non
1641 1436 1776 1475 habuit
1804 1449 1848 1474 ex
1878 1434 2009 1488 aliqua
2039 1435 2265 1486 proprietate
2293 1432 2367 1471 sibi

1306 1493 1450 1540 indita,
1480 1491 1580 1544 quod
1610 1491 1657 1530 ad
1688 1486 1866 1528 umbram
1897 1488 1978 1539 ejus
2005 1497 2226 1526 sanarentur
2256 1484 2366 1524 insir-

1305 1547 1358 1583 mi
1377 1575 1386 1592 ,
1417 1545 1479 1584 sed
1506 1545 1574 1582 hoc
1605 1544 1720 1582 siebat
1749 1545 1886 1581 virtute
1905 1543 2038 1581 divina
2067 1541 2113 1579 ad
2143 1539 2366 1578 aedificatio-

1248 1628 1274 1646 „
1304 1611 1391 1636 nem
1422 1598 1512 1636 fidei
1531 1601 1551 1636 .’
1585 1598 1640 1634 lta
1670 1598 1782 1635 faciet
1812 1597 1930 1634 virtus
1958 1596 2086 1633 divina
2106 1624 2116 1641 ,
2161 1602 2200 1630 ut
2230 1606 2367 1644 corpus

1249 1679 1275 1698 „
1304 1650 1512 1701 gloriosum
1541 1652 1655 1702 possit
1683 1649 1798 1687 simui
1829 1662 1918 1686 cum
1939 1648 2016 1685 alio
2043 1659 2198 1697 corpore
2229 1660 2304 1682 esse
2321 1646 2368 1682 ad

1247 1732 1275 1751 „
1307 1703 1573 1754 perfectionem
1589 1703 1721 1752 glorias
1737 1704 1786 1739 “.
1811 1701 1931 1752 Atque
1953 1699 2050 1736 hanc
2068 1700 2250 1736 rationein
2275 1698 2368 1736 ibid.

1249 1756 1295 1793 acl
1330 1755 1558 1808 inexplicat
1577 1755 1705 1793 Sanct.
1722 1754 1862 1792 Doctor
1892 1766 1965 1791 una
1993 1766 2081 1791 cuni
2112 1750 2251 1789 Sancto
2271 1751 2366 1788 Gre-

1245 1809 1354 1862 gorio
1369 1808 1491 1848 Hom.
1512 1807 1662 1848 XXVI.
1684 1810 1722 1847 in
1742 1807 1890 1859 Evang.
1907 1837 1918 1854 ,
1947 1805 2138 1858 quomodo
2154 1817 2288 1855 corpus
2303 1804 2366 1841 Je-

1246 1878 1289 1902 su
1305 1863 1444 1901 Christi
1475 1863 1669 1901 intraverit
1699 1863 1739 1900 in
1767 1860 2014 1898 coenaculuni
2045 1857 2170 1910 januis
2199 1859 2364 1906 clausis,

1248 1927 1287 1954 ut
1307 1917 1446 1954 dicitur
1465 1916 1603 1954 Joann.
1626 1914 1717 1952 XX.
1736 1944 1747 1961 ,
1777 1913 1921 1951 scilicet
1952 1913 1989 1950 in
2011 1911 2079 1949 hoc
2111 1912 2252 1949 factum
2274 1911 2365 1948 fuis-

1245 1984 1309 2017 se,
1355 1982 1426 2007 non
1455 1982 1523 2021 per
1551 1969 1675 2007 dotem
1704 1965 1953 2015 subtilitatis,
1997 1965 2060 2005 sed
2091 1967 2226 2004 virtute
2256 1964 2367 2004 Divi-

1245 2024 1369 2062 nitatis
1382 2048 1392 2061 .

1250 1254 1276 1273 ’2

1250 1308 1276 1327 2)

1250 1521 1274 1540 2,

1249 1575 1274 1594 9>

1710 2074 1880 2128 Agilitas
1897 2099 1908 2114 ι

1305 2182 1392 2224 158.
1423 2183 1532 2222 Hanc
1560 2182 1710 2221 tertiam
1751 2182 1920 2233 corporis
1961 2179 2113 2233 gloriosi
2157 2179 2282 2218 dotem
2313 2181 2366 2218 ita

1244 2237 1411 2278 declarat
1443 2235 1646 2290 Angelicus
1674 2235 1926 2286 inSupplem.
1955 2242 2092 2291 quaest.
2112 2232 2203 2279 84:
2226 2263 2253 2282 „
2272 2235 2364 2271 Cor-

1246 2323 1272 2343 „
1303 2307 1374 2345 pus
1402 2290 1608 2344 gloriosum
1630 2290 1700 2327 erit
1719 2290 1876 2328 omnino
1894 2288 2109 2339 subjectum
2125 2289 2263 2325 animae
2284 2287 2365 2340 glo-

1304 2345 1464 2384 rificatae
1485 2375 1496 2392 ,
1540 2357 1615 2383 non
1644 2342 1767 2382 solum
1799 2351 1837 2381 ut
1878 2341 1978 2381 nihil
2009 2342 2047 2379 in
2078 2353 2121 2378 eo
2149 2342 2220 2388 sit,
2263 2342 2366 2392 quod

1302 2401 1446 2438 resistat
1474 2397 1657 2437 voluntati
1687 2397 1841 2449 spiritus
1872 2397 1887 2447 (
1916 2397 2009 2448 quia
2040 2395 2109 2432 hoc
2148 2395 2219 2432 fuit
2248 2395 2362 2431 etiam

1246 2484 1272 2504 „
1301 2454 1341 2491 in
1369 2465 1525 2504 corpore
1556 2451 1649 2490 Adae
1681 2451 1725 2499 );
1771 2450 1834 2488 sed
1864 2450 1977 2487 etiam
2009 2458 2048 2486 ut
2076 2449 2122 2486 sit
2152 2449 2190 2484 in
2219 2460 2262 2483 eo
2290 2446 2364 2483 ali-

1245 2538 1272 2557 „
1301 2521 1378 2558 qua
1408 2506 1614 2559 perfecti03
1653 2503 1817 2542 effluens
1845 2503 1894 2541 ab
1923 2504 2053 2540 anima
2081 2500 2292 2552 glorificata
2323 2501 2362 2536 in

1245 2591 1271 2611 ‚,
1301 2573 1438 2611 corpus
1455 2589 1465 2607 ‚
1496 2572 1694 2611 perquam
1715 2556 1846 2595 habile
1875 2556 2051 2593 reddatur
2067 2554 2114 2591 ad
2137 2553 2361 2605 praedictam

1244 2644 1271 2664 „
1300 2612 1601 2664 subjectionem:
1643 2624 1731 2664 quae
1762 2610 1918 2663 quidem
1948 2608 2129 2660 perfectio
2155 2606 2218 2643 dos
2247 2605 2363 2656 glori-

1243 2698 1269 2718 „
1299 2666 1404 2706 ficati
1433 2666 1602 2718 corporis
1630 2666 1797 2704 dicitur.
1841 2665 1980 2701 Anima
2007 2669 2135 2699 autem
2165 2658 2363 2711 conjungi-

1243 2751 1270 2772 „
1299 2729 1360 2758 tur
1390 2722 1568 2773 corpori,
1597 2732 1674 2757 non
1705 2716 1826 2755 solum
1850 2725 1887 2752 ut
1917 2716 2065 2762 forma,
2096 2713 2157 2750 sed
2187 2714 2300 2750 etiam
2324 2721 2363 2753 ut

1242 2805 1268 2824 „
1299 2784 1447 2823 motor,
1490 2773 1523 2810 8(
1556 2782 1713 2823 utroque
1742 2769 1853 2807 inodo
1880 2777 2053 2819 oportet,
2096 2766 2197 2819 quod
2226 2779 2362 2818 corpus

1243 2858 1268 2877 „
1297 2828 1503 2879 gloriosum
1534 2827 1671 2863 auimae
1714 2821 1936 2874 glorificatas
1966 2822 2013 2859 sit
2053 2834 2204 2859 sumine
2231 2818 2361 2870 subje-

1243 2912 1269 2930 „
1299 2891 1430 2919 ctum.
1474 2880 1586 2918 Unde
1615 2879 1711 2914 sicut
1743 2889 1808 2927 per
1837 2877 1960 2913 dotem
1991 2873 2208 2912 subtilitatis
2236 2873 2361 2925 subji-

1243 2964 1269 2983 ,‚
1298 2936 1396 2972 citur
1425 2935 1459 2972 ei
1489 2932 1674 2977 totaliter,
1707 2932 1928 2980 inquantum
1953 2939 2005 2965 est
2023 2928 2144 2966 forma
2164 2928 2356 2979 corporis,

1241 3018 1266 3037 ,‚
1296 2987 1387 3026 dans
1402 3002 1479 3025 esse
1494 2983 1730 3037 specificum3
1752 2984 1801 3020 ita
1823 2996 1889 3033 per
1903 2982 2027 3019 dotem
2043 2981 2220 3032 agilitatis
2236 2981 2356 3030 subji-

1243 3071 1269 3089 ,‚
1298 3042 1398 3078 citur
1427 3042 1489 3088 ei,
1533 3041 1756 3089 inquantum
1787 3045 1840 3073 est
1879 3046 2026 3082 motor,
2068 3043 2107 3072 ut
2136 3033 2280 3072 scilicet
2309 3034 2356 3071 sit

1298 3095 1544 3145 expeditum,
1574 3087 1755 3127 &habile
1785 3089 1830 3126 ad
1858 3087 2114 3128 obediendum
2143 3087 2294 3139 spiritui
2315 3087 2356 3127 in

1295 3147 1474 3185 omnibus
1504 3144 1666 3183 motibus
1684 3173 1694 3191 ,
1725 3142 1757 3178 8(
1788 3142 2000 3181 actionibus
2029 3143 2169 3179 animae
2190 3143 2215 3162 “
2237 3166 2248 3178 .

1300 3201 1387 3250 159.
1416 3200 1456 3238 S.
1480 3198 1712 3250 Augustinus
1732 3195 1946 3235 Lib.Xlll.
1974 3194 2038 3233 De
2056 3194 2134 3233 Cir.
2163 3193 2241 3231 Dei
2269 3206 2354 3241 cap.

1246 3255 1305 3292 18.
1335 3254 1381 3290 ad
1413 3252 1662 3289 revincendos
1683 3248 1949 3301 Philosophus,
1977 3249 2120 3302 quibus
2147 3245 2350 3285 incredibi-

1239 3307 1274 3344 le
1305 3305 1532 3354 videbatur,
1574 3305 1706 3356 gravia
1734 3304 1960 3342 Sanctorum
1990 3315 2146 3353 corpora
2177 3312 2279 3350 posse
2309 3298 2348 3333 in

1238 3360 1336 3397 coelo
1366 3361 1588 3407 consistere,
1618 3371 1706 3396 cum
1726 3357 1887 3396 naturali
1917 3356 2080 3408 pondere
2098 3353 2269 3390 decidere
2283 3349 2348 3386 de·-

1235 3413 1350 3455 beant
1370 3443 1382 3466 ,
1425 3411 1751 3468 primoaconfugit
1778 3411 1827 3451 ad
1861 3411 2152 3460 omnipctentem
2171 3403 2253 3495 Deit
2274 3404 2349 3441 vir-

2258 3470 2299 3495 u.

1248 2377 1274 2396 >9

1247 2430 1273 2449 >2

1243 3124 1269 3143 θ’

1241 3177 1266 3196 2³
