2562 3694
224 180 306 219 123

219 256 307 292 551.
337 253 514 291 Ceterum
544 267 618 292 non
648 266 779 293 omnes
806 254 991 293 Ecclesiae
1038 269 1168 308 preces
1212 268 1278 305 pro

164 306 348 345 defunctis
377 308 423 344 ad
453 306 551 344 illud
580 316 728 360 tempus
758 310 977 346 referuntur
996 339 1006 357 ,
1037 322 1113 360 quo
1141 321 1184 344 ex
1209 309 1276 344 hoc

162 359 305 398 saeculo
333 361 584 398 transierunt.
613 361 711 399 Sunt
731 363 832 400 enim
863 362 973 409 aliae,
1003 373 1089 412 quae
1112 368 1278 410 spectant

163 413 208 450 ad
239 423 460 463 praesentem
490 427 620 451 eorum
662 424 827 461 statum5
870 425 908 452 ut
937 428 1026 451 cuin
1056 421 1134 448 orat
1162 411 1210 448 ab
1239 423 1280 446 o-

164 467 243 503 mni
273 466 496 505 delictorum
527 467 685 507 vinculo
714 468 974 512 absolvantur,
1007 474 1044 500 ut
1066 464 1168 501 Deus
1189 464 1278 514 ipsis

162 521 335 570 requiem
364 521 500 569 donet,
530 529 570 558 ut
591 521 769 572 perducat
799 534 858 557 eos
874 520 920 556 ad
943 517 1067 553 lucem
1084 526 1277 565 sanctam,

161 586 205 610 ac
236 581 275 609 ut
305 572 530 612 Sanctorum
562 573 733 612 felicitati
763 572 1058 622 conjungantur.
1089 569 1182 606 Orat
1211 584 1278 608 au-

161 635 236 663 tem
265 639 335 677 pro
363 626 567 674 omnibus,
589 627 701 678 'quia
730 626 774 661 de
804 622 1042 672 singulorum
1080 631 1175 659 statu
1203 622 1278 661 Ec-

161 678 278 718 clesia
306 689 407 718 certa
436 692 510 717 non
539 690 617 726 est,
649 678 812 727 exceptis
842 674 1083 725 Martyribus
1101 704 1111 722 ,
1141 675 1174 711 &
1205 677 1249 713 iis
1267 706 1278 724 ,

158 745 253 785 quos
283 734 364 784 ipsa
391 733 617 770 Sanctorum
647 729 734 766 albo
763 727 972 765 adscribit.

214 787 306 824 552.
335 785 391 823 Ex
415 786 471 822 liis
491 793 615 821 autem
633 813 643 830 ,
674 781 836 833 aliisque
857 779 1032 832 pluribus
1050 811 1059 829 ,
1090 795 1177 833 quae
1193 781 1278 819 bre-

160 840 286 877 vitatis
314 839 432 888 gratia
459 837 687 882 omisimus,
732 834 930 872 manifeste
966 844 1151 885 apparet,
1194 834 1278 886 jure

158 893 369 942 meritoque
410 890 642 926 contrarium
672 887 908 925 Novatorum
951 901 1117 925 errorem
1161 889 1276 927 fuisse

158 945 207 982 ab
237 942 474 981 oecumenica
502 941 730 979 Tridentina
759 940 914 992 Synodo
951 941 1246 980 condemnatum
1264 969 1275 980 .

157 997 205 1035 Et
246 998 372 1045 primo
419 994 576 1046 quidem
605 994 704 1032 Sess.
727 993 793 1031 Vl.
824 1008 910 1038 can.
941 994 1006 1032 50.
1036 993 1095 1031 his
1124 995 1273 1034 verbis:

157 1079 184 1097 „
213 1048 253 1085 Si
275 1049 360 1100 quis
389 1056 471 1100 post
500 1057 694 1099 acceptam
718 1046 997 1097 justificationis
1009 1049 1172 1098 gratiam
1193 1050 1275 1087 cui-

156 1131 181 1150 „
213 1100 305 1138 libet
334 1102 521 1153 peccatori
552 1099 920 1153 poeuitenticulpam
942 1102 1112 1149 remitti,
1141 1101 1274 1139 &rea-

155 1184 182 1202 ,‚
210 1163 291 1191 tum
321 1165 472 1192 aeternae
504 1162 632 1206 poenae
650 1153 770 1192 deleri
798 1154 968 1198 dixerit3
1000 1163 1038 1191 ut
1067 1153 1197 1193 nullus
1218 1169 1275 1192 re-

154 1235 181 1256 ‚,
211 1217 358 1245 maneat
389 1217 510 1246 reatus
539 1221 664 1260 poenae
693 1207 912 1259 temporalis
942 1205 1181 1245 exsolvendae
1213 1207 1273 1246 vel

153 1290 179 1309 „
211 1262 249 1298 in
279 1260 347 1299 hoc
377 1261 544 1309 saeculo,
574 1261 633 1299 vel
651 1262 690 1299 in
713 1261 840 1298 futuro
869 1261 909 1298 in
929 1259 1176 1312 Purgatorio,
1207 1276 1274 1300 an·

155 1341 180 1362 „
209 1323 363 1366 tequam
392 1316 439 1353 ad
469 1328 581 1366 regna
607 1313 796 1353 coelorum
826 1313 947 1351 aditus
978 1323 1105 1363 patere
1136 1317 1273 1367 possit,

155 1397 182 1416 „
212 1368 413 1406 anathema
442 1369 513 1406 sit.
558 1367 702 1406 Postea
732 1367 839 1405 Sess.
861 1365 996 1404 XXII.
1035 1381 1130 1405 can.
1162 1368 1199 1405 3.
1230 1369 1272 1406 Si

153 1449 179 1469 „
209 1422 295 1473 quis
323 1422 483 1468 dixerit,
513 1420 645 1459 Missae
660 1420 895 1459 sacrificium
915 1428 1061 1457 tantum
1093 1435 1169 1458 esse
1190 1420 1272 1458 lau-

151 1500 177 1522 „
205 1474 289 1522 dis,
320 1473 353 1509 &
382 1475 589 1525 gratiarum
617 1475 801 1521 actionis,
839 1482 902 1510 aut
931 1473 1075 1511 nudam
1105 1487 1271 1511 comme-

150 1556 178 1575 „
207 1528 456 1565 morationetn
487 1527 668 1566 sacrificii
697 1528 735 1564 in
764 1528 886 1565 Cruce
916 1528 1086 1578 peracti,
1117 1541 1189 1566 non
1205 1541 1271 1564 au-

150 1609 176 1628 „
206 1589 281 1618 tem
313 1581 617 1633 propitiatorium
635 1610 646 1629 ,
688 1579 749 1618 vel
778 1580 846 1618 soli
878 1581 1050 1631 prodesse
1079 1582 1271 1630 sumenti,

152 1663 179 1681 „
209 1648 330 1686 neque
374 1647 442 1686 pro
483 1634 604 1683 vivis,
650 1634 685 1670 8<
722 1634 937 1681 defunctis,
982 1648 1051 1685 pro
1080 1637 1271 1685 peccatis,

154 1716 180 1736 :³
210 1689 361 1739 poenis,
389 1688 733 1735 satisfactionibus,
763 1686 899 1725 &aliis
919 1688 1203 1726 necessitatibus
1215 1689 1272 1725 of-

155 1769 182 1788 „
213 1741 304 1777 ferri
324 1740 462 1777 debere
478 1770 488 1788 ,
509 1739 713 1778 anatliema
733 1740 807 1777 sit.
837 1740 943 1777 Sess.
965 1740 1127 1778 demum
1137 1740 1272 1780 XXV.

153 1822 181 1841 „
211 1791 282 1830 hoc
311 1792 359 1830 (le
374 1791 615 1845 Purgatorz'o
644 1792 843 1830 decretum
862 1792 1031 1844 facturn
1060 1803 1144 1831 est:
1174 1796 1272 1832 Cum

154 1875 181 1894 2,
211 1845 398 1884 catholica
427 1845 625 1892 Ecclesia,
655 1846 803 1897 Spiritu
824 1846 863 1884 S.
895 1847 1052 1895 edocta,
1083 1860 1128 1885 ex
1157 1850 1273 1887 sacris

154 1927 180 1947 „
209 1898 343 1936 litteris
355 1929 365 1947 ,
387 1898 420 1934 8<
436 1900 593 1951 antiqua
610 1898 761 1936 Patrtun
778 1899 974 1937 traditione
992 1901 1029 1938 in
1046 1902 1158 1938 sacris
1173 1901 1273 1939 Con-

153 1981 179 2000 „
210 1950 337 1999 ciliis,
367 1951 401 1989 &
431 1953 636 1990 novissime
665 1952 704 1990 in
743 1951 815 1989 liae
859 1954 1097 1990 oecumenica
1127 1954 1270 2005 synodo

152 2032 176 2053 „
205 2004 402 2052 docuerit,
432 2004 696 2056 Purgatorium
714 2018 812 2052 esse,
833 2007 1058 2057 animasque
1074 2005 1270 2045 ibideten-

151 2088 177 2106 „
206 2067 259 2095 tas
289 2057 465 2096 fidelium
494 2058 709 2108 suffragiis,
753 2059 992 2110 potissimum
1037 2072 1127 2097 vero
1163 2073 1271 2097 acce-

150 2140 177 2160 „
207 2110 344 2163 ptabili
372 2112 502 2150 altaris
530 2111 719 2150 sacrificio
738 2111 893 2163 juvari5
924 2114 1106 2164 praecepit
1135 2112 1176 2164 S.
1197 2113 1271 2165 Sy-

149 2194 176 2213 „
206 2166 326 2203 nodus
356 2165 583 2218 Episcopis,
632 2173 672 2201 ut
708 2179 839 2204 sanam
882 2166 928 2203 de
958 2165 1176 2217 Purgatorio
1205 2167 1271 2203 do-

149 2247 177 2266 „
205 2219 396 2267 ctrinam,
425 2234 447 2256 a
475 2219 624 2258 Sanctis
653 2217 847 2268 Patribus,
877 2218 911 2255 δε
940 2221 1055 2258 sacris
1083 2218 1271 2258 Conciliis

148 2300 175 2319 aa
204 2273 380 2310 traditam
410 2287 431 2309 a
459 2271 782 2311 Christifidelibus
810 2274 942 2321 credi,
980 2274 1129 2321 teneri,
1158 2273 1270 2311 doce-

147 2352 175 2373 „
205 2326 264 2373 ri,
295 2325 329 2361 &
359 2325 502 2377 ubique
531 2327 734 2377 praedicari
762 2326 965 2377 diligenter
993 2328 1188 2365 studeant.
1217 2326 1269 2364 A-

150 2375 286 2429 „pud
317 2379 450 2416 rudem
479 2392 569 2417 vero
599 2378 751 2432 plebem
779 2379 1043 2429 difficiliores,
1074 2395 1118 2418 ac
1148 2379 1268 2418 subti-

149 2461 175 2480 ,‚
206 2431 319 2470 liores
339 2433 566 2484 quaestiones
582 2463 593 2481 ,
622 2446 788 2484 quaeque
808 2434 855 2471 ad
876 2434 1172 2472 aedificationem
1192 2446 1268 2472 non

149 2514 177 2534 ,‚
208 2485 382 2534 faciunt,
413 2485 445 2522 ἃ
475 2499 519 2523 ex
549 2485 691 2538 quibus
721 2485 948 2540 plerumque
977 2486 1086 2525 nulla
1115 2487 1157 2525 fit
1188 2488 1269 2538 pie-

149 2568 174 2586 „
205 2540 288 2577 tatis
316 2540 500 2588 accessio,
542 2553 564 2577 a
592 2538 844 2591 popularibus
873 2540 1118 2578 concionibus
1148 2540 1270 2578 seelu-

149 2622 175 2639 ‚‚
205 2593 365 2631 dantur.
396 2593 543 2631 Incerta
572 2595 691 2641 item,
722 2592 754 2629 St
775 2607 863 2646 quae
893 2596 1018 2646 specie
1048 2593 1134 2632 falsi
1163 2593 1270 2631 labo-

149 2675 176 2694 „
206 2656 289 2684 rant
307 2677 318 2695 ,
349 2646 548 2698 evulgari,
578 2660 623 2684 ac
652 2648 804 2685 tractari
835 2659 905 2684 non
935 2649 1182 2698 permittant.
1214 2646 1271 2684 Ea

149 2728 175 2747 2,
204 2714 295 2739 vero
323 2714 411 2753 quae
442 2700 487 2737 ad
518 2700 775 2739 curiositatem
796 2700 1027 2752 quamdam,
1058 2710 1121 2738 aut
1141 2714 1271 2752 super-

151 2781 177 2799 „
206 2755 394 2792 stitionem
423 2761 616 2806 spectant,
659 2753 719 2792 vel
750 2763 860 2805 turpe
900 2753 1054 2791 lucrum
1092 2755 1270 2804 sapiunt,

153 2833 178 2852 :a
207 2815 387 2858 tanquam
417 2805 622 2856 scandala,
665 2807 698 2844 8(
728 2807 905 2845 fidelium
934 2806 1162 2844 offendicula
1185 2821 1270 2858 pro-

152 2885 179 2905 „
209 2858 360 2898 liibeant
380 2861 402 2878 ’³
421 2887 432 2899 .
474 2861 563 2908 Quo
591 2862 869 2913 sapientissimo
911 2861 1060 2899 decreto
1087 2874 1126 2898 os
1157 2860 1267 2898 mali-

151 2914 350 2961 gnantium
385 2914 619 2952 obstructum
651 2923 723 2964 est,
767 2929 814 2952 ne
843 2914 1009 2966 privatos
1050 2912 1267 2965 aliquorum

151 2963 311 3011 abusus,
341 2980 432 3016 quos
461 2966 635 3006 Ecclesia
663 2968 884 3021 improbat,
927 2981 1027 3006 sanae
1057 2966 1269 3018 Purgatorii

152 3017 333 3056 doctrinae
361 3019 568 3069 objiciant.

208 3071 300 3109 555.
330 3069 404 3107 Ob·
433 3078 584 3121 primo·
628 3074 755 3114 Sancti
785 3074 910 3113 Patres
952 3084 1080 3128 aperte
1109 3074 1267 3124 docent,

153 3124 306 3162 nullum
335 3132 416 3176 post
445 3124 538 3165 hanc
566 3129 684 3169 vitam
713 3143 791 3168 esse
819 3130 1052 3181 poenitentiae
1070 3159 1081 3177 ,
1118 3138 1182 3168 ant
1210 3143 1268 3168 sa-

207 3309 254 3344 ζα)
278 3303 413 3338 Alludit
446 3304 680 3350 Hieronymus
720 3308 761 3341 ad
792 3311 898 3345 verba
923 3312 1050 3345 Ezecli.
1081 3313 1178 3346 xlv.
1211 3313 1264 3355 14.

154 3364 225 3395 seq.
253 3352 294 3384 Si
313 3351 453 3394 jiierint
478 3359 548 3384 tres
575 3356 639 3384 uiri
660 3357 721 3385 isti
749 3359 781 3387 in
796 3360 906 3391 medio
934 3360 1035 3404 ejus,
1062 3360 1136 3392 [Voe
1153 3381 1164 3400 ‚
1192 3358 1266 3393 Da-

154 3400 246 3437 niel,
274 3403 313 3430 e>
340 3398 403 3432 Job
425 3420 510 3430 .......
531 3397 613 3433 Tres
642 3402 705 3435 viri
732 3403 793 3433 e'stz·
822 3408 850 3435 si
868 3405 1007 3447 suerint
1032 3410 1067 3440 in
1093 3419 1157 3447 ea,
1195 3409 1265 3443 vivo

713 176 793 219 DE
826 176 963 219 ACT.
997 175 1152 219 HUM.
1188 174 1554 218 DISSERT.1V.
1589 174 1717 216 CAP.
1742 175 1796 217 V.
1828 175 1953 219 APP.
1976 172 2032 218 11.

1345 253 1563 290 tisfactionis
1607 252 1757 289 locum.
1799 238 1936 292 Primo
1973 257 2076 293 enim
2106 253 2147 292 S.
2176 253 2393 306 Cyprianus
2423 255 2460 293 iu

1347 305 1476 342 Traet.
1499 305 1528 342 l.
1557 314 1687 342 contra
1705 305 1993 345 Demetrianum
2023 309 2125 345 circa
2155 308 2270 346 finem
2293 308 2374 346 t=72c
2395 307 2461 346 ha-

1347 358 1431 395 bet:
1466 357 1638 408 Quando
1659 356 1800 394 isthinc
1821 360 2188 410 excessumfuert't,
2219 362 2345 398 nullus
2368 362 2463 412 jam

1346 414 1587 461 poenitentioe
1625 411 1731 448 Iocus
1760 420 1844 458 est,
1887 412 2015 448 nullus
2056 413 2339 465 satisfactionis
2368 412 2463 462 effe-

1349 473 1433 500 ctus
1452 489 1462 501 .
1510 464 1692 501 Secundo
1720 462 1759 501 S.
1792 465 2016 502 Ambrosius
2045 464 2093 501 cle
2134 468 2232 504 bono
2261 472 2396 505 mortis
2426 481 2462 505 c.

1349 530 1384 555 2.
1404 519 1455 554 ita
1485 517 1640 554 scribit:
1673 518 1749 566 Qui
1773 521 1880 555 enirn
1911 516 1970 554 hic
1999 530 2081 553 non
2109 525 2304 571 acceperit
2324 524 2463 558 remis-

1346 574 1498 607 sionem
1528 578 1783 619 peccatorum
1808 600 1818 617 ,
1849 571 1924 607 illic
1953 584 2034 607 non
2065 574 2166 618 erit,
2202 577 2391 611 nimirum
2422 578 2465 610 ἱη,

1345 627 1479 672 patriti
1493 622 1705 660 Beatorum
1724 649 1734 660 .
1768 622 1896 660 Tertio
1911 623 1951 662 S.
1967 623 2024 661 Jo.
2045 623 2330 674 Cllrysostomus
2346 628 2461 664 Hom.

1347 676 1394 713 (le
1415 675 1576 713 Lazaro
1606 678 1753 727 inquit:
1787 675 1883 713 Cum
1914 675 2002 713 hinc
2032 676 2352 727 discesserimus,
2383 693 2463 717 non

1347 739 1403 767 est
1438 733 1477 766 ιή
1508 728 1617 766 nobis
1638 734 1755 766 situm
1771 733 1962 779 poenitere
1980 759 1990 777 ,
2020 742 2144 778 neque
2174 735 2390 769 commissa
2407 733 2463 769 dc·-

1346 783 1478 820 luere.
1525 783 1654 820 Addit:
1700 780 1837 833 lveque
1867 787 1974 820 enim
2003 786 2066 833 qui
2095 786 2137 819 in
2173 788 2359 833 proesentz'
2387 790 2464 822 vita

1344 845 1515 886 peccata
1545 849 1624 873 non
1654 835 1882 883 abluerunt,
1913 844 2051 885 postea
2080 836 2391 874 consolationem
2419 852 2464 875 u.-

1345 891 1495 941 liquam
1516 893 1709 926 inventuri
1729 899 1819 926 sunt
1836 916 1846 926 .
1877 889 2052 941 Denique
2068 889 2107 926 S.
2131 889 2386 942 Hieronymus
2403 903 2464 928 ex-

1345 956 1489 994 ponens
1519 942 1588 980 illa
1618 943 1787 993 Apostoli
1831 943 1948 981 verba
1977 944 2024 979 ad
2054 941 2142 980 Gal.
2167 942 2256 980 VL:
2292 973 2317 990 ,‚
2338 943 2466 980 Unus-

1346 1025 1372 1044 „
1402 997 1563 1048 quisque
1592 1009 1686 1033 onus
1715 1010 1825 1034 suum
1858 995 2049 1048 portabit,
2092 999 2243 1046 inquit:
2288 996 2393 1034 Dum
2426 997 2465 1033 in

1345 1078 1371 1097 „
1403 1051 1580 1099 praesenti
1610 1048 1752 1087 saeculo
1781 1064 1941 1097 sumus,
1984 1050 2061 1086 sive
2090 1049 2324 1087 orationibus
2346 1079 2356 1097 ,
2386 1051 2465 1087 sive

1345 1132 1370 1150 „
1402 1102 1570 1142 consiliis
1601 1116 1705 1152 posse
1734 1115 1802 1139 nos
1843 1102 2019 1153 adjuvari
2039 1128 2049 1139 .
2091 1103 2188 1139 Cum
2221 1111 2347 1140 autem
2377 1112 2462 1140 aute

1345 1185 1371 1204 „
1403 1155 1568 1193 tribunal
1598 1156 1735 1193 (Ilirtsti
1767 1158 1980 1193 venerimus
2003 1185 2013 1203 ,
2043 1169 2118 1193 non
2147 1154 2244 1203 Job,
2281 1168 2355 1193 non
2386 1156 2465 1193 Da—

1345 1236 1370 1257 ,‚
1400 1209 1499 1256 niel,
1542 1223 1608 1247 nec
1639 1209 1718 1246 'Noe
1749 1210 1811 1260 (α)
1844 1223 1972 1260 rogare
2003 1222 2106 1260 posse
2138 1222 2205 1260 pro
2247 1210 2428 1260 quopiam
2453 1238 2464 1256 ,

1344 1291 1370 1310 „
1399 1263 1461 1300 sed
1493 1276 1809 1314 unumquemque
1853 1271 2000 1313 portare
2036 1274 2127 1299 onus
2169 1275 2282 1299 suum
2304 1263 2354 1299 ’'.
2386 1262 2467 1299 Ubi

1343 1324 1472 1366 aperte
1502 1316 1642 1353 Doctor
1672 1316 1861 1351 maximus
1889 1323 2026 1352 statum
2057 1316 2145 1352 vitae
2177 1316 2370 1365 praesentis
2399 1328 2467 1366 op-

1342 1369 1447 1419 ponit
1477 1370 1588 1405 statui
1610 1370 1697 1405 vitae
1717 1368 1854 1404 futurae
1873 1397 1884 1414 ,
1916 1377 1953 1404 ut
1974 1366 2103 1404 nullus
2132 1368 2176 1404 sit
2199 1367 2364 1418 amplius
2386 1376 2466 1418 post

1341 1430 1502 1458 mortem
1545 1421 1794 1459 satisfactioni
1839 1433 1907 1472 pro
1936 1421 2129 1472 peccatis,
2171 1429 2234 1457 aut
2276 1420 2464 1471 suffragiis

1342 1473 1449 1511 locus
1472 1501 1482 1511 .

1397 1527 1488 1574 554.
1520 1527 1661 1580 Resp.,
1691 1527 1776 1566 haec
1807 1528 2025 1567 testimonia
2053 1527 2278 1566 Sanctorum
2309 1527 2464 1567 Parrum

1341 1594 1418 1619 esse
1462 1581 1707 1633 intelligenda
1743 1583 1789 1620 de
1833 1583 2084 1634 poenitentia,
2128 1581 2162 1617 ἃ
2192 1583 2465 1631 conversione,

1342 1645 1418 1685 qua
1449 1634 1621 1673 homines
1651 1635 1748 1673 fiunt
1777 1648 1823 1671 ex
1853 1635 1963 1672 malis
1992 1635 2083 1672 boni
2104 1665 2113 1681 ,
2144 1648 2231 1686 quae
2264 1645 2360 1672 certe
2382 1651 2466 1688 poe-

1345 1689 1507 1726 nitentia
1536 1687 1664 1726 locum
1695 1702 1767 1725 non
1798 1687 1910 1725 habet
1941 1690 1977 1725 iu
2009 1689 2135 1724 futuro
2149 1687 2320 1726 saeculo.
2351 1689 2405 1725 Ita
2423 1689 2464 1726 S.

1343 1740 1561 1791 Cyprianus
1579 1771 1589 1788 ,
1619 1742 1686 1793 qui
1719 1740 1833 1794 paulo
1863 1750 1970 1778 antea
1998 1742 2172 1778 dixerat:
2208 1771 2234 1788 „
2256 1742 2465 1780 Hortamur

1344 1823 1370 1842 ‚‚
1402 1807 1493 1843 vos,
1537 1795 1630 1832 dum
1662 1795 1785 1832 adhuc
1816 1794 1963 1846 aliquid
1994 1795 2039 1831 de
2069 1794 2139 1831 hoc
2182 1794 2325 1831 saeculo
2353 1809 2464 1846 supe-

1343 1875 1368 1895 „
1398 1858 1497 1896 rest,
1528 1848 1609 1885 Deo
1637 1849 1878 1894 satisfacere,
1909 1847 1942 1883 8<
1966 1861 2065 1884 verae
2098 1846 2304 1898 Religionis
2334 1850 2463 1885 candi-

1342 1929 1368 1948 „
1398 1901 1487 1938 dam
1517 1901 1643 1939 lucem
1672 1902 1717 1939 de
1746 1901 1937 1954 profundo
1959 1901 2165 1939 tenebrosae
2188 1902 2465 1952 superstitionis

1342 1982 1368 2002 „
1400 1968 1592 2005 emergere
1614 1955 1635 1970 ''
1653 1981 1663 1992 .

1392 2007 1485 2046 555.
1516 2009 1557 2046 S.
1587 2010 1701 2046 etiam
1735 2009 1958 2047 Ambrosius
2000 2008 2169 2060 loquitur
2198 2009 2244 2046 de
2273 2010 2463 2047 remissio-

1338 2073 1387 2096 ne
1418 2071 1658 2111 peccatorum
1690 2062 1937 2108 mortalium3
1974 2063 2077 2114 quod
2106 2064 2231 2100 statim
2261 2062 2462 2110 declarat,

1341 2113 1540 2164 inquiens:
1569 2113 1663 2152 Non
1693 2120 1765 2152 erit
1794 2125 1930 2153 autem
1963 2119 1976 2165 (
2001 2117 2038 2153 in
2061 2117 2182 2167 patria
2200 2117 2397 2153 Beatorum
2422 2118 2461 2164 ),

1340 2170 1434 2216 qum
1463 2167 1518 2204 ‹th
1560 2172 1681 2205 citam
1711 2178 1912 2205 aeternam
1941 2182 2020 2205 non
2049 2174 2187 2216 poterit
2230 2174 2460 2219 pervenire,

1339 2223 1433 2270 quia
1463 2225 1540 2259 rita,
1569 2231 1728 2259 oeterna,
1757 2225 1938 2260 remissio
1966 2231 2219 2271 peccatorum
2250 2232 2333 2260 est.
2371 2224 2465 2260 Cer-

1339 2274 1530 2312 tissimum
1560 2284 1611 2313 est
1640 2284 1766 2312 autem
1785 2305 1795 2323 ,
1825 2284 1980 2327 peccata
2005 2271 2186 2313 >mortalia
2215 2274 2323 2313 nullo
2352 2277 2464 2314 modo

1339 2340 1446 2378 posse
1475 2329 1515 2366 in
1546 2329 1663 2367 altera
1692 2330 1768 2367 vita
1796 2330 1935 2366 remitti
1957 2354 1969 2366 0

1393 2381 1486 2420 556.
1517 2381 1706 2420 Similiter
1735 2382 1781 2419 de
1819 2383 1983 2435 peccatis
2026 2381 2251 2420 mortalibus
2295 2382 2466 2434 loquitur

1337 2433 1377 2472 S.
1409 2434 1469 2473 Jo.
1498 2434 1813 2488 Chrysostomus3
1845 2436 1947 2488 quod
1976 2445 2106 2487 aperte
2135 2436 2255 2488 liquet
2284 2450 2327 2473 ex
2358 2436 2467 2486 Epu-

1337 2486 1435 2525 lonis
1464 2488 1667 2541 exemplo,
1716 2502 1792 2541 quo
1823 2489 1879 2527 ibi
1911 2491 2027 2527 utitur
2056 2490 2104 2527 ad
2146 2502 2224 2528 suae
2268 2491 2464 2527 sententiae

1337 2541 1666 2580 confirmationem
1684 2569 1693 2580 .
1726 2542 1845 2581 Aliter
1874 2542 2046 2595 loquitur
2074 2544 2120 2580 de
2141 2544 2303 2594 peccatis
2334 2545 2464 2580 venia—

1337 2592 1469 2641 libus,
1501 2595 1534 2631 &
1563 2595 1726 2633 maculis
1756 2595 1994 2634 levioribus.
2025 2596 2154 2642 Quam
2184 2598 2221 2633 in
2253 2610 2331 2633 rem
2363 2596 2463 2632 inul-

1339 2655 1376 2685 ta
1404 2648 1539 2686 afferre
1570 2662 1786 2699 possemus3
1815 2650 1875 2687 sed
1908 2665 1950 2687 ea
1979 2649 2192 2697 sufficiant,
2230 2663 2317 2701 quae
2351 2649 2464 2688 habet

1339 2702 1380 2738 in
1425 2702 1538 2741 Hom.
1561 2703 1665 2741 XLI.
1697 2705 1735 2740 in
1767 2718 1827 2755 ep.
1865 2717 1897 2740 ι.
1926 2703 1974 2740 ad
2002 2702 2202 2749 Corinth„
2250 2703 2314 2740 ubi
2360 2717 2465 2740 com-

1339 2765 1549 2794 memorato
1579 2756 1647 2794 illo
1669 2771 1759 2805 usu,
1793 2767 1831 2794 ut
1862 2756 1949 2804 ille,
1979 2758 2045 2808 qui
2066 2756 2182 2793 adstat
2204 2755 2340 2803 altari,
2370 2757 2465 2794 dum

1338 2810 1549 2848 veneranda
1582 2821 1814 2862 peraguntur
1843 2811 2049 2862 mysteria,
2079 2809 2241 2847 clamet:
2278 2809 2395 2857 „Pro
2423 2824 2465 2846 0-

1338 2888 1365 2909 ,.
1397 2862 1549 2901 mnibus
1566 2894 1576 2911 ,
1606 2866 1673 2915 qui
1692 2866 1728 2900 in
1749 2864 1897 2902 Cliristo
1917 2865 2174 2910 dormierunt,
2195 2867 2348 2912 inquit:
2379 2865 2464 2901 7Non

1339 2943 1364 2963 „
1395 2925 1481 2954 sunt
1511 2931 1568 2955 res
1599 2927 1732 2954 nostrae
1766 2918 1903 2954 scenici
1936 2917 2044 2964 ludi,
2075 2917 2203 2955 absit.
2236 2917 2328 2954 Haec
2359 2918 2462 2953 enirn

1338 2997 1363 3016 „
1394 2969 1490 3006 fiunt
1519 2971 1753 3008 ordinatione
1782 2970 1971 3022 Spiritus:
2016 2973 2067 3008 eis
2098 2984 2184 3022 ergo
2221 2984 2337 3022 opera
2367 2971 2464 3006 fera-

1339 3050 1365 3070 „
1397 3036 1480 3060 inus
1502 3053 1512 3070 ,
1543 3024 1576 3059 &
1607 3025 2009 3061 commemorationem
2041 3037 2173 3061 eorum
2206 3035 2430 3075 peragamus
2450 3047 2460 3058 .

1338 3103 1364 3123 „
1394 3074 1435 3112 Si
1465 3078 1568 3114 enim
1589 3077 1676 3114 Jobi
1708 3077 1808 3114 filios
1839 3078 2017 3129 expiabat
2047 3077 2167 3115 Patris
2197 3077 2427 3114 sacrificium
2447 3104 2458 3121 ,

1337 3157 1363 3176 „
1393 3130 1488 3180 quid
1508 3130 1657 3170 dubitas
1673 3161 1684 3181 ,
1715 3145 1763 3170 an
1785 3131 1895 3169 nobis
1915 3145 1983 3184 pro
2001 3133 2080 3181 eis,
2112 3133 2178 3184 qui
2200 3139 2456 3219 excesserunt,

2301 3211 2328 3230 υ
2348 3196 2369 3219 0
2390 3204 2404 3210 “

1332 3326 1419 3357 ego,
1457 3312 1548 3348 dicit
1570 3314 1738 3348 Dominus
1768 3314 1862 3349 Dens
1879 3337 1889 3355 ‚
1915 3318 1990 3358 quin
2017 3323 2079 3346 nec
2096 3311 2205 3355 filios
2224 3330 2234 3349 ,
2270 3321 2330 3343 nec
2348 3308 2458 3352 filios

1332 3362 1520 3396 liberabunt
1536 3384 1544 3393 .
