<?xml version="1.0" encoding="UTF-8"?>
<!DOCTYPE html PUBLIC "-//W3C//DTD XHTML 1.0 Transitional//EN"
    "http://www.w3.org/TR/xhtml1/DTD/xhtml1-transitional.dtd">
<html xmlns="http://www.w3.org/1999/xhtml" xml:lang="en" lang="en">
 <head>
  <title>
</title>
<meta http-equiv="Content-Type" content="text/html;charset=utf-8" />
  <meta name='ocr-system' content='tesseract 3.04.00' />
  <meta name='ocr-capabilities' content='ocr_page ocr_carea ocr_par ocr_line ocrx_word'/>
</head>
<body>
  <div class='ocr_page' id='page_1' title='image "./fratrispetrimari06gazzuoft/fratrispetrimari06gazzuoft_0046.png"; bbox 0 0 2570 3745; ppageno 0'>
   <div class='ocr_carea' id='block_1_1' title="bbox 220 198 1325 321">
    <p class='ocr_par' dir='ltr' id='par_1_1' title="bbox 220 198 1325 321">
     <span class='ocr_line' id='line_1_1' title="bbox 286 198 341 245; baseline 0 0"><span class='ocrx_word' id='word_1_1' title='bbox 286 198 341 245; x_wconf 69' lang='lat'>54⁹.</span> 
     </span>
     <span class='ocr_line' id='line_1_2' title="bbox 220 265 1325 321; baseline -0.009 -10"><span class='ocrx_word' id='word_1_2' title='bbox 220 274 271 311; x_wconf 75' lang='lat' dir='ltr'>tia</span> <span class='ocrx_word' id='word_1_3' title='bbox 301 286 362 310; x_wconf 76' lang='lat' dir='ltr'>nos</span> <span class='ocrx_word' id='word_1_4' title='bbox 390 269 538 321; x_wconf 68' lang='lat' dir='ltr'>juvabit</span> <span class='ocrx_word' id='word_1_5' title='bbox 567 268 614 306; x_wconf 83' lang='lat' dir='ltr'>ad</span> <span class='ocrx_word' id='word_1_6' title='bbox 630 266 799 319; x_wconf 76' lang='lat' dir='ltr'>ejusdem</span> <span class='ocrx_word' id='word_1_7' title='bbox 819 268 943 318; x_wconf 84' lang='lat' dir='ltr'>operis</span> <span class='ocrx_word' id='word_1_8' title='bbox 965 267 1227 304; x_wconf 76' lang='lat' dir='ltr'>executionem</span> <span class='ocrx_word' id='word_1_9' title='bbox 1244 294 1255 312; x_wconf 87' lang='lat'>‚</span> <span class='ocrx_word' id='word_1_10' title='bbox 1285 265 1325 301; x_wconf 88' lang='lat' dir='ltr'>iu</span> 
     </span>
    </p>
   </div>
   <div class='ocr_carea' id='block_1_2' title="bbox 214 318 1328 738">
    <p class='ocr_par' dir='ltr' id='par_1_2' title="bbox 217 318 1325 416">
     <span class='ocr_line' id='line_1_3' title="bbox 218 318 1325 378; baseline -0.008 -15"><span class='ocrx_word' id='word_1_11' title='bbox 218 341 294 378; x_wconf 74' lang='lat' dir='ltr'>qua</span> <span class='ocrx_word' id='word_1_12' title='bbox 325 324 551 376; x_wconf 80' lang='lat' dir='ltr'>plerumque</span> <span class='ocrx_word' id='word_1_13' title='bbox 580 323 702 361; x_wconf 86' lang='lat' dir='ltr'>multo</span> <span class='ocrx_word' id='word_1_14' title='bbox 725 321 815 374; x_wconf 65' lang='lat' dir='ltr'>⁴plus</span> <span class='ocrx_word' id='word_1_15' title='bbox 843 318 1077 359; x_wconf 75' lang='lat' dir='ltr'>difficultatis</span> <span class='ocrx_word' id='word_1_16' title='bbox 1097 327 1177 368; x_wconf 88' lang='lat' dir='ltr'>est,</span> <span class='ocrx_word' id='word_1_17' title='bbox 1201 331 1325 370; x_wconf 82' lang='lat' dir='ltr'>quam</span> 
     </span>
     <span class='ocr_line' id='line_1_4' title="bbox 217 377 609 416; baseline -0.003 -2"><span class='ocrx_word' id='word_1_18' title='bbox 217 379 257 415; x_wconf 76' lang='lat' dir='ltr'>in</span> <span class='ocrx_word' id='word_1_19' title='bbox 287 378 366 415; x_wconf 84' lang='lat' dir='ltr'>sola</span> <span class='ocrx_word' id='word_1_20' title='bbox 394 377 609 416; x_wconf 77' lang='lat' dir='ltr'>voluntate.</span> 
     </span>
    </p>

    <p class='ocr_par' dir='ltr' id='par_1_3' title="bbox 214 423 1328 738">
     <span class='ocr_line' id='line_1_5' title="bbox 273 423 1327 482; baseline -0.008 -14"><span class='ocrx_word' id='word_1_21' title='bbox 273 430 338 469; x_wconf 79' lang='lat'><strong>56.</strong></span> <span class='ocrx_word' id='word_1_22' title='bbox 369 432 428 469; x_wconf 90' lang='lat' dir='ltr'>Ad</span> <span class='ocrx_word' id='word_1_23' title='bbox 456 430 495 469; x_wconf 90' lang='grc'>6.</span> <span class='ocrx_word' id='word_1_24' title='bbox 526 431 580 469; x_wconf 84' lang='lat' dir='ltr'>Ita</span> <span class='ocrx_word' id='word_1_25' title='bbox 606 429 804 482; x_wconf 50' lang='lat' dir='ltr'>*respondet</span> <span class='ocrx_word' id='word_1_26' title='bbox 831 427 920 465; x_wconf 75' lang='lat' dir='ltr'>Nat.</span> <span class='ocrx_word' id='word_1_27' title='bbox 944 425 1179 464; x_wconf 79' lang='lat' dir='ltr'>Alexander:</span> <span class='ocrx_word' id='word_1_28' title='bbox 1206 453 1235 472; x_wconf 20' lang='lat'>¹„</span> <span class='ocrx_word' id='word_1_29' title='bbox 1257 423 1327 461; x_wconf 85' lang='lat' dir='ltr'>His</span> 
     </span>
     <span class='ocr_line' id='line_1_6' title="bbox 219 478 1326 536; baseline -0.01 -12"><span class='ocrx_word' id='word_1_30' title='bbox 219 513 243 533; x_wconf 62' lang='grc'>,.,</span> <span class='ocrx_word' id='word_1_31' title='bbox 274 484 402 523; x_wconf 83' lang='lat' dir='ltr'>verbis</span> <span class='ocrx_word' id='word_1_32' title='bbox 439 484 709 536; x_wconf 77' lang='lat' dir='ltr'>praeformatos</span> <span class='ocrx_word' id='word_1_33' title='bbox 752 481 900 520; x_wconf 85' lang='lat' dir='ltr'>videtur</span> <span class='ocrx_word' id='word_1_34' title='bbox 929 478 1326 531; x_wconf 81' lang='lat' dir='ltr'>Sernipelagianorum</span> 
     </span>
     <span class='ocr_line' id='line_1_7' title="bbox 215 532 1325 586; baseline -0.008 -10"><span class='ocrx_word' id='word_1_35' title='bbox 215 563 242 585; x_wconf 47' lang='lat' dir='ltr'>f,</span> <span class='ocrx_word' id='word_1_36' title='bbox 274 551 403 586; x_wconf 83' lang='lat' dir='ltr'>error,</span> <span class='ocrx_word' id='word_1_37' title='bbox 434 539 497 577; x_wconf 84' lang='lat' dir='ltr'>vix</span> <span class='ocrx_word' id='word_1_38' title='bbox 531 552 574 575; x_wconf 86' lang='lat' dir='ltr'>ue</span> <span class='ocrx_word' id='word_1_39' title='bbox 597 539 635 575; x_wconf 84' lang='lat' dir='ltr'>in</span> <span class='ocrx_word' id='word_1_40' title='bbox 650 537 795 575; x_wconf 89' lang='lat' dir='ltr'>bonum</span> <span class='ocrx_word' id='word_1_41' title='bbox 811 548 959 572; x_wconf 81' lang='lat' dir='ltr'>sensum</span> <span class='ocrx_word' id='word_1_42' title='bbox 982 532 1085 571; x_wconf 89' lang='lat' dir='ltr'>flecti</span> <span class='ocrx_word' id='word_1_43' title='bbox 1107 539 1256 584; x_wconf 80' lang='lat' dir='ltr'>possunt</span> <span class='ocrx_word' id='word_1_44' title='bbox 1271 534 1296 552; x_wconf 83' lang='grc'>“</span> <span class='ocrx_word' id='word_1_45' title='bbox 1315 554 1325 567; x_wconf 89' lang='grc'><strong>.</strong></span> 
     </span>
     <span class='ocr_line' id='line_1_8' title="bbox 221 553 1326 640; baseline -0.007 -12"><span class='ocrx_word' id='word_1_46' title='bbox 221 591 344 630; x_wconf 78' lang='lat' dir='ltr'>Etiam</span> <span class='ocrx_word' id='word_1_47' title='bbox 373 590 414 629; x_wconf 90' lang='lat' dir='ltr'><strong>P.</strong></span> <span class='ocrx_word' id='word_1_48' title='bbox 443 553 603 630; x_wconf 65' lang='lat' dir='ltr'>ceillier</span> <span class='ocrx_word' id='word_1_49' title='bbox 634 593 647 640; x_wconf 92' lang='lat'>(</span> <span class='ocrx_word' id='word_1_50' title='bbox 669 589 784 627; x_wconf 81' lang='lat' dir='ltr'>Tom.</span> <span class='ocrx_word' id='word_1_51' title='bbox 800 587 868 626; x_wconf 90' lang='lat' dir='ltr'><strong>VI.</strong></span> <span class='ocrx_word' id='word_1_52' title='bbox 899 586 1008 624; x_wconf 73' lang='lat' dir='ltr'>Deus</span> <span class='ocrx_word' id='word_1_53' title='bbox 1029 595 1098 623; x_wconf 75' lang='lat' dir='ltr'>aut</span> <span class='ocrx_word' id='word_1_54' title='bbox 1120 584 1233 623; x_wconf 85' lang='lat' dir='ltr'>Eccl.</span> <span class='ocrx_word' id='word_1_55' title='bbox 1255 581 1326 620; x_wconf 88' lang='lat' dir='ltr'><strong>Ch.</strong></span> 
     </span>
     <span class='ocr_line' id='line_1_9' title="bbox 221 636 1328 693; baseline -0.01 -9"><span class='ocrx_word' id='word_1_56' title='bbox 221 644 282 684; x_wconf 82' lang='lat'><strong>18.</strong></span> <span class='ocrx_word' id='word_1_57' title='bbox 311 655 379 683; x_wconf 84' lang='lat' dir='ltr'>art.</span> <span class='ocrx_word' id='word_1_58' title='bbox 407 647 471 693; x_wconf 79' lang='grc' dir='ltr'>ι.)</span> <span class='ocrx_word' id='word_1_59' title='bbox 503 658 577 681; x_wconf 85' lang='lat' dir='ltr'>non</span> <span class='ocrx_word' id='word_1_60' title='bbox 607 644 761 681; x_wconf 87' lang='lat' dir='ltr'>omnino</span> <span class='ocrx_word' id='word_1_61' title='bbox 789 641 837 679; x_wconf 87' lang='lat' dir='ltr'>ad</span> <span class='ocrx_word' id='word_1_62' title='bbox 865 640 1047 679; x_wconf 77' lang='lat' dir='ltr'>doctrinae</span> <span class='ocrx_word' id='word_1_63' title='bbox 1078 639 1119 677; x_wconf 89' lang='lat' dir='ltr'>S.</span> <span class='ocrx_word' id='word_1_64' title='bbox 1148 636 1255 676; x_wconf 82' lang='lat' dir='ltr'>Pauli</span> <span class='ocrx_word' id='word_1_65' title='bbox 1286 650 1328 673; x_wconf 85' lang='lat' dir='ltr'>a·</span> 
     </span>
     <span class='ocr_line' id='line_1_10' title="bbox 214 688 1325 738; baseline -0.01 -1"><span class='ocrx_word' id='word_1_66' title='bbox 214 700 375 736; x_wconf 84' lang='lat' dir='ltr'>mussim</span> <span class='ocrx_word' id='word_1_67' title='bbox 407 699 444 735; x_wconf 90' lang='lat' dir='ltr'>id</span> <span class='ocrx_word' id='word_1_68' title='bbox 473 699 621 736; x_wconf 87' lang='lat' dir='ltr'>dictum</span> <span class='ocrx_word' id='word_1_69' title='bbox 651 710 726 734; x_wconf 87' lang='lat' dir='ltr'>esse</span> <span class='ocrx_word' id='word_1_70' title='bbox 756 696 920 733; x_wconf 81' lang='lat' dir='ltr'>fatetur.</span> <span class='ocrx_word' id='word_1_71' title='bbox 963 692 1040 730; x_wconf 81' lang='lat' dir='ltr'>Sed</span> <span class='ocrx_word' id='word_1_72' title='bbox 1078 693 1217 738; x_wconf 84' lang='lat' dir='ltr'>unius,</span> <span class='ocrx_word' id='word_1_73' title='bbox 1265 688 1325 727; x_wconf 88' lang='lat' dir='ltr'>vel</span> 
     </span>
    </p>
   </div>
   <div class='ocr_carea' id='block_1_3' title="bbox 215 742 1376 800">
    <p class='ocr_par' dir='ltr' id='par_1_4' title="bbox 215 742 1376 800">
     <span class='ocr_line' id='line_1_11' title="bbox 215 742 1376 800; baseline -0.01 -10"><span class='ocrx_word' id='word_1_74' title='bbox 215 752 372 790; x_wconf 85' lang='lat' dir='ltr'>alterius</span> <span class='ocrx_word' id='word_1_75' title='bbox 402 750 520 789; x_wconf 81' lang='lat' dir='ltr'>Patris</span> <span class='ocrx_word' id='word_1_76' title='bbox 548 751 710 789; x_wconf 72' lang='lat' dir='ltr'>obscura</span> <span class='ocrx_word' id='word_1_77' title='bbox 738 747 919 800; x_wconf 82' lang='lat' dir='ltr'>quaedain</span> <span class='ocrx_word' id='word_1_78' title='bbox 949 745 1162 783; x_wconf 86' lang='lat' dir='ltr'>testimonia</span> <span class='ocrx_word' id='word_1_79' title='bbox 1188 742 1329 781; x_wconf 83' lang='lat' dir='ltr'>verita-</span> <span class='ocrx_word' id='word_1_80' title='bbox 1373 786 1376 788; x_wconf 15' lang='lat' dir='ltr'>v</span> 
     </span>
    </p>
   </div>
   <div class='ocr_carea' id='block_1_4' title="bbox 206 794 1330 3094">
    <p class='ocr_par' dir='ltr' id='par_1_5' title="bbox 213 794 1330 950">
     <span class='ocr_line' id='line_1_12' title="bbox 215 794 1330 856; baseline -0.01 -13"><span class='ocrx_word' id='word_1_81' title='bbox 215 806 244 843; x_wconf 79' lang='lat' dir='ltr'>ti</span> <span class='ocrx_word' id='word_1_82' title='bbox 273 816 350 843; x_wconf 84' lang='lat' dir='ltr'>tam</span> <span class='ocrx_word' id='word_1_83' title='bbox 381 805 550 856; x_wconf 73' lang='lat' dir='ltr'>patenti,</span> <span class='ocrx_word' id='word_1_84' title='bbox 595 803 836 854; x_wconf 86' lang='lat' dir='ltr'>aliorumque</span> <span class='ocrx_word' id='word_1_85' title='bbox 865 799 1020 837; x_wconf 78' lang='lat' dir='ltr'>Patrum</span> <span class='ocrx_word' id='word_1_86' title='bbox 1057 798 1240 852; x_wconf 56' lang='lat' dir='ltr'>doctriuag</span> <span class='ocrx_word' id='word_1_87' title='bbox 1267 794 1330 832; x_wconf 80' lang='lat' dir='ltr'>‘lu-</span> 
     </span>
     <span class='ocr_line' id='line_1_13' title="bbox 215 848 1329 902; baseline -0.007 -9"><span class='ocrx_word' id='word_1_88' title='bbox 215 857 475 897; x_wconf 79' lang='lat' dir='ltr'>culentissime</span> <span class='ocrx_word' id='word_1_89' title='bbox 504 856 741 896; x_wconf 68' lang='lat' dir='ltr'>confirmatae</span> <span class='ocrx_word' id='word_1_90' title='bbox 768 852 926 892; x_wconf 81' lang='lat' dir='ltr'>nullum</span> <span class='ocrx_word' id='word_1_91' title='bbox 959 858 1114 902; x_wconf 83' lang='lat' dir='ltr'>possunt</span> <span class='ocrx_word' id='word_1_92' title='bbox 1140 848 1329 900; x_wconf 66' lang='lat' dir='ltr'>praejudi-</span> 
     </span>
     <span class='ocr_line' id='line_1_14' title="bbox 213 911 513 950; baseline -0.003 0"><span class='ocrx_word' id='word_1_93' title='bbox 213 913 320 950; x_wconf 81' lang='lat' dir='ltr'>cium</span> <span class='ocrx_word' id='word_1_94' title='bbox 349 911 486 949; x_wconf 79' lang='lat' dir='ltr'>afferre</span> <span class='ocrx_word' id='word_1_95' title='bbox 503 937 513 949; x_wconf 86' lang='lat'><strong>.</strong></span> 
     </span>
    </p>

    <p class='ocr_par' dir='ltr' id='par_1_6' title="bbox 207 955 1328 1544">
     <span class='ocr_line' id='line_1_15' title="bbox 269 955 1328 1018; baseline -0.011 -14"><span class='ocrx_word' id='word_1_96' title='bbox 269 967 335 1018; x_wconf 86' lang='lat'><strong>57.</strong></span> <span class='ocrx_word' id='word_1_97' title='bbox 362 966 457 1016; x_wconf 53' lang='grc' dir='ltr'><strong>ΟΜ.</strong></span> <span class='ocrx_word' id='word_1_98' title='bbox 487 963 527 1002; x_wconf 88' lang='grc'>6.</span> <span class='ocrx_word' id='word_1_99' title='bbox 569 971 699 1002; x_wconf 82' lang='lat' dir='ltr'>contra</span> <span class='ocrx_word' id='word_1_100' title='bbox 727 959 934 999; x_wconf 85' lang='lat' dir='ltr'>secundam</span> <span class='ocrx_word' id='word_1_101' title='bbox 964 957 1147 1009; x_wconf 77' lang='lat' dir='ltr'>proposit.</span> <span class='ocrx_word' id='word_1_102' title='bbox 1188 955 1328 994; x_wconf 74' lang='lat' dir='ltr'>Crede-</span> 
     </span>
     <span class='ocr_line' id='line_1_16' title="bbox 213 1008 1327 1067; baseline -0.009 -11"><span class='ocrx_word' id='word_1_103' title='bbox 213 1031 256 1057; x_wconf 75' lang='lat' dir='ltr'>re</span> <span class='ocrx_word' id='word_1_104' title='bbox 272 1049 282 1067; x_wconf 89' lang='lat'>‚</span> <span class='ocrx_word' id='word_1_105' title='bbox 313 1018 372 1057; x_wconf 87' lang='lat' dir='ltr'>vel</span> <span class='ocrx_word' id='word_1_106' title='bbox 397 1030 476 1057; x_wconf 83' lang='lat' dir='ltr'>non</span> <span class='ocrx_word' id='word_1_107' title='bbox 504 1017 656 1056; x_wconf 85' lang='lat' dir='ltr'>credere</span> <span class='ocrx_word' id='word_1_108' title='bbox 673 1045 683 1063; x_wconf 87' lang='lat'>,</span> <span class='ocrx_word' id='word_1_109' title='bbox 715 1016 752 1052; x_wconf 91' lang='lat' dir='ltr'>in</span> <span class='ocrx_word' id='word_1_110' title='bbox 782 1011 862 1051; x_wconf 83' lang='lat' dir='ltr'>sola</span> <span class='ocrx_word' id='word_1_111' title='bbox 886 1010 1063 1050; x_wconf 55' lang='lat' dir='ltr'>,libertate</span> <span class='ocrx_word' id='word_1_112' title='bbox 1092 1010 1207 1048; x_wconf 79' lang='lat' dir='ltr'>nostri</span> <span class='ocrx_word' id='word_1_113' title='bbox 1228 1008 1327 1047; x_wconf 84' lang='lat' dir='ltr'>libe-</span> 
     </span>
     <span class='ocr_line' id='line_1_17' title="bbox 211 1062 1323 1120; baseline -0.01 -10"><span class='ocrx_word' id='word_1_114' title='bbox 211 1074 247 1110; x_wconf 78' lang='lat' dir='ltr'>ri</span> <span class='ocrx_word' id='word_1_115' title='bbox 275 1072 428 1110; x_wconf 84' lang='lat' dir='ltr'>arbitrii</span> <span class='ocrx_word' id='word_1_116' title='bbox 449 1079 502 1109; x_wconf 85' lang='lat' dir='ltr'>est</span> <span class='ocrx_word' id='word_1_117' title='bbox 518 1100 528 1117; x_wconf 93' lang='lat'>,</span> <span class='ocrx_word' id='word_1_118' title='bbox 559 1067 856 1120; x_wconf 81' lang='lat' dir='ltr'>independenter</span> <span class='ocrx_word' id='word_1_119' title='bbox 876 1080 897 1103; x_wconf 89' lang='lat' dir='ltr'>a</span> <span class='ocrx_word' id='word_1_120' title='bbox 917 1065 1039 1116; x_wconf 84' lang='lat' dir='ltr'>gratia</span> <span class='ocrx_word' id='word_1_121' title='bbox 1054 1064 1153 1102; x_wconf 76' lang='lat' dir='ltr'>Deit</span> <span class='ocrx_word' id='word_1_122' title='bbox 1176 1062 1323 1102; x_wconf 80' lang='lat' dir='ltr'>dicitur</span> 
     </span>
     <span class='ocr_line' id='line_1_18' title="bbox 212 1115 1324 1174; baseline -0.007 -12"><span class='ocrx_word' id='word_1_123' title='bbox 212 1125 319 1162; x_wconf 84' lang='lat' dir='ltr'>enim</span> <span class='ocrx_word' id='word_1_124' title='bbox 348 1123 457 1162; x_wconf 80' lang='lat' dir='ltr'>Rom.</span> <span class='ocrx_word' id='word_1_125' title='bbox 480 1123 531 1161; x_wconf 85' lang='lat' dir='ltr'><strong>X.</strong></span> <span class='ocrx_word' id='word_1_126' title='bbox 557 1135 601 1174; x_wconf 82' lang='lat'><strong>9.</strong></span> <span class='ocrx_word' id='word_1_127' title='bbox 646 1121 688 1159; x_wconf 73' lang='lat' dir='ltr'>St</span> <span class='ocrx_word' id='word_1_128' title='bbox 717 1119 950 1173; x_wconf 70' lang='lat' dir='ltr'>confitearis</span> <span class='ocrx_word' id='word_1_129' title='bbox 978 1121 1020 1156; x_wconf 84' lang='lat' dir='ltr'>z&#39;n</span> <span class='ocrx_word' id='word_1_130' title='bbox 1049 1130 1118 1156; x_wconf 82' lang='lat' dir='ltr'>ore</span> <span class='ocrx_word' id='word_1_131' title='bbox 1145 1125 1212 1154; x_wconf 77' lang='lat' dir='ltr'>tuo</span> <span class='ocrx_word' id='word_1_132' title='bbox 1241 1115 1324 1154; x_wconf 82' lang='lat' dir='ltr'>Do-</span> 
     </span>
     <span class='ocr_line' id='line_1_19' title="bbox 211 1170 1323 1226; baseline -0.005 -12"><span class='ocrx_word' id='word_1_133' title='bbox 211 1180 369 1214; x_wconf 76' lang='lat' dir='ltr'>minum</span> <span class='ocrx_word' id='word_1_134' title='bbox 386 1208 395 1226; x_wconf 82' lang='lat'>‚</span> <span class='ocrx_word' id='word_1_135' title='bbox 425 1176 474 1217; x_wconf 57' lang='grc' dir='ltr'><strong><em>ὠ</em></strong></span> <span class='ocrx_word' id='word_1_136' title='bbox 504 1179 545 1213; x_wconf 84' lang='lat' dir='ltr'>in</span> <span class='ocrx_word' id='word_1_137' title='bbox 575 1175 692 1214; x_wconf 74' lang='lat' dir='ltr'>corde</span> <span class='ocrx_word' id='word_1_138' title='bbox 719 1183 786 1213; x_wconf 77' lang='lat' dir='ltr'>tuo</span> <span class='ocrx_word' id='word_1_139' title='bbox 805 1171 1020 1212; x_wconf 68' lang='lat' dir='ltr'>credideris</span> <span class='ocrx_word' id='word_1_140' title='bbox 1037 1197 1047 1210; x_wconf 92' lang='lat'><strong>.</strong></span> <span class='ocrx_word' id='word_1_141' title='bbox 1065 1196 1076 1208; x_wconf 92' lang='lat'><strong>.</strong></span> <span class='ocrx_word' id='word_1_142' title='bbox 1092 1197 1103 1210; x_wconf 95' lang='lat'><strong>.</strong></span> <span class='ocrx_word' id='word_1_143' title='bbox 1132 1170 1263 1209; x_wconf 61' lang='lat' dir='ltr'>salvus</span> <span class='ocrx_word' id='word_1_144' title='bbox 1284 1183 1323 1208; x_wconf 85' lang='lat' dir='ltr'>e-</span> 
     </span>
     <span class='ocr_line' id='line_1_20' title="bbox 209 1223 1326 1277; baseline -0.004 -10"><span class='ocrx_word' id='word_1_145' title='bbox 209 1235 291 1269; x_wconf 69' lang='lat' dir='ltr'>ris.</span> <span class='ocrx_word' id='word_1_146' title='bbox 336 1230 416 1269; x_wconf 85' lang='lat' dir='ltr'>Ubi</span> <span class='ocrx_word' id='word_1_147' title='bbox 445 1228 641 1269; x_wconf 81' lang='lat' dir='ltr'>antithesis</span> <span class='ocrx_word' id='word_1_148' title='bbox 669 1229 712 1267; x_wconf 85' lang='lat' dir='ltr'>fit</span> <span class='ocrx_word' id='word_1_149' title='bbox 741 1231 837 1266; x_wconf 85' lang='lat' dir='ltr'>iuter</span> <span class='ocrx_word' id='word_1_150' title='bbox 865 1225 991 1273; x_wconf 88' lang='lat' dir='ltr'>illud,</span> <span class='ocrx_word' id='word_1_151' title='bbox 1029 1224 1135 1277; x_wconf 83' lang='lat' dir='ltr'>quod</span> <span class='ocrx_word' id='word_1_152' title='bbox 1163 1238 1185 1261; x_wconf 74' lang='lat' dir='ltr'>a</span> <span class='ocrx_word' id='word_1_153' title='bbox 1214 1223 1326 1262; x_wconf 86' lang='lat' dir='ltr'>nobis</span> 
     </span>
     <span class='ocr_line' id='line_1_21' title="bbox 207 1277 1324 1335; baseline -0.006 -14"><span class='ocrx_word' id='word_1_154' title='bbox 207 1284 470 1335; x_wconf 66' lang='lat' dir='ltr'>praestandum</span> <span class='ocrx_word' id='word_1_155' title='bbox 499 1292 576 1331; x_wconf 85' lang='lat' dir='ltr'>est,</span> <span class='ocrx_word' id='word_1_156' title='bbox 605 1282 640 1319; x_wconf 87' lang='lat'>&amp;</span> <span class='ocrx_word' id='word_1_157' title='bbox 671 1280 768 1320; x_wconf 88' lang='lat' dir='ltr'>illud</span> <span class='ocrx_word' id='word_1_158' title='bbox 789 1311 799 1329; x_wconf 89' lang='lat'>,</span> <span class='ocrx_word' id='word_1_159' title='bbox 838 1279 944 1332; x_wconf 34' lang='lat' dir='ltr'>&#39;quod</span> <span class='ocrx_word' id='word_1_160' title='bbox 973 1287 1025 1317; x_wconf 87' lang='lat' dir='ltr'>est</span> <span class='ocrx_word' id='word_1_161' title='bbox 1054 1292 1076 1315; x_wconf 83' lang='lat' dir='ltr'>a</span> <span class='ocrx_word' id='word_1_162' title='bbox 1104 1277 1188 1317; x_wconf 91' lang='lat' dir='ltr'>Deo</span> <span class='ocrx_word' id='word_1_163' title='bbox 1217 1278 1324 1314; x_wconf 86' lang='lat' dir='ltr'>retri-</span> 
     </span>
     <span class='ocr_line' id='line_1_22' title="bbox 208 1330 1326 1388; baseline -0.008 -13"><span class='ocrx_word' id='word_1_164' title='bbox 208 1337 433 1383; x_wconf 80' lang='lat' dir='ltr'>buendum3</span> <span class='ocrx_word' id='word_1_165' title='bbox 477 1336 512 1373; x_wconf 78' lang='lat' dir='ltr'>8t</span> <span class='ocrx_word' id='word_1_166' title='bbox 541 1334 865 1388; x_wconf 63' lang='lat' dir='ltr'>quemadmodum</span> <span class='ocrx_word' id='word_1_167' title='bbox 894 1334 1034 1371; x_wconf 83' lang='lat' dir='ltr'>frustra</span> <span class='ocrx_word' id='word_1_168' title='bbox 1063 1330 1163 1370; x_wconf 84' lang='lat' dir='ltr'>salus</span> <span class='ocrx_word' id='word_1_169' title='bbox 1192 1344 1213 1368; x_wconf 84' lang='lat' dir='ltr'>a</span> <span class='ocrx_word' id='word_1_170' title='bbox 1243 1330 1326 1368; x_wconf 88' lang='lat' dir='ltr'>Deo</span> 
     </span>
     <span class='ocr_line' id='line_1_23' title="bbox 208 1384 1322 1443; baseline -0.007 -15"><span class='ocrx_word' id='word_1_171' title='bbox 208 1392 518 1443; x_wconf 80' lang='lat' dir='ltr'>promitteretur,</span> <span class='ocrx_word' id='word_1_172' title='bbox 543 1391 578 1427; x_wconf 64' lang='lat' dir='ltr'>&gt;si</span> <span class='ocrx_word' id='word_1_173' title='bbox 608 1391 647 1428; x_wconf 83' lang='lat' dir='ltr'>in</span> <span class='ocrx_word' id='word_1_174' title='bbox 679 1398 803 1426; x_wconf 76' lang='lat' dir='ltr'>nostra</span> <span class='ocrx_word' id='word_1_175' title='bbox 834 1395 925 1425; x_wconf 81' lang='lat' dir='ltr'>esset</span> <span class='ocrx_word' id='word_1_176' title='bbox 953 1393 1160 1438; x_wconf 78' lang='lat' dir='ltr'>potestate,</span> <span class='ocrx_word' id='word_1_177' title='bbox 1190 1385 1243 1422; x_wconf 76' lang='lat' dir='ltr'>ita</span> <span class='ocrx_word' id='word_1_178' title='bbox 1273 1384 1322 1421; x_wconf 85' lang='lat' dir='ltr'>ab</span> 
     </span>
     <span class='ocr_line' id='line_1_24' title="bbox 209 1437 1323 1496; baseline -0.007 -15"><span class='ocrx_word' id='word_1_179' title='bbox 209 1445 381 1496; x_wconf 85' lang='lat' dir='ltr'>opposito</span> <span class='ocrx_word' id='word_1_180' title='bbox 410 1445 550 1481; x_wconf 82' lang='lat' dir='ltr'>frustra</span> <span class='ocrx_word' id='word_1_181' title='bbox 579 1457 601 1479; x_wconf 85' lang='lat' dir='ltr'>a</span> <span class='ocrx_word' id='word_1_182' title='bbox 630 1442 737 1479; x_wconf 85' lang='lat' dir='ltr'>nobis</span> <span class='ocrx_word' id='word_1_183' title='bbox 767 1443 978 1491; x_wconf 76' lang='lat' dir='ltr'>exigeretur</span> <span class='ocrx_word' id='word_1_184' title='bbox 1008 1438 1128 1484; x_wconf 81' lang='lat' dir='ltr'>fides,</span> <span class='ocrx_word' id='word_1_185' title='bbox 1158 1437 1189 1473; x_wconf 72' lang='lat' dir='ltr'>si</span> <span class='ocrx_word' id='word_1_186' title='bbox 1219 1449 1323 1474; x_wconf 84' lang='lat' dir='ltr'>ano-</span> 
     </span>
     <span class='ocr_line' id='line_1_25' title="bbox 208 1496 1193 1544; baseline -0.01 -9"><span class='ocrx_word' id='word_1_187' title='bbox 208 1506 283 1535; x_wconf 73' lang='lat' dir='ltr'>stro</span> <span class='ocrx_word' id='word_1_188' title='bbox 314 1496 436 1534; x_wconf 85' lang='lat' dir='ltr'>libero</span> <span class='ocrx_word' id='word_1_189' title='bbox 464 1496 624 1533; x_wconf 86' lang='lat' dir='ltr'>arbitrio</span> <span class='ocrx_word' id='word_1_190' title='bbox 653 1503 728 1530; x_wconf 86' lang='lat' dir='ltr'>tota</span> <span class='ocrx_word' id='word_1_191' title='bbox 758 1506 939 1544; x_wconf 78' lang='lat' dir='ltr'>suspensa</span> <span class='ocrx_word' id='word_1_192' title='bbox 968 1503 1041 1528; x_wconf 85' lang='lat' dir='ltr'>non</span> <span class='ocrx_word' id='word_1_193' title='bbox 1073 1497 1193 1527; x_wconf 83' lang='lat' dir='ltr'>esset.</span> 
     </span>
    </p>

    <p class='ocr_par' dir='ltr' id='par_1_7' title="bbox 206 1541 1326 2237">
     <span class='ocr_line' id='line_1_26' title="bbox 263 1541 1323 1598; baseline -0.007 -11"><span class='ocrx_word' id='word_1_194' title='bbox 263 1549 328 1587; x_wconf 78' lang='lat'><strong>58.</strong></span> <span class='ocrx_word' id='word_1_195' title='bbox 358 1549 470 1598; x_wconf 76' lang='lat' dir='ltr'>Resp-</span> <span class='ocrx_word' id='word_1_196' title='bbox 497 1549 600 1585; x_wconf 85' lang='lat' dir='ltr'>Cum</span> <span class='ocrx_word' id='word_1_197' title='bbox 628 1546 671 1584; x_wconf 83' lang='lat' dir='ltr'><strong>S.</strong></span> <span class='ocrx_word' id='word_1_198' title='bbox 702 1545 856 1583; x_wconf 80' lang='lat' dir='ltr'>Thoma</span> <span class='ocrx_word' id='word_1_199' title='bbox 895 1547 965 1594; x_wconf 81' lang='lat'><strong>(2.</strong></span> <span class='ocrx_word' id='word_1_200' title='bbox 984 1557 1021 1582; x_wconf 84' lang='lat'><strong>2.</strong></span> <span class='ocrx_word' id='word_1_201' title='bbox 1051 1557 1090 1595; x_wconf 90' lang='lat' dir='ltr'>q.</span> <span class='ocrx_word' id='word_1_202' title='bbox 1111 1541 1150 1579; x_wconf 88' lang='grc'>6.</span> <span class='ocrx_word' id='word_1_203' title='bbox 1179 1549 1251 1580; x_wconf 84' lang='lat' dir='ltr'>art.</span> <span class='ocrx_word' id='word_1_204' title='bbox 1287 1554 1323 1580; x_wconf 79' lang='lat' dir='ltr'>r.</span> 
     </span>
     <span class='ocr_line' id='line_1_27' title="bbox 206 1595 1324 1651; baseline -0.008 -10"><span class='ocrx_word' id='word_1_205' title='bbox 206 1602 253 1641; x_wconf 75' lang='lat' dir='ltr'>ad</span> <span class='ocrx_word' id='word_1_206' title='bbox 286 1602 389 1649; x_wconf 81' lang='lat'><strong>5.:„</strong></span> <span class='ocrx_word' id='word_1_207' title='bbox 414 1599 582 1639; x_wconf 58' lang='lat' dir='ltr'>&gt;Credere</span> <span class='ocrx_word' id='word_1_208' title='bbox 611 1599 768 1651; x_wconf 84' lang='lat' dir='ltr'>quidem</span> <span class='ocrx_word' id='word_1_209' title='bbox 798 1599 838 1635; x_wconf 78' lang='lat' dir='ltr'>in</span> <span class='ocrx_word' id='word_1_210' title='bbox 866 1597 1059 1636; x_wconf 82' lang='lat' dir='ltr'>voluntate</span> <span class='ocrx_word' id='word_1_211' title='bbox 1087 1595 1324 1638; x_wconf 83' lang='lat' dir='ltr'>credentium</span> 
     </span>
     <span class='ocr_line' id='line_1_28' title="bbox 209 1649 1323 1705; baseline -0.007 -12"><span class='ocrx_word' id='word_1_212' title='bbox 209 1685 236 1704; x_wconf 88' lang='lat'>,‚</span> <span class='ocrx_word' id='word_1_213' title='bbox 265 1655 452 1703; x_wconf 73' lang='lat' dir='ltr'>consistit,</span> <span class='ocrx_word' id='word_1_214' title='bbox 469 1655 530 1692; x_wconf 81' lang='lat' dir='ltr'>sed</span> <span class='ocrx_word' id='word_1_215' title='bbox 550 1661 716 1705; x_wconf 84' lang='lat' dir='ltr'>opo-rtet,</span> <span class='ocrx_word' id='word_1_216' title='bbox 731 1652 833 1704; x_wconf 88' lang='lat' dir='ltr'>quod</span> <span class='ocrx_word' id='word_1_217' title='bbox 850 1650 1023 1690; x_wconf 72' lang='lat' dir='ltr'>voluntas</span> <span class='ocrx_word' id='word_1_218' title='bbox 1036 1649 1208 1688; x_wconf 69' lang='lat' dir='ltr'>hominis</span> <span class='ocrx_word' id='word_1_219' title='bbox 1223 1661 1323 1700; x_wconf 83' lang='lat' dir='ltr'>prae-</span> 
     </span>
     <span class='ocr_line' id='line_1_29' title="bbox 209 1700 1325 1761; baseline -0.008 -14"><span class='ocrx_word' id='word_1_220' title='bbox 209 1739 234 1758; x_wconf 82' lang='lat'>,‚</span> <span class='ocrx_word' id='word_1_221' title='bbox 263 1717 418 1761; x_wconf 84' lang='lat' dir='ltr'>paretur</span> <span class='ocrx_word' id='word_1_222' title='bbox 446 1723 469 1745; x_wconf 83' lang='lat' dir='ltr'>a</span> <span class='ocrx_word' id='word_1_223' title='bbox 498 1707 580 1745; x_wconf 85' lang='lat' dir='ltr'>Deo</span> <span class='ocrx_word' id='word_1_224' title='bbox 609 1720 677 1758; x_wconf 89' lang='lat' dir='ltr'>per</span> <span class='ocrx_word' id='word_1_225' title='bbox 705 1706 866 1757; x_wconf 79' lang='lat' dir='ltr'>gratiam</span> <span class='ocrx_word' id='word_1_226' title='bbox 895 1704 943 1742; x_wconf 84' lang='lat' dir='ltr'>ad</span> <span class='ocrx_word' id='word_1_227' title='bbox 974 1702 1044 1741; x_wconf 89' lang='lat' dir='ltr'>hoc</span> <span class='ocrx_word' id='word_1_228' title='bbox 1063 1732 1076 1750; x_wconf 90' lang='lat'>,</span> <span class='ocrx_word' id='word_1_229' title='bbox 1112 1701 1217 1754; x_wconf 87' lang='lat' dir='ltr'>quod</span> <span class='ocrx_word' id='word_1_230' title='bbox 1244 1700 1325 1739; x_wconf 82' lang='lat' dir='ltr'>ele-</span> 
     </span>
     <span class='ocr_line' id='line_1_30' title="bbox 210 1754 1325 1811; baseline -0.006 -12"><span class='ocrx_word' id='word_1_231' title='bbox 210 1791 237 1810; x_wconf 81' lang='lat'><strong>„</strong></span> <span class='ocrx_word' id='word_1_232' title='bbox 268 1770 375 1799; x_wconf 87' lang='lat' dir='ltr'>vetur</span> <span class='ocrx_word' id='word_1_233' title='bbox 404 1763 443 1799; x_wconf 89' lang='lat' dir='ltr'>in</span> <span class='ocrx_word' id='word_1_234' title='bbox 473 1774 543 1808; x_wconf 82' lang='lat' dir='ltr'>ea,</span> <span class='ocrx_word' id='word_1_235' title='bbox 587 1773 678 1811; x_wconf 83' lang='lat' dir='ltr'>quae</span> <span class='ocrx_word' id='word_1_236' title='bbox 706 1766 792 1797; x_wconf 84' lang='lat' dir='ltr'>sunt</span> <span class='ocrx_word' id='word_1_237' title='bbox 821 1770 936 1808; x_wconf 85' lang='lat' dir='ltr'>supra</span> <span class='ocrx_word' id='word_1_238' title='bbox 962 1764 1139 1795; x_wconf 81' lang='lat' dir='ltr'>naturam</span> <span class='ocrx_word' id='word_1_239' title='bbox 1157 1780 1168 1793; x_wconf 90' lang='lat'><strong>.</strong></span> <span class='ocrx_word' id='word_1_240' title='bbox 1211 1754 1325 1793; x_wconf 71' lang='lat' dir='ltr'>Idem</span> 
     </span>
     <span class='ocr_line' id='line_1_31' title="bbox 265 1807 1323 1864; baseline -0.006 -12"><span class='ocrx_word' id='word_1_241' title='bbox 265 1824 392 1852; x_wconf 74' lang='lat' dir='ltr'>antea</span> <span class='ocrx_word' id='word_1_242' title='bbox 421 1813 611 1851; x_wconf 72' lang='lat' dir='ltr'>docuerat</span> <span class='ocrx_word' id='word_1_243' title='bbox 641 1812 683 1850; x_wconf 87' lang='lat' dir='ltr'><strong>S.</strong></span> <span class='ocrx_word' id='word_1_244' title='bbox 715 1812 815 1864; x_wconf 78' lang='lat' dir='ltr'>Aug.</span> <span class='ocrx_word' id='word_1_245' title='bbox 846 1813 1060 1861; x_wconf 65' lang='lat' dir='ltr'>inquiens-,³</span> <span class='ocrx_word' id='word_1_246' title='bbox 1087 1809 1181 1860; x_wconf 85' lang='lat' dir='ltr'>(De</span> <span class='ocrx_word' id='word_1_247' title='bbox 1196 1807 1323 1847; x_wconf 78' lang='lat' dir='ltr'>Praed.</span> 
     </span>
     <span class='ocr_line' id='line_1_32' title="bbox 264 1863 1322 1918; baseline -0.008 -11"><span class='ocrx_word' id='word_1_248' title='bbox 264 1868 334 1907; x_wconf 83' lang='lat' dir='ltr'><strong>SS.</strong></span> <span class='ocrx_word' id='word_1_249' title='bbox 362 1880 459 1918; x_wconf 79' lang='lat' dir='ltr'>cap.</span> <span class='ocrx_word' id='word_1_250' title='bbox 476 1867 518 1905; x_wconf 86' lang='grc'><strong>6.</strong></span> <span class='ocrx_word' id='word_1_251' title='bbox 538 1866 572 1914; x_wconf 83' lang='grc'>);</span> <span class='ocrx_word' id='word_1_252' title='bbox 605 1865 723 1904; x_wconf 85' lang='lat' dir='ltr'>Multi</span> <span class='ocrx_word' id='word_1_253' title='bbox 753 1865 914 1903; x_wconf 81' lang='lat' dir='ltr'>audiunt</span> <span class='ocrx_word' id='word_1_254' title='bbox 939 1863 1107 1903; x_wconf 73' lang='lat' dir='ltr'>verbum</span> <span class='ocrx_word' id='word_1_255' title='bbox 1126 1863 1294 1901; x_wconf 84' lang='lat' dir='ltr'>veritatis</span> <span class='ocrx_word' id='word_1_256' title='bbox 1311 1893 1322 1911; x_wconf 92' lang='lat'>,</span> 
     </span>
     <span class='ocr_line' id='line_1_33' title="bbox 265 1915 1324 1968; baseline -0.007 -8"><span class='ocrx_word' id='word_1_257' title='bbox 265 1922 328 1960; x_wconf 86' lang='lat' dir='ltr'>sed</span> <span class='ocrx_word' id='word_1_258' title='bbox 357 1920 427 1959; x_wconf 81' lang='lat' dir='ltr'>alii</span> <span class='ocrx_word' id='word_1_259' title='bbox 456 1921 638 1967; x_wconf 86' lang='lat' dir='ltr'>credunt,</span> <span class='ocrx_word' id='word_1_260' title='bbox 667 1918 736 1958; x_wconf 82' lang='lat' dir='ltr'>alii</span> <span class='ocrx_word' id='word_1_261' title='bbox 753 1918 1042 1957; x_wconf 81' lang='lat' dir='ltr'>contradicunt.</span> <span class='ocrx_word' id='word_1_262' title='bbox 1073 1915 1218 1954; x_wconf 88' lang='lat' dir='ltr'>Volunt</span> <span class='ocrx_word' id='word_1_263' title='bbox 1237 1929 1324 1968; x_wconf 81' lang='lat' dir='ltr'>ergo</span> 
     </span>
     <span class='ocr_line' id='line_1_34' title="bbox 210 1968 1324 2024; baseline -0.006 -11"><span class='ocrx_word' id='word_1_264' title='bbox 210 2004 236 2024; x_wconf 89' lang='lat'><strong>„</strong></span> <span class='ocrx_word' id='word_1_265' title='bbox 266 1976 327 2013; x_wconf 84' lang='lat' dir='ltr'>isti</span> <span class='ocrx_word' id='word_1_266' title='bbox 355 1975 511 2013; x_wconf 80' lang='lat' dir='ltr'>credere</span> <span class='ocrx_word' id='word_1_267' title='bbox 528 2004 538 2021; x_wconf 85' lang='lat'>,</span> <span class='ocrx_word' id='word_1_268' title='bbox 566 1973 703 2012; x_wconf 84' lang='lat' dir='ltr'>nolunt</span> <span class='ocrx_word' id='word_1_269' title='bbox 731 1981 858 2010; x_wconf 84' lang='lat' dir='ltr'>autem</span> <span class='ocrx_word' id='word_1_270' title='bbox 889 1969 978 2009; x_wconf 85' lang='lat' dir='ltr'>illi.</span> <span class='ocrx_word' id='word_1_271' title='bbox 1002 1968 1197 2018; x_wconf 68' lang='lat' dir='ltr'>‘Quis&#39;lioc</span> <span class='ocrx_word' id='word_1_272' title='bbox 1218 1970 1324 2021; x_wconf 83' lang='lat' dir='ltr'>igno-</span> 
     </span>
     <span class='ocr_line' id='line_1_35' title="bbox 210 2023 1326 2078; baseline -0.004 -12"><span class='ocrx_word' id='word_1_273' title='bbox 210 2057 237 2077; x_wconf 82' lang='lat'><strong>„</strong></span> <span class='ocrx_word' id='word_1_274' title='bbox 266 2026 351 2066; x_wconf 72' lang='lat' dir='ltr'>ret?</span> <span class='ocrx_word' id='word_1_275' title='bbox 380 2028 478 2075; x_wconf 79' lang='lat' dir='ltr'>Quis</span> <span class='ocrx_word' id='word_1_276' title='bbox 507 2027 578 2065; x_wconf 88' lang='lat' dir='ltr'>hoc</span> <span class='ocrx_word' id='word_1_277' title='bbox 607 2024 742 2078; x_wconf 75' lang='lat' dir='ltr'>neget?</span> <span class='ocrx_word' id='word_1_278' title='bbox 772 2024 847 2064; x_wconf 86' lang='lat' dir='ltr'>Sed</span> <span class='ocrx_word' id='word_1_279' title='bbox 874 2038 966 2063; x_wconf 86' lang='lat' dir='ltr'>cum</span> <span class='ocrx_word' id='word_1_280' title='bbox 985 2023 1070 2062; x_wconf 82' lang='lat' dir='ltr'>aliis</span> <span class='ocrx_word' id='word_1_281' title='bbox 1087 2032 1326 2075; x_wconf 77' lang='lat' dir='ltr'>praeparetur</span> 
     </span>
     <span class='ocr_line' id='line_1_36' title="bbox 208 2078 1322 2130; baseline -0.004 -10"><span class='ocrx_word' id='word_1_282' title='bbox 208 2110 236 2130; x_wconf 87' lang='lat'><strong>„</strong></span> <span class='ocrx_word' id='word_1_283' title='bbox 265 2080 436 2120; x_wconf 87' lang='lat' dir='ltr'>voluutas</span> <span class='ocrx_word' id='word_1_284' title='bbox 465 2095 489 2118; x_wconf 79' lang='lat' dir='ltr'>a</span> <span class='ocrx_word' id='word_1_285' title='bbox 517 2080 711 2127; x_wconf 85' lang='lat' dir='ltr'>Domino,</span> <span class='ocrx_word' id='word_1_286' title='bbox 744 2078 1045 2118; x_wconf 78' lang='lat' dir='ltr'>discernendum</span> <span class='ocrx_word' id='word_1_287' title='bbox 1076 2078 1213 2128; x_wconf 83' lang='lat' dir='ltr'>utique</span> <span class='ocrx_word' id='word_1_288' title='bbox 1243 2085 1322 2126; x_wconf 88' lang='lat' dir='ltr'>est,</span> 
     </span>
     <span class='ocr_line' id='line_1_37' title="bbox 209 2129 1323 2187; baseline -0.003 -15"><span class='ocrx_word' id='word_1_289' title='bbox 209 2163 236 2184; x_wconf 91' lang='lat'>„</span> <span class='ocrx_word' id='word_1_290' title='bbox 266 2134 359 2187; x_wconf 88' lang='lat' dir='ltr'>quid</span> <span class='ocrx_word' id='word_1_291' title='bbox 388 2134 517 2172; x_wconf 80' lang='lat' dir='ltr'>veniat</span> <span class='ocrx_word' id='word_1_292' title='bbox 543 2133 591 2171; x_wconf 86' lang='lat' dir='ltr'>de</span> <span class='ocrx_word' id='word_1_293' title='bbox 618 2132 882 2172; x_wconf 79' lang='lat' dir='ltr'>misericordia</span> <span class='ocrx_word' id='word_1_294' title='bbox 906 2130 993 2182; x_wconf 83' lang='lat' dir='ltr'>ejus</span> <span class='ocrx_word' id='word_1_295' title='bbox 1013 2159 1025 2180; x_wconf 91' lang='lat'>,</span> <span class='ocrx_word' id='word_1_296' title='bbox 1057 2129 1232 2183; x_wconf 84' lang='lat' dir='ltr'>quidde</span> <span class='ocrx_word' id='word_1_297' title='bbox 1260 2130 1323 2181; x_wconf 79' lang='lat' dir='ltr'>ju·</span> 
     </span>
     <span class='ocr_line' id='line_1_38' title="bbox 207 2187 440 2237; baseline 0 -11"><span class='ocrx_word' id='word_1_298' title='bbox 207 2217 236 2237; x_wconf 87' lang='lat'><strong>„</strong></span> <span class='ocrx_word' id='word_1_299' title='bbox 263 2187 366 2226; x_wconf 86' lang='lat' dir='ltr'>dicio</span> <span class='ocrx_word' id='word_1_300' title='bbox 386 2189 412 2209; x_wconf 70' lang='lat'>‘⁶</span> <span class='ocrx_word' id='word_1_301' title='bbox 428 2213 440 2226; x_wconf 84' lang='lat'><strong>.</strong></span> 
     </span>
    </p>

    <p class='ocr_par' dir='ltr' id='par_1_8' title="bbox 208 2236 1327 2875">
     <span class='ocr_line' id='line_1_39' title="bbox 266 2236 1322 2292; baseline -0.002 -14"><span class='ocrx_word' id='word_1_302' title='bbox 266 2241 331 2292; x_wconf 82' lang='lat'><strong>59.</strong></span> <span class='ocrx_word' id='word_1_303' title='bbox 361 2241 420 2278; x_wconf 86' lang='lat' dir='ltr'>Ad</span> <span class='ocrx_word' id='word_1_304' title='bbox 447 2239 572 2289; x_wconf 87' lang='lat' dir='ltr'>illud,</span> <span class='ocrx_word' id='word_1_305' title='bbox 601 2239 704 2292; x_wconf 82' lang='lat' dir='ltr'>quod</span> <span class='ocrx_word' id='word_1_306' title='bbox 732 2238 909 2279; x_wconf 81' lang='lat' dir='ltr'>subditur</span> <span class='ocrx_word' id='word_1_307' title='bbox 937 2251 982 2277; x_wconf 81' lang='lat' dir='ltr'>ex</span> <span class='ocrx_word' id='word_1_308' title='bbox 1014 2236 1194 2290; x_wconf 78' lang='lat' dir='ltr'>Apostolo</span> <span class='ocrx_word' id='word_1_309' title='bbox 1214 2268 1224 2287; x_wconf 92' lang='lat'>,</span> <span class='ocrx_word' id='word_1_310' title='bbox 1254 2237 1322 2277; x_wconf 89' lang='lat' dir='ltr'>ite·</span> 
     </span>
     <span class='ocr_line' id='line_1_40' title="bbox 208 2290 1323 2345; baseline 0 -15"><span class='ocrx_word' id='word_1_311' title='bbox 208 2305 297 2331; x_wconf 85' lang='lat' dir='ltr'>rum</span> <span class='ocrx_word' id='word_1_312' title='bbox 324 2294 521 2345; x_wconf 74' lang='lat' dir='ltr'>respondet</span> <span class='ocrx_word' id='word_1_313' title='bbox 547 2295 649 2332; x_wconf 86' lang='lat' dir='ltr'>idem</span> <span class='ocrx_word' id='word_1_314' title='bbox 678 2293 719 2331; x_wconf 94' lang='lat' dir='ltr'>S.</span> <span class='ocrx_word' id='word_1_315' title='bbox 750 2296 907 2344; x_wconf 80' lang='lat' dir='ltr'>August.</span> <span class='ocrx_word' id='word_1_316' title='bbox 951 2290 1087 2344; x_wconf 83' lang='lat' dir='ltr'>(laud.</span> <span class='ocrx_word' id='word_1_317' title='bbox 1117 2290 1207 2330; x_wconf 81' lang='lat' dir='ltr'>Lib.</span> <span class='ocrx_word' id='word_1_318' title='bbox 1236 2305 1323 2345; x_wconf 87' lang='lat' dir='ltr'>cap.</span> 
     </span>
     <span class='ocr_line' id='line_1_41' title="bbox 216 2343 1323 2398; baseline -0.002 -14"><span class='ocrx_word' id='word_1_319' title='bbox 216 2347 334 2395; x_wconf 85' lang='lat'><strong>11.),</strong></span> <span class='ocrx_word' id='word_1_320' title='bbox 373 2355 580 2398; x_wconf 84' lang='lat' dir='ltr'>utrumque</span> <span class='ocrx_word' id='word_1_321' title='bbox 609 2360 686 2383; x_wconf 84' lang='lat' dir='ltr'>esse</span> <span class='ocrx_word' id='word_1_322' title='bbox 715 2347 859 2385; x_wconf 85' lang='lat' dir='ltr'>donum</span> <span class='ocrx_word' id='word_1_323' title='bbox 887 2345 989 2393; x_wconf 82' lang='lat' dir='ltr'>Dei,</span> <span class='ocrx_word' id='word_1_324' title='bbox 1020 2343 1053 2380; x_wconf 79' lang='grc'>8(</span> <span class='ocrx_word' id='word_1_325' title='bbox 1082 2345 1183 2397; x_wconf 83' lang='lat' dir='ltr'>quod</span> <span class='ocrx_word' id='word_1_326' title='bbox 1210 2343 1323 2396; x_wconf 81' lang='lat' dir='ltr'>:jube-</span> 
     </span>
     <span class='ocr_line' id='line_1_42' title="bbox 213 2398 1324 2452; baseline -0.001 -14"><span class='ocrx_word' id='word_1_327' title='bbox 213 2408 274 2439; x_wconf 83' lang='lat' dir='ltr'>tur</span> <span class='ocrx_word' id='word_1_328' title='bbox 292 2430 303 2449; x_wconf 91' lang='lat'>,</span> <span class='ocrx_word' id='word_1_329' title='bbox 333 2398 367 2435; x_wconf 82' lang='grc'>8(</span> <span class='ocrx_word' id='word_1_330' title='bbox 396 2400 497 2452; x_wconf 83' lang='lat' dir='ltr'>quod</span> <span class='ocrx_word' id='word_1_331' title='bbox 516 2400 764 2450; x_wconf 79' lang='lat' dir='ltr'>promittitur:</span> <span class='ocrx_word' id='word_1_332' title='bbox 793 2400 891 2437; x_wconf 83' lang='lat' dir='ltr'>unde</span> <span class='ocrx_word' id='word_1_333' title='bbox 907 2412 1058 2449; x_wconf 84' lang='lat' dir='ltr'>semper</span> <span class='ocrx_word' id='word_1_334' title='bbox 1077 2399 1324 2450; x_wconf 84' lang='lat' dir='ltr'>repetendum</span> 
     </span>
     <span class='ocr_line' id='line_1_43' title="bbox 212 2449 1324 2505; baseline -0.001 -14"><span class='ocrx_word' id='word_1_335' title='bbox 212 2463 266 2491; x_wconf 81' lang='lat' dir='ltr'>est</span> <span class='ocrx_word' id='word_1_336' title='bbox 293 2466 383 2491; x_wconf 88' lang='lat' dir='ltr'>cum</span> <span class='ocrx_word' id='word_1_337' title='bbox 411 2453 547 2490; x_wconf 86' lang='lat' dir='ltr'>eodem</span> <span class='ocrx_word' id='word_1_338' title='bbox 576 2453 617 2491; x_wconf 89' lang='lat' dir='ltr'><strong>S.</strong></span> <span class='ocrx_word' id='word_1_339' title='bbox 633 2452 795 2490; x_wconf 90' lang='lat' dir='ltr'>Doctore</span> <span class='ocrx_word' id='word_1_340' title='bbox 826 2453 946 2503; x_wconf 80' lang='lat' dir='ltr'>(Lib.</span> <span class='ocrx_word' id='word_1_341' title='bbox 961 2453 1014 2491; x_wconf 88' lang='lat' dir='ltr'><strong>X.</strong></span> <span class='ocrx_word' id='word_1_342' title='bbox 1040 2449 1221 2504; x_wconf 81' lang='lat' dir='ltr'>Confess.</span> <span class='ocrx_word' id='word_1_343' title='bbox 1236 2466 1324 2505; x_wconf 86' lang='lat' dir='ltr'>cap.</span> 
     </span>
     <span class='ocr_line' id='line_1_44' title="bbox 211 2504 1325 2558; baseline -0.001 -13"><span class='ocrx_word' id='word_1_344' title='bbox 211 2508 278 2546; x_wconf 79' lang='lat'>31.</span> <span class='ocrx_word' id='word_1_345' title='bbox 295 2505 310 2554; x_wconf 92' lang='lat'>)</span> <span class='ocrx_word' id='word_1_346' title='bbox 328 2537 338 2554; x_wconf 90' lang='lat'>,</span> <span class='ocrx_word' id='word_1_347' title='bbox 368 2505 547 2544; x_wconf 80' lang='lat' dir='ltr'>Domine</span> <span class='ocrx_word' id='word_1_348' title='bbox 566 2536 577 2554; x_wconf 89' lang='lat'>‚</span> <span class='ocrx_word' id='word_1_349' title='bbox 607 2505 661 2544; x_wconf 71' lang='lat' dir='ltr'>du,</span> <span class='ocrx_word' id='word_1_350' title='bbox 680 2536 690 2553; x_wconf 90' lang='lat'>‚</span> <span class='ocrx_word' id='word_1_351' title='bbox 719 2505 818 2556; x_wconf 69' lang='lat' dir='ltr'>quod</span> <span class='ocrx_word' id='word_1_352' title='bbox 842 2505 955 2557; x_wconf 74' lang='lat' dir='ltr'>jubes</span> <span class='ocrx_word' id='word_1_353' title='bbox 972 2535 983 2554; x_wconf 80' lang='lat'>‚</span> <span class='ocrx_word' id='word_1_354' title='bbox 1013 2505 1194 2558; x_wconf 72' lang='lat' dir='ltr'>&amp;jube‚</span> <span class='ocrx_word' id='word_1_355' title='bbox 1220 2504 1325 2558; x_wconf 81' lang='lat' dir='ltr'>quod</span> 
     </span>
     <span class='ocr_line' id='line_1_45' title="bbox 211 2557 1322 2612; baseline 0.001 -14"><span class='ocrx_word' id='word_1_356' title='bbox 211 2563 265 2598; x_wconf 76' lang='lat' dir='ltr'>vis</span> <span class='ocrx_word' id='word_1_357' title='bbox 283 2561 362 2611; x_wconf 80' lang='lat' dir='ltr'><strong>(a).</strong></span> <span class='ocrx_word' id='word_1_358' title='bbox 392 2560 460 2599; x_wconf 86' lang='lat' dir='ltr'>Est</span> <span class='ocrx_word' id='word_1_359' title='bbox 486 2568 616 2598; x_wconf 82' lang='lat' dir='ltr'>tamen</span> <span class='ocrx_word' id='word_1_360' title='bbox 645 2557 803 2612; x_wconf 79' lang='lat' dir='ltr'>aliquod</span> <span class='ocrx_word' id='word_1_361' title='bbox 833 2560 1035 2597; x_wconf 86' lang='lat' dir='ltr'>discrimen</span> <span class='ocrx_word' id='word_1_362' title='bbox 1055 2561 1154 2598; x_wconf 87' lang='lat' dir='ltr'>inter</span> <span class='ocrx_word' id='word_1_363' title='bbox 1174 2559 1293 2599; x_wconf 87' lang='lat' dir='ltr'>fidem</span> <span class='ocrx_word' id='word_1_364' title='bbox 1311 2589 1322 2609; x_wconf 87' lang='lat'>,</span> 
     </span>
     <span class='ocr_line' id='line_1_46' title="bbox 212 2612 1324 2665; baseline 0.003 -16"><span class='ocrx_word' id='word_1_365' title='bbox 212 2627 300 2665; x_wconf 81' lang='lat' dir='ltr'>quae</span> <span class='ocrx_word' id='word_1_366' title='bbox 330 2628 353 2651; x_wconf 90' lang='lat' dir='ltr'>a</span> <span class='ocrx_word' id='word_1_367' title='bbox 381 2613 490 2651; x_wconf 88' lang='lat' dir='ltr'>nobis</span> <span class='ocrx_word' id='word_1_368' title='bbox 515 2613 705 2665; x_wconf 76' lang='lat' dir='ltr'>exigitur,</span> <span class='ocrx_word' id='word_1_369' title='bbox 732 2612 1020 2664; x_wconf 77' lang='lat' dir='ltr'>&amp;praemium3</span> <span class='ocrx_word' id='word_1_370' title='bbox 1046 2613 1149 2665; x_wconf 67' lang='lat' dir='ltr'>⁴quod</span> <span class='ocrx_word' id='word_1_371' title='bbox 1167 2615 1324 2664; x_wconf 85' lang='lat' dir='ltr'>promit·</span> 
     </span>
     <span class='ocr_line' id='line_1_47' title="bbox 211 2665 1326 2714; baseline 0.002 -11"><span class='ocrx_word' id='word_1_372' title='bbox 211 2669 330 2704; x_wconf 87' lang='lat' dir='ltr'>titur.</span> <span class='ocrx_word' id='word_1_373' title='bbox 359 2666 459 2704; x_wconf 88' lang='lat' dir='ltr'>Nam</span> <span class='ocrx_word' id='word_1_374' title='bbox 489 2665 583 2704; x_wconf 80' lang='lat' dir='ltr'>fides</span> <span class='ocrx_word' id='word_1_375' title='bbox 613 2668 663 2704; x_wconf 86' lang='lat' dir='ltr'>ita</span> <span class='ocrx_word' id='word_1_376' title='bbox 690 2675 745 2705; x_wconf 86' lang='lat' dir='ltr'>est</span> <span class='ocrx_word' id='word_1_377' title='bbox 772 2666 919 2704; x_wconf 85' lang='lat' dir='ltr'>donum</span> <span class='ocrx_word' id='word_1_378' title='bbox 949 2665 1050 2714; x_wconf 84' lang='lat' dir='ltr'>Dei,</span> <span class='ocrx_word' id='word_1_379' title='bbox 1082 2675 1119 2703; x_wconf 89' lang='lat' dir='ltr'>ut</span> <span class='ocrx_word' id='word_1_380' title='bbox 1149 2667 1264 2704; x_wconf 76' lang='lat' dir='ltr'>etiam</span> <span class='ocrx_word' id='word_1_381' title='bbox 1280 2669 1326 2706; x_wconf 86' lang='lat' dir='ltr'>sit</span> 
     </span>
     <span class='ocr_line' id='line_1_48' title="bbox 213 2719 1326 2771; baseline 0.001 -15"><span class='ocrx_word' id='word_1_382' title='bbox 213 2727 387 2757; x_wconf 85' lang='lat' dir='ltr'>nostrum</span> <span class='ocrx_word' id='word_1_383' title='bbox 415 2733 510 2771; x_wconf 87' lang='lat' dir='ltr'>opus</span> <span class='ocrx_word' id='word_1_384' title='bbox 538 2734 561 2758; x_wconf 87' lang='lat' dir='ltr'>a</span> <span class='ocrx_word' id='word_1_385' title='bbox 578 2719 714 2758; x_wconf 36' lang='lat' dir='ltr'>*libero</span> <span class='ocrx_word' id='word_1_386' title='bbox 750 2719 912 2758; x_wconf 81' lang='lat' dir='ltr'>arbitrio</span> <span class='ocrx_word' id='word_1_387' title='bbox 936 2719 1155 2771; x_wconf 80' lang='lat' dir='ltr'>dependens</span> <span class='ocrx_word' id='word_1_388' title='bbox 1171 2734 1182 2766; x_wconf 82' lang='lat'><em>3</em></span> <span class='ocrx_word' id='word_1_389' title='bbox 1223 2732 1326 2771; x_wconf 81' lang='lat' dir='ltr'>prae-</span> 
     </span>
     <span class='ocr_line' id='line_1_49' title="bbox 214 2772 1327 2826; baseline 0.001 -16"><span class='ocrx_word' id='word_1_390' title='bbox 214 2772 339 2810; x_wconf 86' lang='lat' dir='ltr'>mium</span> <span class='ocrx_word' id='word_1_391' title='bbox 368 2781 494 2810; x_wconf 83' lang='lat' dir='ltr'>autem</span> <span class='ocrx_word' id='word_1_392' title='bbox 523 2775 635 2811; x_wconf 82' lang='lat' dir='ltr'>unice</span> <span class='ocrx_word' id='word_1_393' title='bbox 663 2788 685 2811; x_wconf 86' lang='lat' dir='ltr'>a</span> <span class='ocrx_word' id='word_1_394' title='bbox 716 2773 789 2813; x_wconf 86' lang='lat' dir='ltr'>Dei</span> <span class='ocrx_word' id='word_1_395' title='bbox 818 2773 984 2811; x_wconf 84' lang='lat' dir='ltr'>bonitate</span> <span class='ocrx_word' id='word_1_396' title='bbox 1010 2773 1215 2821; x_wconf 83' lang='lat' dir='ltr'>dimanat,</span> <span class='ocrx_word' id='word_1_397' title='bbox 1258 2774 1327 2826; x_wconf 88' lang='lat' dir='ltr'>qui</span> 
     </span>
     <span class='ocr_line' id='line_1_50' title="bbox 214 2826 1264 2875; baseline 0.003 -13"><span class='ocrx_word' id='word_1_398' title='bbox 214 2826 309 2863; x_wconf 86' lang='lat' dir='ltr'>dum</span> <span class='ocrx_word' id='word_1_399' title='bbox 335 2834 487 2862; x_wconf 85' lang='lat' dir='ltr'>coronat</span> <span class='ocrx_word' id='word_1_400' title='bbox 517 2827 651 2865; x_wconf 86' lang='lat' dir='ltr'>merita</span> <span class='ocrx_word' id='word_1_401' title='bbox 679 2835 832 2875; x_wconf 79' lang='lat' dir='ltr'>nostra,</span> <span class='ocrx_word' id='word_1_402' title='bbox 861 2833 1015 2864; x_wconf 71' lang='lat' dir='ltr'>coronat</span> <span class='ocrx_word' id='word_1_403' title='bbox 1043 2826 1138 2864; x_wconf 75' lang='lat' dir='ltr'>dona</span> <span class='ocrx_word' id='word_1_404' title='bbox 1168 2840 1235 2865; x_wconf 86' lang='lat' dir='ltr'>sua</span> <span class='ocrx_word' id='word_1_405' title='bbox 1253 2853 1264 2865; x_wconf 94' lang='lat'><strong>.</strong></span> 
     </span>
    </p>

    <p class='ocr_par' dir='ltr' id='par_1_9' title="bbox 214 2878 1328 3094">
     <span class='ocr_line' id='line_1_51' title="bbox 269 2878 1326 2929; baseline 0.002 -12"><span class='ocrx_word' id='word_1_406' title='bbox 269 2878 336 2917; x_wconf 84' lang='grc'><strong>60.</strong></span> <span class='ocrx_word' id='word_1_407' title='bbox 366 2879 456 2915; x_wconf 84' lang='lat' dir='ltr'>lnst.</span> <span class='ocrx_word' id='word_1_408' title='bbox 486 2881 639 2929; x_wconf 72' lang='lat' dir='ltr'>primo,</span> <span class='ocrx_word' id='word_1_409' title='bbox 666 2879 792 2918; x_wconf 75' lang='lat' dir='ltr'>Posita</span> <span class='ocrx_word' id='word_1_410' title='bbox 820 2879 880 2918; x_wconf 93' lang='lat' dir='ltr'>vel</span> <span class='ocrx_word' id='word_1_411' title='bbox 910 2889 1090 2928; x_wconf 84' lang='lat' dir='ltr'>externa,</span> <span class='ocrx_word' id='word_1_412' title='bbox 1119 2879 1181 2918; x_wconf 90' lang='lat' dir='ltr'>vel</span> <span class='ocrx_word' id='word_1_413' title='bbox 1211 2882 1326 2920; x_wconf 83' lang='lat' dir='ltr'>inter-</span> 
     </span>
     <span class='ocr_line' id='line_1_52' title="bbox 214 2930 1328 2985; baseline 0.001 -13"><span class='ocrx_word' id='word_1_414' title='bbox 214 2946 266 2972; x_wconf 76' lang='lat' dir='ltr'>na</span> <span class='ocrx_word' id='word_1_415' title='bbox 295 2930 523 2969; x_wconf 82' lang='lat' dir='ltr'>revelatione</span> <span class='ocrx_word' id='word_1_416' title='bbox 553 2934 821 2983; x_wconf 78' lang='lat' dir='ltr'>mysteriorum</span> <span class='ocrx_word' id='word_1_417' title='bbox 852 2932 971 2982; x_wconf 85' lang='lat' dir='ltr'>fidei,</span> <span class='ocrx_word' id='word_1_418' title='bbox 1000 2935 1079 2972; x_wconf 85' lang='lat' dir='ltr'>sine</span> <span class='ocrx_word' id='word_1_419' title='bbox 1107 2933 1188 2971; x_wconf 81' lang='lat' dir='ltr'>ulla</span> <span class='ocrx_word' id='word_1_420' title='bbox 1207 2935 1328 2985; x_wconf 81' lang='lat' dir='ltr'>gratia</span> 
     </span>
     <span class='ocr_line' id='line_1_53' title="bbox 215 2984 1326 3028; baseline 0.005 -5"><span class='ocrx_word' id='word_1_421' title='bbox 215 2986 302 3024; x_wconf 78' lang='lat' dir='ltr'>satis</span> <span class='ocrx_word' id='word_1_422' title='bbox 330 2985 474 3025; x_wconf 86' lang='lat' dir='ltr'>virium</span> <span class='ocrx_word' id='word_1_423' title='bbox 503 2985 544 3023; x_wconf 90' lang='lat' dir='ltr'>in</span> <span class='ocrx_word' id='word_1_424' title='bbox 573 2984 680 3023; x_wconf 88' lang='lat' dir='ltr'>nobis</span> <span class='ocrx_word' id='word_1_425' title='bbox 707 3000 785 3025; x_wconf 85' lang='lat' dir='ltr'>esse</span> <span class='ocrx_word' id='word_1_426' title='bbox 801 2987 954 3027; x_wconf 34' lang='lat' dir='ltr'>*videtur</span> <span class='ocrx_word' id='word_1_427' title='bbox 983 2988 1030 3026; x_wconf 88' lang='lat' dir='ltr'>ad</span> <span class='ocrx_word' id='word_1_428' title='bbox 1050 3002 1094 3026; x_wconf 78' lang='lat' dir='ltr'>ea</span> <span class='ocrx_word' id='word_1_429' title='bbox 1113 2988 1326 3028; x_wconf 79' lang='lat' dir='ltr'>credenda.</span> 
     </span>
     <span class='ocr_line' id='line_1_54' title="bbox 215 3038 1325 3094; baseline 0.003 -16"><span class='ocrx_word' id='word_1_430' title='bbox 215 3038 346 3078; x_wconf 89' lang='lat' dir='ltr'>Primo</span> <span class='ocrx_word' id='word_1_431' title='bbox 372 3039 465 3091; x_wconf 84' lang='lat' dir='ltr'>quia</span> <span class='ocrx_word' id='word_1_432' title='bbox 493 3046 544 3076; x_wconf 88' lang='lat' dir='ltr'>tot</span> <span class='ocrx_word' id='word_1_433' title='bbox 563 3038 802 3079; x_wconf 83' lang='lat' dir='ltr'>evidentibus</span> <span class='ocrx_word' id='word_1_434' title='bbox 826 3042 1064 3094; x_wconf 78' lang='lat' dir='ltr'>argumentis</span> <span class='ocrx_word' id='word_1_435' title='bbox 1080 3041 1296 3081; x_wconf 84' lang='lat' dir='ltr'>fulciuntur</span> <span class='ocrx_word' id='word_1_436' title='bbox 1312 3073 1325 3093; x_wconf 92' lang='lat'>,</span> 
     </span>
    </p>
   </div>
   <div class='ocr_carea' id='block_1_5' title="bbox 207 1844 235 1970">
    <p class='ocr_par' dir='ltr' id='par_1_10' title="bbox 207 1844 235 1970">
     <span class='ocr_line' id='line_1_55' title="bbox 208 1844 235 1864; baseline -0.074 0"><span class='ocrx_word' id='word_1_437' title='bbox 208 1844 235 1864; x_wconf 69' lang='grc' dir='ltr'>Η</span> 
     </span>
     <span class='ocr_line' id='line_1_56' title="bbox 210 1898 235 1917; baseline 0 0"><span class='ocrx_word' id='word_1_438' title='bbox 210 1898 235 1917; x_wconf 69' lang='grc' dir='ltr'>&gt;ὶ</span> 
     </span>
     <span class='ocr_line' id='line_1_57' title="bbox 207 1951 235 1970; baseline -0.036 0"><span class='ocrx_word' id='word_1_439' title='bbox 207 1951 235 1970; x_wconf 71' lang='grc'>5)</span> 
     </span>
    </p>
   </div>
   <div class='ocr_carea' id='block_1_6' title="bbox 214 3241 1330 3476">
    <p class='ocr_par' dir='ltr' id='par_1_11' title="bbox 214 3241 1330 3476">
     <span class='ocr_line' id='line_1_58' title="bbox 264 3241 1328 3287; baseline 0.008 -16"><span class='ocrx_word' id='word_1_440' title='bbox 264 3244 311 3280; x_wconf 66' lang='grc' dir='ltr'>(ιι)</span> <span class='ocrx_word' id='word_1_441' title='bbox 339 3241 390 3272; x_wconf 72' lang='lat' dir='ltr'>lta</span> <span class='ocrx_word' id='word_1_442' title='bbox 424 3248 540 3273; x_wconf 79' lang='lat' dir='ltr'>autem</span> <span class='ocrx_word' id='word_1_443' title='bbox 568 3241 602 3272; x_wconf 86' lang='lat' dir='ltr'><strong>S.</strong></span> <span class='ocrx_word' id='word_1_444' title='bbox 630 3241 777 3285; x_wconf 82' lang='lat' dir='ltr'>August.</span> <span class='ocrx_word' id='word_1_445' title='bbox 811 3244 1061 3287; x_wconf 74' lang='lat' dir='ltr'>respondebat:</span> <span class='ocrx_word' id='word_1_446' title='bbox 1102 3266 1129 3287; x_wconf 90' lang='lat'>,‚</span> <span class='ocrx_word' id='word_1_447' title='bbox 1155 3245 1211 3280; x_wconf 85' lang='lat' dir='ltr'>Sic</span> <span class='ocrx_word' id='word_1_448' title='bbox 1239 3245 1328 3279; x_wconf 86' lang='lat' dir='ltr'>dici-</span> 
     </span>
     <span class='ocr_line' id='line_1_59' title="bbox 214 3287 1325 3335; baseline 0.004 -17"><span class='ocrx_word' id='word_1_449' title='bbox 214 3307 240 3329; x_wconf 85' lang='lat'><strong>„</strong></span> <span class='ocrx_word' id='word_1_450' title='bbox 265 3294 344 3318; x_wconf 85' lang='lat' dir='ltr'>tur:</span> <span class='ocrx_word' id='word_1_451' title='bbox 374 3290 403 3318; x_wconf 75' lang='lat' dir='ltr'>si</span> <span class='ocrx_word' id='word_1_452' title='bbox 430 3291 555 3329; x_wconf 79' lang='lat' dir='ltr'>spiritu</span> <span class='ocrx_word' id='word_1_453' title='bbox 572 3287 677 3331; x_wconf 77' lang='lat' dir='ltr'>facea</span> <span class='ocrx_word' id='word_1_454' title='bbox 702 3291 817 3321; x_wconf 72' lang='lat' dir='ltr'>carnis</span> <span class='ocrx_word' id='word_1_455' title='bbox 835 3292 1152 3335; x_wconf 66' lang='lat' dir='ltr'>mortificaveritis,</span> <span class='ocrx_word' id='word_1_456' title='bbox 1179 3297 1325 3327; x_wconf 65' lang='grc' dir='ltr'>ρῑυριίς.</span> 
     </span>
     <span class='ocr_line' id='line_1_60' title="bbox 215 3332 1326 3382; baseline 0.006 -17"><span class='ocrx_word' id='word_1_457' title='bbox 215 3353 240 3377; x_wconf 89' lang='lat'>,‚</span> <span class='ocrx_word' id='word_1_458' title='bbox 265 3333 356 3366; x_wconf 75' lang='lat' dir='ltr'>Nm·</span> <span class='ocrx_word' id='word_1_459' title='bbox 384 3336 415 3363; x_wconf 66' lang='grc' dir='ltr'>ὃς</span> <span class='ocrx_word' id='word_1_460' title='bbox 440 3332 495 3366; x_wconf 83' lang='lat' dir='ltr'>hic</span> <span class='ocrx_word' id='word_1_461' title='bbox 521 3346 562 3367; x_wconf 77' lang='lat' dir='ltr'>ex</span> <span class='ocrx_word' id='word_1_462' title='bbox 590 3333 642 3366; x_wconf 83' lang='lat' dir='ltr'>his</span> <span class='ocrx_word' id='word_1_463' title='bbox 667 3332 801 3367; x_wconf 82' lang='lat' dir='ltr'>(luobus</span> <span class='ocrx_word' id='word_1_464' title='bbox 828 3347 936 3368; x_wconf 84' lang='lat' dir='ltr'>unum</span> <span class='ocrx_word' id='word_1_465' title='bbox 960 3339 1134 3382; x_wconf 82' lang='lat' dir='ltr'>exigitur,</span> <span class='ocrx_word' id='word_1_466' title='bbox 1174 3341 1326 3373; x_wconf 79' lang='lat' dir='ltr'>alterum</span> 
     </span>
     <span class='ocr_line' id='line_1_61' title="bbox 215 3378 1329 3424; baseline 0.007 -15"><span class='ocrx_word' id='word_1_467' title='bbox 215 3399 242 3423; x_wconf 87' lang='lat'>„</span> <span class='ocrx_word' id='word_1_468' title='bbox 266 3378 456 3412; x_wconf 83' lang='lat' dir='ltr'>offertur...</span> <span class='ocrx_word' id='word_1_469' title='bbox 492 3380 588 3413; x_wconf 85' lang='lat' dir='ltr'>Num</span> <span class='ocrx_word' id='word_1_470' title='bbox 617 3380 722 3424; x_wconf 81' lang='lat' dir='ltr'>igitur</span> <span class='ocrx_word' id='word_1_471' title='bbox 748 3381 886 3424; x_wconf 77' lang='lat' dir='ltr'>placet,</span> <span class='ocrx_word' id='word_1_472' title='bbox 913 3390 948 3415; x_wconf 84' lang='lat' dir='ltr'>ut</span> <span class='ocrx_word' id='word_1_473' title='bbox 975 3385 1065 3417; x_wconf 80' lang='lat' dir='ltr'>facta</span> <span class='ocrx_word' id='word_1_474' title='bbox 1092 3388 1207 3419; x_wconf 80' lang='lat' dir='ltr'>carnis</span> <span class='ocrx_word' id='word_1_475' title='bbox 1233 3397 1329 3418; x_wconf 85' lang='lat' dir='ltr'>mor-</span> 
     </span>
     <span class='ocr_line' id='line_1_62' title="bbox 214 3424 1330 3476; baseline 0.007 -18"><span class='ocrx_word' id='word_1_476' title='bbox 214 3447 242 3471; x_wconf 78' lang='lat'>„</span> <span class='ocrx_word' id='word_1_477' title='bbox 266 3425 398 3460; x_wconf 79' lang='lat' dir='ltr'>tificare</span> <span class='ocrx_word' id='word_1_478' title='bbox 423 3437 492 3461; x_wconf 84' lang='lat' dir='ltr'>non</span> <span class='ocrx_word' id='word_1_479' title='bbox 515 3424 648 3460; x_wconf 85' lang='lat' dir='ltr'>donum</span> <span class='ocrx_word' id='word_1_480' title='bbox 673 3426 739 3462; x_wconf 85' lang='lat' dir='ltr'>Dei</span> <span class='ocrx_word' id='word_1_481' title='bbox 761 3437 835 3463; x_wconf 82' lang='lat' dir='ltr'>esse</span> <span class='ocrx_word' id='word_1_482' title='bbox 860 3426 1042 3470; x_wconf 78' lang='lat' dir='ltr'>dicamus,</span> <span class='ocrx_word' id='word_1_483' title='bbox 1078 3444 1189 3476; x_wconf 86' lang='lat' dir='ltr'>neque</span> <span class='ocrx_word' id='word_1_484' title='bbox 1215 3431 1250 3467; x_wconf 91' lang='lat' dir='ltr'>id</span> <span class='ocrx_word' id='word_1_485' title='bbox 1274 3430 1330 3466; x_wconf 90' lang='lat' dir='ltr'>do-</span> 
     </span>
    </p>
   </div>
   <div class='ocr_carea' id='block_1_7' title="bbox 795 180 1923 230">
    <p class='ocr_par' dir='ltr' id='par_1_12' title="bbox 795 180 1923 230">
     <span class='ocr_line' id='line_1_63' title="bbox 795 180 1923 230; baseline -0.005 0"><span class='ocrx_word' id='word_1_486' title='bbox 795 185 876 230; x_wconf 85' lang='lat' dir='ltr'>DE</span> <span class='ocrx_word' id='word_1_487' title='bbox 913 183 1145 230; x_wconf 82' lang='lat' dir='ltr'><strong>GRATIA</strong></span> <span class='ocrx_word' id='word_1_488' title='bbox 1179 184 1227 227; x_wconf 88' lang='lat' dir='ltr'>P.</span> <span class='ocrx_word' id='word_1_489' title='bbox 1259 184 1293 227; x_wconf 87' lang='grc' dir='ltr'><strong>Ι.</strong></span> <span class='ocrx_word' id='word_1_490' title='bbox 1324 180 1673 228; x_wconf 75' lang='lat' dir='ltr'><strong>DISSER&#39;I&#39;.11.</strong></span> <span class='ocrx_word' id='word_1_491' title='bbox 1705 181 1837 226; x_wconf 91' lang='lat' dir='ltr'><strong>CAP.</strong></span> <span class='ocrx_word' id='word_1_492' title='bbox 1864 183 1923 225; x_wconf 87' lang='grc' dir='ltr'><strong>Π.</strong></span> 
     </span>
    </p>
   </div>
   <div class='ocr_carea' id='block_1_8' title="bbox 1387 259 2527 2180">
    <p class='ocr_par' dir='ltr' id='par_1_13' title="bbox 1387 259 2511 843">
     <span class='ocr_line' id='line_1_64' title="bbox 1393 259 2502 314; baseline 0.005 -14"><span class='ocrx_word' id='word_1_493' title='bbox 1393 272 1432 300; x_wconf 87' lang='lat' dir='ltr'>ut</span> <span class='ocrx_word' id='word_1_494' title='bbox 1459 259 1658 299; x_wconf 73' lang='lat' dir='ltr'>Psalmista</span> <span class='ocrx_word' id='word_1_495' title='bbox 1671 262 1801 300; x_wconf 85' lang='lat' dir='ltr'>dicere</span> <span class='ocrx_word' id='word_1_496' title='bbox 1817 261 1982 314; x_wconf 84' lang='lat' dir='ltr'>potuerit</span> <span class='ocrx_word' id='word_1_497' title='bbox 1998 260 2059 300; x_wconf 77' lang='lat' dir='ltr'>Ps.</span> <span class='ocrx_word' id='word_1_498' title='bbox 2075 261 2221 301; x_wconf 75' lang='lat' dir='ltr'>XOEL:</span> <span class='ocrx_word' id='word_1_499' title='bbox 2256 260 2502 305; x_wconf 69' lang='lat' dir='ltr'>Testimont‘cr,</span> 
     </span>
     <span class='ocr_line' id='line_1_65' title="bbox 1392 311 2503 370; baseline 0.005 -18"><span class='ocrx_word' id='word_1_500' title='bbox 1392 325 1463 352; x_wconf 76' lang='lat' dir='ltr'>tua</span> <span class='ocrx_word' id='word_1_501' title='bbox 1492 311 1694 351; x_wconf 62' lang='lat' dir='ltr'>credibilia,</span> <span class='ocrx_word' id='word_1_502' title='bbox 1708 314 1837 365; x_wconf 64' lang='lat' dir='ltr'>jactu,</span> <span class='ocrx_word' id='word_1_503' title='bbox 1865 325 1957 353; x_wconf 71' lang='lat' dir='ltr'>sunt</span> <span class='ocrx_word' id='word_1_504' title='bbox 1986 319 2108 353; x_wconf 77' lang='lat' dir='ltr'>nimis</span> <span class='ocrx_word' id='word_1_505' title='bbox 2125 342 2135 354; x_wconf 92' lang='lat'><strong>.</strong></span> <span class='ocrx_word' id='word_1_506' title='bbox 2184 317 2362 356; x_wconf 85' lang='lat' dir='ltr'>Secundo</span> <span class='ocrx_word' id='word_1_507' title='bbox 2407 319 2503 370; x_wconf 64' lang='lat' dir='ltr'>quia</span> 
     </span>
     <span class='ocr_line' id='line_1_66' title="bbox 1395 366 2506 423; baseline 0.002 -16"><span class='ocrx_word' id='word_1_508' title='bbox 1395 370 1509 407; x_wconf 74' lang='lat' dir='ltr'>etiam</span> <span class='ocrx_word' id='word_1_509' title='bbox 1536 366 1748 416; x_wconf 67' lang='lat' dir='ltr'>Haeretici,</span> <span class='ocrx_word' id='word_1_510' title='bbox 1778 383 1821 408; x_wconf 86' lang='lat' dir='ltr'>ac</span> <span class='ocrx_word' id='word_1_511' title='bbox 1840 370 1913 421; x_wconf 84' lang='lat' dir='ltr'>ipsi</span> <span class='ocrx_word' id='word_1_512' title='bbox 1936 371 2153 421; x_wconf 80' lang='lat' dir='ltr'>pervicaces</span> <span class='ocrx_word' id='word_1_513' title='bbox 2171 370 2297 408; x_wconf 75' lang='lat' dir='ltr'>Judaei</span> <span class='ocrx_word' id='word_1_514' title='bbox 2315 400 2326 419; x_wconf 89' lang='lat'>‚</span> <span class='ocrx_word' id='word_1_515' title='bbox 2356 371 2506 423; x_wconf 76' lang='lat' dir='ltr'>aliquos</span> 
     </span>
     <span class='ocr_line' id='line_1_67' title="bbox 1395 420 2505 477; baseline 0.004 -18"><span class='ocrx_word' id='word_1_516' title='bbox 1395 420 1597 459; x_wconf 84' lang='lat' dir='ltr'>nobiscum</span> <span class='ocrx_word' id='word_1_517' title='bbox 1626 421 1782 459; x_wconf 82' lang='lat' dir='ltr'>credunt</span> <span class='ocrx_word' id='word_1_518' title='bbox 1812 424 1991 461; x_wconf 80' lang='lat' dir='ltr'>articulos</span> <span class='ocrx_word' id='word_1_519' title='bbox 2020 422 2111 461; x_wconf 80' lang='lat' dir='ltr'>fidei</span> <span class='ocrx_word' id='word_1_520' title='bbox 2128 453 2139 471; x_wconf 88' lang='lat'>,</span> <span class='ocrx_word' id='word_1_521' title='bbox 2168 437 2405 477; x_wconf 82' lang='lat' dir='ltr'>quamquam</span> <span class='ocrx_word' id='word_1_522' title='bbox 2428 438 2505 464; x_wconf 86' lang='lat' dir='ltr'>uon</span> 
     </span>
     <span class='ocr_line' id='line_1_68' title="bbox 1387 472 2508 529; baseline 0.004 -17"><span class='ocrx_word' id='word_1_523' title='bbox 1387 486 1526 512; x_wconf 77' lang='lat' dir='ltr'>omnes</span> <span class='ocrx_word' id='word_1_524' title='bbox 1542 499 1553 510; x_wconf 96' lang='lat'><strong>.</strong></span> <span class='ocrx_word' id='word_1_525' title='bbox 1590 472 1713 511; x_wconf 86' lang='lat' dir='ltr'>Immo</span> <span class='ocrx_word' id='word_1_526' title='bbox 1739 475 1923 514; x_wconf 74' lang='lat' dir='ltr'>Haeretici</span> <span class='ocrx_word' id='word_1_527' title='bbox 1952 477 2181 529; x_wconf 78' lang='lat' dir='ltr'>quandoque</span> <span class='ocrx_word' id='word_1_528' title='bbox 2206 477 2397 516; x_wconf 72' lang='lat' dir='ltr'>nonnulla</span> <span class='ocrx_word' id='word_1_529' title='bbox 2425 492 2508 515; x_wconf 89' lang='lat' dir='ltr'>cre-</span> 
     </span>
     <span class='ocr_line' id='line_1_69' title="bbox 1395 524 2506 583; baseline 0.004 -18"><span class='ocrx_word' id='word_1_530' title='bbox 1395 528 1490 565; x_wconf 85' lang='lat' dir='ltr'>dunt</span> <span class='ocrx_word' id='word_1_531' title='bbox 1519 524 1713 564; x_wconf 87' lang='lat' dir='ltr'>intellectu</span> <span class='ocrx_word' id='word_1_532' title='bbox 1742 528 1864 566; x_wconf 87' lang='lat' dir='ltr'>multo</span> <span class='ocrx_word' id='word_1_533' title='bbox 1883 529 2125 575; x_wconf 80' lang='lat' dir='ltr'>difficiliora,</span> <span class='ocrx_word' id='word_1_534' title='bbox 2154 543 2273 583; x_wconf 83' lang='lat' dir='ltr'>quam</span> <span class='ocrx_word' id='word_1_535' title='bbox 2290 543 2380 569; x_wconf 82' lang='lat' dir='ltr'>nos.</span> <span class='ocrx_word' id='word_1_536' title='bbox 2411 529 2506 569; x_wconf 78' lang='lat' dir='ltr'>&#39;Per-</span> 
     </span>
     <span class='ocr_line' id='line_1_70' title="bbox 1391 580 2506 633; baseline 0.004 -14"><span class='ocrx_word' id='word_1_537' title='bbox 1391 581 1448 619; x_wconf 70' lang='lat' dir='ltr'>rtio</span> <span class='ocrx_word' id='word_1_538' title='bbox 1478 580 1600 631; x_wconf 81' lang='lat' dir='ltr'>aliqui</span> <span class='ocrx_word' id='word_1_539' title='bbox 1630 580 1745 618; x_wconf 81' lang='lat' dir='ltr'>etiam</span> <span class='ocrx_word' id='word_1_540' title='bbox 1773 582 1931 620; x_wconf 80' lang='lat' dir='ltr'>creduut</span> <span class='ocrx_word' id='word_1_541' title='bbox 1958 584 2007 621; x_wconf 87' lang='lat' dir='ltr'>ob</span> <span class='ocrx_word' id='word_1_542' title='bbox 2039 584 2186 622; x_wconf 85' lang='lat' dir='ltr'>malum</span> <span class='ocrx_word' id='word_1_543' title='bbox 2216 583 2335 621; x_wconf 88' lang='lat' dir='ltr'>finem</span> <span class='ocrx_word' id='word_1_544' title='bbox 2353 613 2364 633; x_wconf 94' lang='lat'>,</span> <span class='ocrx_word' id='word_1_545' title='bbox 2396 593 2436 621; x_wconf 91' lang='lat' dir='ltr'>ut</span> <span class='ocrx_word' id='word_1_546' title='bbox 2459 583 2506 623; x_wconf 58' lang='lat' dir='ltr'>&#39;So</span> 
     </span>
     <span class='ocr_line' id='line_1_71' title="bbox 1398 631 2507 690; baseline 0.005 -19"><span class='ocrx_word' id='word_1_547' title='bbox 1398 637 1497 685; x_wconf 79' lang='lat' dir='ltr'>Aug.</span> <span class='ocrx_word' id='word_1_548' title='bbox 1525 633 1698 672; x_wconf 77' lang='lat' dir='ltr'>observat</span> <span class='ocrx_word' id='word_1_549' title='bbox 1730 635 1743 682; x_wconf 82' lang='lat'>(</span> <span class='ocrx_word' id='word_1_550' title='bbox 1761 631 1825 670; x_wconf 87' lang='lat' dir='ltr'>De</span> <span class='ocrx_word' id='word_1_551' title='bbox 1844 632 2146 676; x_wconf 74' lang='lat' dir='ltr'>Catechizandis</span> <span class='ocrx_word' id='word_1_552' title='bbox 2161 636 2317 675; x_wconf 74' lang='lat' dir='ltr'>rudibus</span> <span class='ocrx_word' id='word_1_553' title='bbox 2337 651 2422 690; x_wconf 84' lang='lat' dir='ltr'>cap.</span> <span class='ocrx_word' id='word_1_554' title='bbox 2444 650 2507 689; x_wconf 83' lang='lat'><strong>17.</strong></span> 
     </span>
     <span class='ocr_line' id='line_1_72' title="bbox 1397 686 2507 740; baseline 0.003 -16"><span class='ocrx_word' id='word_1_555' title='bbox 1397 701 1436 726; x_wconf 87' lang='lat' dir='ltr'>n.</span> <span class='ocrx_word' id='word_1_556' title='bbox 1458 687 1497 724; x_wconf 86' lang='lat'><strong>6.</strong></span> <span class='ocrx_word' id='word_1_557' title='bbox 1515 687 1560 733; x_wconf 83' lang='lat'>);</span> <span class='ocrx_word' id='word_1_558' title='bbox 1591 686 1624 722; x_wconf 82' lang='grc'>8(</span> <span class='ocrx_word' id='word_1_559' title='bbox 1655 687 1850 723; x_wconf 78' lang='lat' dir='ltr'>daemones</span> <span class='ocrx_word' id='word_1_560' title='bbox 1879 686 2042 725; x_wconf 77' lang='lat' dir='ltr'>credunt</span> <span class='ocrx_word' id='word_1_561' title='bbox 2059 720 2070 738; x_wconf 92' lang='lat'>,</span> <span class='ocrx_word' id='word_1_562' title='bbox 2098 691 2148 732; x_wconf 60' lang='grc' dir='ltr'>ὠ·</span> <span class='ocrx_word' id='word_1_563' title='bbox 2177 694 2507 740; x_wconf 69' lang='lat' dir='ltr'>contremiscunt,</span> 
     </span>
     <span class='ocr_line' id='line_1_73' title="bbox 1400 738 2511 796; baseline 0.004 -18"><span class='ocrx_word' id='word_1_564' title='bbox 1400 749 1440 778; x_wconf 89' lang='lat' dir='ltr'>ut</span> <span class='ocrx_word' id='word_1_565' title='bbox 1470 740 1521 778; x_wconf 82' lang='lat' dir='ltr'>ait</span> <span class='ocrx_word' id='word_1_566' title='bbox 1551 738 1678 778; x_wconf 71' lang='lat' dir='ltr'>Sanct.</span> <span class='ocrx_word' id='word_1_567' title='bbox 1708 739 1876 777; x_wconf 77' lang='lat' dir='ltr'>Jacobus</span> <span class='ocrx_word' id='word_1_568' title='bbox 1896 738 1945 776; x_wconf 87' lang='lat'>11.</span> <span class='ocrx_word' id='word_1_569' title='bbox 1978 752 2069 791; x_wconf 81' lang='lat'><strong>19.;</strong></span> <span class='ocrx_word' id='word_1_570' title='bbox 2097 744 2137 782; x_wconf 86' lang='lat' dir='ltr'>iu</span> <span class='ocrx_word' id='word_1_571' title='bbox 2167 744 2308 796; x_wconf 85' lang='lat' dir='ltr'>quibus</span> <span class='ocrx_word' id='word_1_572' title='bbox 2328 743 2511 782; x_wconf 82' lang='lat' dir='ltr'>omnibus</span> 
     </span>
     <span class='ocr_line' id='line_1_74' title="bbox 1393 791 2501 843; baseline 0.002 -12"><span class='ocrx_word' id='word_1_573' title='bbox 1393 801 1499 831; x_wconf 41' lang='lat' dir='ltr'>*certe</span> <span class='ocrx_word' id='word_1_574' title='bbox 1523 791 1679 831; x_wconf 83' lang='lat' dir='ltr'>nullum</span> <span class='ocrx_word' id='word_1_575' title='bbox 1705 801 1760 830; x_wconf 82' lang='lat' dir='ltr'>est</span> <span class='ocrx_word' id='word_1_576' title='bbox 1790 792 1920 843; x_wconf 80' lang='lat' dir='ltr'>gratiae</span> <span class='ocrx_word' id='word_1_577' title='bbox 1950 793 2140 833; x_wconf 82' lang='lat' dir='ltr'>auxilium</span> <span class='ocrx_word' id='word_1_578' title='bbox 2169 797 2214 835; x_wconf 82' lang='lat' dir='ltr'>ad</span> <span class='ocrx_word' id='word_1_579' title='bbox 2247 798 2501 836; x_wconf 81' lang='lat' dir='ltr'>credendum.</span> 
     </span>
    </p>

    <p class='ocr_par' dir='ltr' id='par_1_14' title="bbox 1388 845 2527 2180">
     <span class='ocr_line' id='line_1_75' title="bbox 1453 845 2511 901; baseline 0.003 -16"><span class='ocrx_word' id='word_1_580' title='bbox 1453 846 1520 885; x_wconf 84' lang='lat'><strong>61.</strong></span> <span class='ocrx_word' id='word_1_581' title='bbox 1551 845 1663 898; x_wconf 79' lang='lat' dir='ltr'>Resp.</span> <span class='ocrx_word' id='word_1_582' title='bbox 1693 845 1795 884; x_wconf 88' lang='lat' dir='ltr'>Dist.</span> <span class='ocrx_word' id='word_1_583' title='bbox 1824 845 1871 883; x_wconf 83' lang='lat' dir='ltr'>ad</span> <span class='ocrx_word' id='word_1_584' title='bbox 1900 860 1943 884; x_wconf 77' lang='lat' dir='ltr'>ea</span> <span class='ocrx_word' id='word_1_585' title='bbox 1966 846 2158 885; x_wconf 41' lang='lat' dir='ltr'>‘credenda</span> <span class='ocrx_word' id='word_1_586' title='bbox 2188 850 2278 901; x_wconf 81' lang='lat' dir='ltr'>fide</span> <span class='ocrx_word' id='word_1_587' title='bbox 2306 852 2479 890; x_wconf 73' lang='lat' dir='ltr'>salutari</span> <span class='ocrx_word' id='word_1_588' title='bbox 2498 881 2511 899; x_wconf 80' lang='lat'>,</span> 
     </span>
     <span class='ocr_line' id='line_1_76' title="bbox 1400 899 2513 951; baseline 0.006 -15"><span class='ocrx_word' id='word_1_589' title='bbox 1400 899 1433 936; x_wconf 64' lang='lat' dir='ltr'>St</span> <span class='ocrx_word' id='word_1_590' title='bbox 1462 900 1789 950; x_wconf 77' lang='lat' dir='ltr'>supernaturali,</span> <span class='ocrx_word' id='word_1_591' title='bbox 1816 912 1940 951; x_wconf 80' lang='lat' dir='ltr'>nego3</span> <span class='ocrx_word' id='word_1_592' title='bbox 1983 899 2060 938; x_wconf 82' lang='lat' dir='ltr'>alia</span> <span class='ocrx_word' id='word_1_593' title='bbox 2089 899 2192 948; x_wconf 79' lang='lat' dir='ltr'>fide,</span> <span class='ocrx_word' id='word_1_594' title='bbox 2223 916 2338 941; x_wconf 82' lang='lat' dir='ltr'>cone.</span> <span class='ocrx_word' id='word_1_595' title='bbox 2368 906 2411 943; x_wconf 86' lang='lat' dir='ltr'>ln</span> <span class='ocrx_word' id='word_1_596' title='bbox 2441 904 2513 943; x_wconf 84' lang='lat' dir='ltr'>hoe</span> 
     </span>
     <span class='ocr_line' id='line_1_77' title="bbox 1398 953 2514 1007; baseline 0.003 -15"><span class='ocrx_word' id='word_1_597' title='bbox 1398 955 1609 994; x_wconf 72' lang='lat' dir='ltr'>adversarii</span> <span class='ocrx_word' id='word_1_598' title='bbox 1637 954 1825 992; x_wconf 78' lang='lat' dir='ltr'>falluntur</span> <span class='ocrx_word' id='word_1_599' title='bbox 1842 983 1852 1002; x_wconf 90' lang='lat'>,</span> <span class='ocrx_word' id='word_1_600' title='bbox 1890 953 1993 1004; x_wconf 84' lang='lat' dir='ltr'>quod</span> <span class='ocrx_word' id='word_1_601' title='bbox 2021 962 2156 1006; x_wconf 87' lang='lat' dir='ltr'>putent</span> <span class='ocrx_word' id='word_1_602' title='bbox 2182 956 2423 1007; x_wconf 83' lang='lat' dir='ltr'>potissimam</span> <span class='ocrx_word' id='word_1_603' title='bbox 2450 970 2514 995; x_wconf 87' lang='lat' dir='ltr'>ra-</span> 
     </span>
     <span class='ocr_line' id='line_1_78' title="bbox 1398 1007 2515 1059; baseline 0.002 -12"><span class='ocrx_word' id='word_1_604' title='bbox 1398 1010 1562 1055; x_wconf 83' lang='lat' dir='ltr'>tionem,</span> <span class='ocrx_word' id='word_1_605' title='bbox 1586 1008 1836 1059; x_wconf 63' lang='lat' dir='ltr'>=cur²gratia,</span> <span class='ocrx_word' id='word_1_606' title='bbox 1881 1007 1960 1046; x_wconf 80' lang='lat' dir='ltr'>sive</span> <span class='ocrx_word' id='word_1_607' title='bbox 1987 1008 2035 1045; x_wconf 85' lang='lat' dir='ltr'>ad</span> <span class='ocrx_word' id='word_1_608' title='bbox 2064 1008 2292 1046; x_wconf 83' lang='lat' dir='ltr'>credendum</span> <span class='ocrx_word' id='word_1_609' title='bbox 2311 1039 2321 1058; x_wconf 91' lang='lat'>,</span> <span class='ocrx_word' id='word_1_610' title='bbox 2353 1011 2437 1048; x_wconf 81' lang='lat' dir='ltr'>-sive</span> <span class='ocrx_word' id='word_1_611' title='bbox 2466 1011 2515 1049; x_wconf 79' lang='lat' dir='ltr'>ad.</span> 
     </span>
     <span class='ocr_line' id='line_1_79' title="bbox 1392 1060 2515 1115; baseline 0.004 -17"><span class='ocrx_word' id='word_1_612' title='bbox 1392 1062 1630 1113; x_wconf 82' lang='lat' dir='ltr'>operandum</span> <span class='ocrx_word' id='word_1_613' title='bbox 1659 1062 1867 1099; x_wconf 79' lang='lat' dir='ltr'>necessaria</span> <span class='ocrx_word' id='word_1_614' title='bbox 1898 1060 2047 1100; x_wconf 83' lang='lat' dir='ltr'>dicatur</span> <span class='ocrx_word' id='word_1_615' title='bbox 2068 1091 2080 1109; x_wconf 94' lang='lat'>,</span> <span class='ocrx_word' id='word_1_616' title='bbox 2129 1076 2206 1100; x_wconf 85' lang='lat' dir='ltr'>esse</span> <span class='ocrx_word' id='word_1_617' title='bbox 2231 1064 2361 1115; x_wconf 54' lang='lat' dir='ltr'>‘operis</span> <span class='ocrx_word' id='word_1_618' title='bbox 2391 1064 2515 1115; x_wconf 74' lang='lat' dir='ltr'>ipsius</span> 
     </span>
     <span class='ocr_line' id='line_1_80' title="bbox 1394 1113 2514 1167; baseline 0.002 -14"><span class='ocrx_word' id='word_1_619' title='bbox 1394 1113 1688 1161; x_wconf 71' lang='lat' dir='ltr'>difficultatem3</span> <span class='ocrx_word' id='word_1_620' title='bbox 1735 1114 1837 1166; x_wconf 85' lang='lat' dir='ltr'>quod</span> <span class='ocrx_word' id='word_1_621' title='bbox 1880 1114 1948 1151; x_wconf 85' lang='lat' dir='ltr'>etsi</span> <span class='ocrx_word' id='word_1_622' title='bbox 1989 1115 2220 1167; x_wconf 81' lang='lat' dir='ltr'>quaudoque</span> <span class='ocrx_word' id='word_1_623' title='bbox 2263 1129 2397 1155; x_wconf 87' lang='lat' dir='ltr'>verum</span> <span class='ocrx_word' id='word_1_624' title='bbox 2440 1118 2514 1166; x_wconf 75' lang='lat' dir='ltr'>sit,</span> 
     </span>
     <span class='ocr_line' id='line_1_81' title="bbox 1396 1167 2515 1221; baseline 0.003 -16"><span class='ocrx_word' id='word_1_625' title='bbox 1396 1170 1593 1221; x_wconf 81' lang='lat' dir='ltr'>praecipue</span> <span class='ocrx_word' id='word_1_626' title='bbox 1622 1168 1692 1207; x_wconf 86' lang='lat' dir='ltr'>ubi</span> <span class='ocrx_word' id='word_1_627' title='bbox 1720 1167 1924 1207; x_wconf 85' lang='lat' dir='ltr'>vehemens</span> <span class='ocrx_word' id='word_1_628' title='bbox 1953 1168 2107 1207; x_wconf 82' lang='lat' dir='ltr'>tentatio</span> <span class='ocrx_word' id='word_1_629' title='bbox 2126 1178 2261 1221; x_wconf 83' lang='lat' dir='ltr'>urget,</span> <span class='ocrx_word' id='word_1_630' title='bbox 2288 1179 2515 1208; x_wconf 84' lang='lat' dir='ltr'>nontamen</span> 
     </span>
     <span class='ocr_line' id='line_1_82' title="bbox 1394 1220 2517 1274; baseline 0.001 -14"><span class='ocrx_word' id='word_1_631' title='bbox 1394 1234 1546 1274; x_wconf 85' lang='lat' dir='ltr'>semper</span> <span class='ocrx_word' id='word_1_632' title='bbox 1576 1231 1629 1260; x_wconf 89' lang='lat' dir='ltr'>est</span> <span class='ocrx_word' id='word_1_633' title='bbox 1659 1235 1820 1261; x_wconf 81' lang='lat' dir='ltr'>verum.</span> <span class='ocrx_word' id='word_1_634' title='bbox 1851 1220 1962 1258; x_wconf 75' lang='lat' dir='ltr'>Ratio</span> <span class='ocrx_word' id='word_1_635' title='bbox 1988 1222 2146 1274; x_wconf 83' lang='lat' dir='ltr'>itaque,</span> <span class='ocrx_word' id='word_1_636' title='bbox 2175 1223 2225 1261; x_wconf 91' lang='lat' dir='ltr'>ob</span> <span class='ocrx_word' id='word_1_637' title='bbox 2254 1236 2371 1274; x_wconf 85' lang='lat' dir='ltr'>quam</span> <span class='ocrx_word' id='word_1_638' title='bbox 2393 1224 2517 1274; x_wconf 74' lang='lat' dir='ltr'>gratia.</span> 
     </span>
     <span class='ocr_line' id='line_1_83' title="bbox 1395 1274 2517 1325; baseline 0.002 -12"><span class='ocrx_word' id='word_1_639' title='bbox 1395 1277 1610 1314; x_wconf 83' lang='lat' dir='ltr'>necessaria</span> <span class='ocrx_word' id='word_1_640' title='bbox 1637 1276 1775 1317; x_wconf 87' lang='lat' dir='ltr'>dicitur</span> <span class='ocrx_word' id='word_1_641' title='bbox 1804 1274 1851 1313; x_wconf 82' lang='lat' dir='ltr'>ad</span> <span class='ocrx_word' id='word_1_642' title='bbox 1872 1283 2000 1312; x_wconf 82' lang='lat' dir='ltr'>actum</span> <span class='ocrx_word' id='word_1_643' title='bbox 2018 1275 2110 1313; x_wconf 82' lang='lat' dir='ltr'>fidei</span> <span class='ocrx_word' id='word_1_644' title='bbox 2132 1274 2362 1325; x_wconf 82' lang='lat' dir='ltr'>salutarem,</span> <span class='ocrx_word' id='word_1_645' title='bbox 2388 1276 2517 1315; x_wconf 64' lang='lat' dir='ltr'>addu-</span> 
     </span>
     <span class='ocr_line' id='line_1_84' title="bbox 1398 1327 2518 1379; baseline 0.001 -12"><span class='ocrx_word' id='word_1_646' title='bbox 1398 1332 1496 1367; x_wconf 89' lang='lat' dir='ltr'>citur</span> <span class='ocrx_word' id='word_1_647' title='bbox 1526 1343 1548 1366; x_wconf 91' lang='lat' dir='ltr'>a</span> <span class='ocrx_word' id='word_1_648' title='bbox 1578 1328 1618 1367; x_wconf 90' lang='lat' dir='ltr'><strong>S.</strong></span> <span class='ocrx_word' id='word_1_649' title='bbox 1650 1328 1801 1367; x_wconf 77' lang='lat' dir='ltr'>Thema</span> <span class='ocrx_word' id='word_1_650' title='bbox 1832 1332 1903 1379; x_wconf 81' lang='lat'><strong>(2.</strong></span> <span class='ocrx_word' id='word_1_651' title='bbox 1928 1341 1971 1366; x_wconf 68' lang='lat'><strong>9.</strong></span> <span class='ocrx_word' id='word_1_652' title='bbox 2001 1343 2041 1379; x_wconf 83' lang='lat' dir='ltr'><strong>q.</strong></span> <span class='ocrx_word' id='word_1_653' title='bbox 2059 1327 2101 1367; x_wconf 85' lang='lat'><strong>6.</strong></span> <span class='ocrx_word' id='word_1_654' title='bbox 2132 1338 2200 1368; x_wconf 85' lang='lat' dir='ltr'>art.</span> <span class='ocrx_word' id='word_1_655' title='bbox 2222 1328 2311 1378; x_wconf 89' lang='lat'><strong>1.):</strong></span> <span class='ocrx_word' id='word_1_656' title='bbox 2357 1359 2383 1378; x_wconf 91' lang='lat'><strong>„</strong></span> <span class='ocrx_word' id='word_1_657' title='bbox 2410 1330 2518 1378; x_wconf 76' lang='lat' dir='ltr'>&#39;Quia</span> 
     </span>
     <span class='ocr_line' id='line_1_85' title="bbox 1394 1379 2516 1432; baseline 0.001 -13"><span class='ocrx_word' id='word_1_658' title='bbox 1394 1411 1422 1431; x_wconf 85' lang='lat'><strong>„</strong></span> <span class='ocrx_word' id='word_1_659' title='bbox 1452 1395 1542 1420; x_wconf 89' lang='lat' dir='ltr'>cum</span> <span class='ocrx_word' id='word_1_660' title='bbox 1574 1381 1687 1419; x_wconf 79' lang='lat' dir='ltr'>homo</span> <span class='ocrx_word' id='word_1_661' title='bbox 1713 1382 1947 1420; x_wconf 74' lang='lat' dir='ltr'>assentiendo</span> <span class='ocrx_word' id='word_1_662' title='bbox 1977 1379 2065 1428; x_wconf 85' lang='lat' dir='ltr'>his,</span> <span class='ocrx_word' id='word_1_663' title='bbox 2088 1395 2183 1432; x_wconf 29' lang='lat' dir='ltr'>*qnae</span> <span class='ocrx_word' id='word_1_664' title='bbox 2213 1391 2299 1419; x_wconf 83' lang='lat' dir='ltr'>sunt</span> <span class='ocrx_word' id='word_1_665' title='bbox 2329 1382 2447 1429; x_wconf 84' lang='lat' dir='ltr'>fidei,</span> <span class='ocrx_word' id='word_1_666' title='bbox 2478 1396 2516 1420; x_wconf 45' lang='lat' dir='ltr'>e*</span> 
     </span>
     <span class='ocr_line' id='line_1_86' title="bbox 1394 1433 2517 1486; baseline 0.002 -16"><span class='ocrx_word' id='word_1_667' title='bbox 1394 1463 1420 1481; x_wconf 83' lang='lat'><em>„</em></span> <span class='ocrx_word' id='word_1_668' title='bbox 1450 1433 1597 1472; x_wconf 73' lang='lat' dir='ltr'>levetur</span> <span class='ocrx_word' id='word_1_669' title='bbox 1625 1447 1742 1485; x_wconf 83' lang='lat' dir='ltr'>snpra</span> <span class='ocrx_word' id='word_1_670' title='bbox 1761 1443 1936 1472; x_wconf 75' lang='lat' dir='ltr'>naturam</span> <span class='ocrx_word' id='word_1_671' title='bbox 1956 1446 2064 1470; x_wconf 83' lang='lat' dir='ltr'>suam</span> <span class='ocrx_word' id='word_1_672' title='bbox 2082 1462 2092 1480; x_wconf 74' lang='lat'>,</span> <span class='ocrx_word' id='word_1_673' title='bbox 2121 1442 2266 1484; x_wconf 83' lang='lat' dir='ltr'>oportet</span> <span class='ocrx_word' id='word_1_674' title='bbox 2281 1462 2293 1481; x_wconf 93' lang='lat'>,</span> <span class='ocrx_word' id='word_1_675' title='bbox 2319 1435 2424 1486; x_wconf 86' lang='lat' dir='ltr'>quod</span> <span class='ocrx_word' id='word_1_676' title='bbox 2445 1434 2517 1473; x_wconf 86' lang='lat' dir='ltr'>hoe</span> 
     </span>
     <span class='ocr_line' id='line_1_87' title="bbox 1394 1485 2517 1539; baseline 0.003 -16"><span class='ocrx_word' id='word_1_677' title='bbox 1394 1515 1421 1535; x_wconf 86' lang='lat'><strong>„</strong></span> <span class='ocrx_word' id='word_1_678' title='bbox 1453 1488 1541 1525; x_wconf 84' lang='lat' dir='ltr'>insit</span> <span class='ocrx_word' id='word_1_679' title='bbox 1567 1487 1607 1523; x_wconf 80' lang='lat' dir='ltr'>-ei</span> <span class='ocrx_word' id='word_1_680' title='bbox 1637 1499 1683 1523; x_wconf 79' lang='lat' dir='ltr'>ex</span> <span class='ocrx_word' id='word_1_681' title='bbox 1713 1485 1995 1538; x_wconf 77' lang='lat' dir='ltr'>supernaturali</span> <span class='ocrx_word' id='word_1_682' title='bbox 2026 1487 2219 1539; x_wconf 77' lang='lat' dir='ltr'>principio</span> <span class='ocrx_word' id='word_1_683' title='bbox 2247 1487 2406 1525; x_wconf 83' lang='lat' dir='ltr'>interius</span> <span class='ocrx_word' id='word_1_684' title='bbox 2435 1500 2517 1526; x_wconf 85' lang='lat' dir='ltr'>rno-</span> 
     </span>
     <span class='ocr_line' id='line_1_88' title="bbox 1395 1537 2518 1592; baseline -0.001 -13"><span class='ocrx_word' id='word_1_685' title='bbox 1395 1569 1422 1588; x_wconf 63' lang='lat'>2,</span> <span class='ocrx_word' id='word_1_686' title='bbox 1452 1549 1588 1587; x_wconf 85' lang='lat' dir='ltr'>vente,</span> <span class='ocrx_word' id='word_1_687' title='bbox 1612 1539 1723 1592; x_wconf 77' lang='lat' dir='ltr'>quod</span> <span class='ocrx_word' id='word_1_688' title='bbox 1751 1548 1804 1578; x_wconf 88' lang='lat' dir='ltr'>est</span> <span class='ocrx_word' id='word_1_689' title='bbox 1833 1539 1966 1585; x_wconf 74' lang='lat' dir='ltr'>Deus3</span> <span class='ocrx_word' id='word_1_690' title='bbox 1995 1537 2028 1574; x_wconf 85' lang='grc'>8(</span> <span class='ocrx_word' id='word_1_691' title='bbox 2058 1539 2143 1577; x_wconf 90' lang='lat' dir='ltr'>ideo</span> <span class='ocrx_word' id='word_1_692' title='bbox 2172 1539 2291 1587; x_wconf 77' lang='lat' dir='ltr'>fides,</span> <span class='ocrx_word' id='word_1_693' title='bbox 2330 1547 2518 1592; x_wconf 82' lang='lat' dir='ltr'>quantum</span> 
     </span>
     <span class='ocr_line' id='line_1_89' title="bbox 1394 1592 2519 1644; baseline 0.002 -13"><span class='ocrx_word' id='word_1_694' title='bbox 1394 1622 1420 1642; x_wconf 60' lang='lat'>2,</span> <span class='ocrx_word' id='word_1_695' title='bbox 1450 1594 1497 1631; x_wconf 84' lang='lat' dir='ltr'>ad</span> <span class='ocrx_word' id='word_1_696' title='bbox 1525 1606 1740 1641; x_wconf 79' lang='lat' dir='ltr'>assensum,</span> <span class='ocrx_word' id='word_1_697' title='bbox 1764 1594 1838 1644; x_wconf 37' lang='lat' dir='ltr'>‘qui</span> <span class='ocrx_word' id='word_1_698' title='bbox 1868 1601 1919 1629; x_wconf 89' lang='lat' dir='ltr'>est</span> <span class='ocrx_word' id='word_1_699' title='bbox 1935 1600 2040 1629; x_wconf 85' lang='lat' dir='ltr'>actus</span> <span class='ocrx_word' id='word_1_700' title='bbox 2062 1592 2287 1644; x_wconf 84' lang='lat' dir='ltr'>principalis</span> <span class='ocrx_word' id='word_1_701' title='bbox 2316 1593 2406 1632; x_wconf 80' lang='lat' dir='ltr'>fidei</span> <span class='ocrx_word' id='word_1_702' title='bbox 2423 1623 2434 1641; x_wconf 88' lang='lat'>,</span> <span class='ocrx_word' id='word_1_703' title='bbox 2460 1600 2519 1633; x_wconf 75' lang='lat' dir='ltr'>est</span> 
     </span>
     <span class='ocr_line' id='line_1_90' title="bbox 1392 1645 2520 1697; baseline 0.003 -14"><span class='ocrx_word' id='word_1_704' title='bbox 1392 1675 1421 1695; x_wconf 86' lang='lat'>„</span> <span class='ocrx_word' id='word_1_705' title='bbox 1451 1661 1473 1683; x_wconf 88' lang='lat' dir='ltr'>a</span> <span class='ocrx_word' id='word_1_706' title='bbox 1494 1646 1577 1683; x_wconf 80' lang='lat' dir='ltr'>Deo</span> <span class='ocrx_word' id='word_1_707' title='bbox 1605 1646 1764 1684; x_wconf 81' lang='lat' dir='ltr'>interius</span> <span class='ocrx_word' id='word_1_708' title='bbox 1791 1652 1970 1682; x_wconf 84' lang='lat' dir='ltr'>movente</span> <span class='ocrx_word' id='word_1_709' title='bbox 1985 1658 2053 1697; x_wconf 81' lang='lat' dir='ltr'>per</span> <span class='ocrx_word' id='word_1_710' title='bbox 2067 1647 2255 1696; x_wconf 76' lang='lat' dir='ltr'>gratiam.</span> <span class='ocrx_word' id='word_1_711' title='bbox 2285 1645 2394 1684; x_wconf 81' lang='lat' dir='ltr'>Hinc</span> <span class='ocrx_word' id='word_1_712' title='bbox 2409 1646 2520 1686; x_wconf 80' lang='lat' dir='ltr'>idem</span> 
     </span>
     <span class='ocr_line' id='line_1_91' title="bbox 1390 1697 2519 1750; baseline 0.001 -13"><span class='ocrx_word' id='word_1_713' title='bbox 1390 1728 1422 1749; x_wconf 78' lang='lat'>„</span> <span class='ocrx_word' id='word_1_714' title='bbox 1451 1699 1493 1737; x_wconf 82' lang='lat' dir='ltr'><strong>S.</strong></span> <span class='ocrx_word' id='word_1_715' title='bbox 1515 1697 1666 1736; x_wconf 85' lang='lat' dir='ltr'>Doctor</span> <span class='ocrx_word' id='word_1_716' title='bbox 1695 1700 1710 1749; x_wconf 96' lang='lat'>(</span> <span class='ocrx_word' id='word_1_717' title='bbox 1731 1698 1785 1737; x_wconf 90' lang='lat' dir='ltr'>ib.</span> <span class='ocrx_word' id='word_1_718' title='bbox 1806 1712 1845 1750; x_wconf 89' lang='lat' dir='ltr'><strong>q.</strong></span> <span class='ocrx_word' id='word_1_719' title='bbox 1864 1699 1899 1736; x_wconf 85' lang='lat'><strong>5.</strong></span> <span class='ocrx_word' id='word_1_720' title='bbox 1917 1708 1987 1737; x_wconf 83' lang='lat' dir='ltr'>art.</span> <span class='ocrx_word' id='word_1_721' title='bbox 2006 1697 2069 1746; x_wconf 81' lang='lat'><strong>2.)</strong></span> <span class='ocrx_word' id='word_1_722' title='bbox 2093 1698 2212 1746; x_wconf 82' lang='lat' dir='ltr'>Quod</span> <span class='ocrx_word' id='word_1_723' title='bbox 2232 1698 2403 1739; x_wconf 80' lang='lat' dir='ltr'>voluntas</span> <span class='ocrx_word' id='word_1_724' title='bbox 2417 1730 2428 1750; x_wconf 93' lang='lat'>,</span> <span class='ocrx_word' id='word_1_725' title='bbox 2457 1704 2519 1738; x_wconf 83' lang='lat' dir='ltr'>in-</span> 
     </span>
     <span class='ocr_line' id='line_1_92' title="bbox 1393 1751 2525 1805; baseline 0.004 -15"><span class='ocrx_word' id='word_1_726' title='bbox 1393 1783 1421 1803; x_wconf 83' lang='lat'>„</span> <span class='ocrx_word' id='word_1_727' title='bbox 1449 1756 1530 1805; x_wconf 78' lang='lat' dir='ltr'>quit</span> <span class='ocrx_word' id='word_1_728' title='bbox 1557 1761 1708 1791; x_wconf 86' lang='lat' dir='ltr'>moveat</span> <span class='ocrx_word' id='word_1_729' title='bbox 1737 1751 1975 1791; x_wconf 80' lang='lat' dir='ltr'>intellectum</span> <span class='ocrx_word' id='word_1_730' title='bbox 1997 1751 2051 1789; x_wconf 67' lang='lat' dir='ltr'>ad</span> <span class='ocrx_word' id='word_1_731' title='bbox 2071 1753 2371 1801; x_wconf 81' lang='lat' dir='ltr'>assentiendum,</span> <span class='ocrx_word' id='word_1_732' title='bbox 2400 1761 2525 1805; x_wconf 78' lang='lat' dir='ltr'>potest·</span> 
     </span>
     <span class='ocr_line' id='line_1_93' title="bbox 1394 1803 2519 1857; baseline 0 -12"><span class='ocrx_word' id='word_1_733' title='bbox 1394 1836 1420 1855; x_wconf 85' lang='lat'>,‚</span> <span class='ocrx_word' id='word_1_734' title='bbox 1450 1808 1665 1857; x_wconf 82' lang='lat' dir='ltr'>contingere</span> <span class='ocrx_word' id='word_1_735' title='bbox 1695 1818 1739 1843; x_wconf 86' lang='lat' dir='ltr'>ex</span> <span class='ocrx_word' id='word_1_736' title='bbox 1767 1805 1940 1844; x_wconf 86' lang='lat' dir='ltr'>duobus.</span> <span class='ocrx_word' id='word_1_737' title='bbox 1964 1803 2056 1842; x_wconf 80' lang='lat' dir='ltr'>‘Uno</span> <span class='ocrx_word' id='word_1_738' title='bbox 2085 1805 2197 1843; x_wconf 82' lang='lat' dir='ltr'>modo</span> <span class='ocrx_word' id='word_1_739' title='bbox 2226 1818 2271 1842; x_wconf 81' lang='lat' dir='ltr'>ex</span> <span class='ocrx_word' id='word_1_740' title='bbox 2300 1806 2430 1845; x_wconf 85' lang='lat' dir='ltr'>ordine</span> <span class='ocrx_word' id='word_1_741' title='bbox 2452 1818 2519 1845; x_wconf 84' lang='lat' dir='ltr'>vo-</span> 
     </span>
     <span class='ocr_line' id='line_1_94' title="bbox 1393 1858 2521 1908; baseline 0.001 -11"><span class='ocrx_word' id='word_1_742' title='bbox 1393 1889 1420 1908; x_wconf 89' lang='lat'><strong>„</strong></span> <span class='ocrx_word' id='word_1_743' title='bbox 1450 1860 1604 1898; x_wconf 83' lang='lat' dir='ltr'>luntatis</span> <span class='ocrx_word' id='word_1_744' title='bbox 1633 1859 1680 1897; x_wconf 86' lang='lat' dir='ltr'>ad</span> <span class='ocrx_word' id='word_1_745' title='bbox 1709 1859 1850 1897; x_wconf 87' lang='lat' dir='ltr'>honum</span> <span class='ocrx_word' id='word_1_746' title='bbox 1869 1889 1879 1907; x_wconf 90' lang='lat'>,</span> <span class='ocrx_word' id='word_1_747' title='bbox 1911 1858 1944 1895; x_wconf 85' lang='grc'>8(</span> <span class='ocrx_word' id='word_1_748' title='bbox 1965 1859 2018 1896; x_wconf 87' lang='lat' dir='ltr'>sic</span> <span class='ocrx_word' id='word_1_749' title='bbox 2036 1858 2192 1896; x_wconf 71' lang='lat' dir='ltr'>‘credere</span> <span class='ocrx_word' id='word_1_750' title='bbox 2218 1867 2273 1896; x_wconf 83' lang='lat' dir='ltr'>est</span> <span class='ocrx_word' id='word_1_751' title='bbox 2301 1867 2406 1897; x_wconf 87' lang='lat' dir='ltr'>actus</span> <span class='ocrx_word' id='word_1_752' title='bbox 2433 1859 2521 1898; x_wconf 83' lang='lat' dir='ltr'>lau-</span> 
     </span>
     <span class='ocr_line' id='line_1_95' title="bbox 1388 1910 2518 1964; baseline 0 -13"><span class='ocrx_word' id='word_1_753' title='bbox 1388 1943 1419 1962; x_wconf 82' lang='lat'><strong>„</strong></span> <span class='ocrx_word' id='word_1_754' title='bbox 1449 1913 1617 1959; x_wconf 79' lang='lat' dir='ltr'>dabilis3</span> <span class='ocrx_word' id='word_1_755' title='bbox 1646 1912 1722 1951; x_wconf 87' lang='lat' dir='ltr'>alio</span> <span class='ocrx_word' id='word_1_756' title='bbox 1749 1912 2008 1964; x_wconf 66' lang='lat' dir='ltr'>modo,‚quia</span> <span class='ocrx_word' id='word_1_757' title='bbox 2036 1910 2251 1951; x_wconf 83' lang='lat' dir='ltr'>intellectus</span> <span class='ocrx_word' id='word_1_758' title='bbox 2277 1914 2518 1953; x_wconf 82' lang='lat' dir='ltr'>convincitur</span> 
     </span>
     <span class='ocr_line' id='line_1_96' title="bbox 1394 1965 2525 2019; baseline 0 -14"><span class='ocrx_word' id='word_1_759' title='bbox 1394 1997 1421 2017; x_wconf 88' lang='lat'>„</span> <span class='ocrx_word' id='word_1_760' title='bbox 1450 1967 1496 2005; x_wconf 86' lang='lat' dir='ltr'>ad</span> <span class='ocrx_word' id='word_1_761' title='bbox 1527 1966 1626 2015; x_wconf 86' lang='lat' dir='ltr'>hoc,</span> <span class='ocrx_word' id='word_1_762' title='bbox 1656 1966 1757 2019; x_wconf 83' lang='lat' dir='ltr'>quod</span> <span class='ocrx_word' id='word_1_763' title='bbox 1787 1965 1931 2017; x_wconf 79' lang='lat' dir='ltr'>judicet</span> <span class='ocrx_word' id='word_1_764' title='bbox 1960 1979 2037 2004; x_wconf 76' lang='lat' dir='ltr'>esse</span> <span class='ocrx_word' id='word_1_765' title='bbox 2066 1965 2298 2004; x_wconf 86' lang='lat' dir='ltr'>credendum</span> <span class='ocrx_word' id='word_1_766' title='bbox 2317 1965 2525 2019; x_wconf 30' lang='lat' dir='ltr'>&#39;hiquuae</span> 
     </span>
     <span class='ocr_line' id='line_1_97' title="bbox 1395 2019 2526 2070; baseline 0.001 -12"><span class='ocrx_word' id='word_1_767' title='bbox 1395 2050 1421 2070; x_wconf 68' lang='lat'>:²</span> <span class='ocrx_word' id='word_1_768' title='bbox 1449 2021 1656 2068; x_wconf 86' lang='lat' dir='ltr'>dicuntur,</span> <span class='ocrx_word' id='word_1_769' title='bbox 1686 2019 1774 2057; x_wconf 88' lang='lat' dir='ltr'>licet</span> <span class='ocrx_word' id='word_1_770' title='bbox 1801 2033 1878 2057; x_wconf 80' lang='lat' dir='ltr'>non</span> <span class='ocrx_word' id='word_1_771' title='bbox 1907 2019 2159 2057; x_wconf 83' lang='lat' dir='ltr'>convincatur</span> <span class='ocrx_word' id='word_1_772' title='bbox 2187 2033 2256 2070; x_wconf 85' lang='lat' dir='ltr'>per</span> <span class='ocrx_word' id='word_1_773' title='bbox 2286 2020 2526 2060; x_wconf 38' lang='lat' dir='ltr'>evidentiam*</span> 
     </span>
     <span class='ocr_line' id='line_1_98' title="bbox 1394 2071 2527 2124; baseline 0.001 -12"><span class='ocrx_word' id='word_1_774' title='bbox 1394 2104 1421 2124; x_wconf 89' lang='lat'>„</span> <span class='ocrx_word' id='word_1_775' title='bbox 1451 2075 1567 2113; x_wconf 89' lang='lat' dir='ltr'>rei...</span> <span class='ocrx_word' id='word_1_776' title='bbox 1601 2074 1645 2111; x_wconf 84' lang='lat' dir='ltr'>In</span> <span class='ocrx_word' id='word_1_777' title='bbox 1675 2072 1856 2111; x_wconf 76' lang='lat' dir='ltr'>fidelihus</span> <span class='ocrx_word' id='word_1_778' title='bbox 1884 2071 2024 2111; x_wconf 83' lang='lat' dir='ltr'>Christi</span> <span class='ocrx_word' id='word_1_779' title='bbox 2053 2071 2231 2111; x_wconf 79' lang='lat' dir='ltr'>laudatur</span> <span class='ocrx_word' id='word_1_780' title='bbox 2260 2072 2356 2111; x_wconf 86' lang='lat' dir='ltr'>fides</span> <span class='ocrx_word' id='word_1_781' title='bbox 2383 2087 2527 2113; x_wconf 38' lang='lat' dir='ltr'>secun-⁷</span> 
     </span>
     <span class='ocr_line' id='line_1_99' title="bbox 1393 2125 2527 2180; baseline 0.002 -14"><span class='ocrx_word' id='word_1_782' title='bbox 1393 2157 1418 2178; x_wconf 91' lang='lat'>„</span> <span class='ocrx_word' id='word_1_783' title='bbox 1448 2128 1540 2166; x_wconf 89' lang='lat' dir='ltr'>dum</span> <span class='ocrx_word' id='word_1_784' title='bbox 1556 2128 1728 2180; x_wconf 85' lang='lat' dir='ltr'>primum</span> <span class='ocrx_word' id='word_1_785' title='bbox 1743 2127 1902 2165; x_wconf 82' lang='lat' dir='ltr'>modum</span> <span class='ocrx_word' id='word_1_786' title='bbox 1919 2155 1929 2174; x_wconf 91' lang='lat'><strong>‚</strong></span> <span class='ocrx_word' id='word_1_787' title='bbox 1960 2125 1993 2162; x_wconf 86' lang='grc'>8(</span> <span class='ocrx_word' id='word_1_788' title='bbox 2020 2125 2232 2166; x_wconf 85' lang='lat' dir='ltr'>secuudum</span> <span class='ocrx_word' id='word_1_789' title='bbox 2260 2125 2333 2165; x_wconf 79' lang='lat' dir='ltr'>hoc</span> <span class='ocrx_word' id='word_1_790' title='bbox 2362 2140 2437 2166; x_wconf 90' lang='lat' dir='ltr'>non</span> <span class='ocrx_word' id='word_1_791' title='bbox 2465 2135 2527 2168; x_wconf 65' lang='lat' dir='ltr'>est-</span> 
     </span>
    </p>
   </div>
   <div class='ocr_carea' id='block_1_9' title="bbox 1386 2177 2520 2231">
    <p class='ocr_par' dir='ltr' id='par_1_15' title="bbox 1386 2177 2520 2231">
     <span class='ocr_line' id='line_1_100' title="bbox 1386 2177 2520 2231; baseline -0.002 -11"><span class='ocrx_word' id='word_1_792' title='bbox 1386 2212 1418 2231; x_wconf 84' lang='lat'>.„</span> <span class='ocrx_word' id='word_1_793' title='bbox 1446 2182 1486 2220; x_wconf 86' lang='lat' dir='ltr'>iu</span> <span class='ocrx_word' id='word_1_794' title='bbox 1514 2181 1778 2229; x_wconf 77' lang='lat' dir='ltr'>daemonibus,</span> <span class='ocrx_word' id='word_1_795' title='bbox 1807 2180 1872 2219; x_wconf 84' lang='lat' dir='ltr'>sed</span> <span class='ocrx_word' id='word_1_796' title='bbox 1901 2177 2024 2217; x_wconf 85' lang='lat' dir='ltr'>solum</span> <span class='ocrx_word' id='word_1_797' title='bbox 2055 2180 2229 2219; x_wconf 81' lang='lat' dir='ltr'>-secundo</span> <span class='ocrx_word' id='word_1_798' title='bbox 2255 2180 2398 2220; x_wconf 86' lang='lat' dir='ltr'>modo.</span> <span class='ocrx_word' id='word_1_799' title='bbox 2445 2180 2520 2218; x_wconf 87' lang='lat' dir='ltr'>Vi—</span> 
     </span>
    </p>
   </div>
   <div class='ocr_carea' id='block_1_10' title="bbox 1391 2232 2527 2287">
    <p class='ocr_par' dir='ltr' id='par_1_16' title="bbox 1391 2232 2527 2287">
     <span class='ocr_line' id='line_1_101' title="bbox 1391 2232 2527 2287; baseline 0.001 -14"><span class='ocrx_word' id='word_1_800' title='bbox 1391 2265 1419 2284; x_wconf 91' lang='lat'>„</span> <span class='ocrx_word' id='word_1_801' title='bbox 1448 2235 1537 2274; x_wconf 89' lang='lat' dir='ltr'>dent</span> <span class='ocrx_word' id='word_1_802' title='bbox 1564 2235 1666 2273; x_wconf 84' lang='lat' dir='ltr'>euim</span> <span class='ocrx_word' id='word_1_803' title='bbox 1694 2233 1817 2272; x_wconf 81' lang='lat' dir='ltr'>multa</span> <span class='ocrx_word' id='word_1_804' title='bbox 1844 2232 2045 2272; x_wconf 82' lang='lat' dir='ltr'>manifesta</span> <span class='ocrx_word' id='word_1_805' title='bbox 2073 2234 2245 2282; x_wconf 86' lang='lat' dir='ltr'>indicia,</span> <span class='ocrx_word' id='word_1_806' title='bbox 2285 2247 2334 2272; x_wconf 80' lang='lat' dir='ltr'>ex</span> <span class='ocrx_word' id='word_1_807' title='bbox 2373 2233 2527 2287; x_wconf 70' lang='lat' dir='ltr'>quibus¹</span> 
     </span>
    </p>
   </div>
   <div class='ocr_carea' id='block_1_11' title="bbox 1386 2286 2522 2342">
    <p class='ocr_par' dir='ltr' id='par_1_17' title="bbox 1386 2286 2522 2342">
     <span class='ocr_line' id='line_1_102' title="bbox 1386 2286 2522 2342; baseline -0.001 -15"><span class='ocrx_word' id='word_1_808' title='bbox 1386 2318 1419 2338; x_wconf 10' lang='lat' dir='ltr'>a„</span> <span class='ocrx_word' id='word_1_809' title='bbox 1449 2288 1668 2342; x_wconf 85' lang='lat' dir='ltr'>percipiunt</span> <span class='ocrx_word' id='word_1_810' title='bbox 1687 2287 1896 2326; x_wconf 80' lang='lat' dir='ltr'>doctrinam</span> <span class='ocrx_word' id='word_1_811' title='bbox 1916 2286 2102 2326; x_wconf 83' lang='lat' dir='ltr'>Ecclesiae</span> <span class='ocrx_word' id='word_1_812' title='bbox 2118 2302 2140 2325; x_wconf 85' lang='lat' dir='ltr'>a</span> <span class='ocrx_word' id='word_1_813' title='bbox 2160 2286 2243 2325; x_wconf 91' lang='lat' dir='ltr'>Deo</span> <span class='ocrx_word' id='word_1_814' title='bbox 2256 2301 2361 2334; x_wconf 80' lang='lat' dir='ltr'>esse3</span> <span class='ocrx_word' id='word_1_815' title='bbox 2382 2301 2522 2339; x_wconf 86' lang='lat' dir='ltr'>quam·</span> 
     </span>
    </p>
   </div>
   <div class='ocr_carea' id='block_1_12' title="bbox 1392 2340 2524 2553">
    <p class='ocr_par' dir='ltr' id='par_1_18' title="bbox 1392 2340 2524 2501">
     <span class='ocr_line' id='line_1_103' title="bbox 1392 2340 2524 2393; baseline -0.001 -12"><span class='ocrx_word' id='word_1_816' title='bbox 1392 2372 1420 2392; x_wconf 85' lang='lat'>„</span> <span class='ocrx_word' id='word_1_817' title='bbox 1449 2356 1507 2381; x_wconf 82' lang='lat' dir='ltr'>vis</span> <span class='ocrx_word' id='word_1_818' title='bbox 1533 2356 1608 2392; x_wconf 73' lang='grc' dir='ltr'>ψει</span> <span class='ocrx_word' id='word_1_819' title='bbox 1638 2355 1697 2380; x_wconf 86' lang='lat' dir='ltr'>res</span> <span class='ocrx_word' id='word_1_820' title='bbox 1712 2342 1838 2393; x_wconf 69' lang='lat' dir='ltr'>ipsaS,</span> <span class='ocrx_word' id='word_1_821' title='bbox 1871 2354 1965 2393; x_wconf 78' lang='lat' dir='ltr'>quas</span> <span class='ocrx_word' id='word_1_822' title='bbox 1994 2340 2168 2379; x_wconf 84' lang='lat' dir='ltr'>Ecclesia</span> <span class='ocrx_word' id='word_1_823' title='bbox 2190 2342 2330 2390; x_wconf 78' lang='lat' dir='ltr'>docet,</span> <span class='ocrx_word' id='word_1_824' title='bbox 2357 2354 2430 2379; x_wconf 84' lang='lat' dir='ltr'>non</span> <span class='ocrx_word' id='word_1_825' title='bbox 2461 2342 2524 2380; x_wconf 83' lang='lat' dir='ltr'>vi-</span> 
     </span>
     <span class='ocr_line' id='line_1_104' title="bbox 1394 2392 2519 2447; baseline -0.001 -14"><span class='ocrx_word' id='word_1_826' title='bbox 1394 2425 1421 2445; x_wconf 80' lang='lat'><strong>„</strong></span> <span class='ocrx_word' id='word_1_827' title='bbox 1450 2395 1560 2433; x_wconf 83' lang='lat' dir='ltr'>deant</span> <span class='ocrx_word' id='word_1_828' title='bbox 1578 2425 1587 2443; x_wconf 94' lang='lat'>‚</span> <span class='ocrx_word' id='word_1_829' title='bbox 1615 2405 1709 2447; x_wconf 83' lang='lat' dir='ltr'>puta</span> <span class='ocrx_word' id='word_1_830' title='bbox 1729 2395 1857 2433; x_wconf 89' lang='lat' dir='ltr'>Deum</span> <span class='ocrx_word' id='word_1_831' title='bbox 1888 2408 1965 2432; x_wconf 85' lang='lat' dir='ltr'>esse</span> <span class='ocrx_word' id='word_1_832' title='bbox 1994 2395 2137 2432; x_wconf 88' lang='lat' dir='ltr'>trinum</span> <span class='ocrx_word' id='word_1_833' title='bbox 2154 2423 2165 2442; x_wconf 87' lang='lat'>,</span> <span class='ocrx_word' id='word_1_834' title='bbox 2208 2394 2246 2430; x_wconf 80' lang='grc'>8(</span> <span class='ocrx_word' id='word_1_835' title='bbox 2276 2407 2397 2433; x_wconf 85' lang='lat' dir='ltr'>unum</span> <span class='ocrx_word' id='word_1_836' title='bbox 2414 2423 2426 2443; x_wconf 88' lang='lat'>,</span> <span class='ocrx_word' id='word_1_837' title='bbox 2455 2392 2519 2435; x_wconf 81' lang='lat' dir='ltr'>vel</span> 
     </span>
     <span class='ocr_line' id='line_1_105' title="bbox 1395 2447 1928 2501; baseline -0.004 -15"><span class='ocrx_word' id='word_1_838' title='bbox 1395 2478 1422 2499; x_wconf 89' lang='lat'>„</span> <span class='ocrx_word' id='word_1_839' title='bbox 1452 2449 1602 2501; x_wconf 83' lang='lat' dir='ltr'>aliquid</span> <span class='ocrx_word' id='word_1_840' title='bbox 1632 2447 1855 2500; x_wconf 86' lang='lat' dir='ltr'>hujusmodi</span> <span class='ocrx_word' id='word_1_841' title='bbox 1871 2449 1897 2468; x_wconf 80' lang='grc'><strong>“</strong></span> <span class='ocrx_word' id='word_1_842' title='bbox 1916 2472 1928 2485; x_wconf 79' lang='grc'><strong>.</strong></span> 
     </span>
    </p>

    <p class='ocr_par' dir='ltr' id='par_1_19' title="bbox 1447 2498 2520 2553">
     <span class='ocr_line' id='line_1_106' title="bbox 1447 2498 2520 2553; baseline -0.001 -12"><span class='ocrx_word' id='word_1_843' title='bbox 1447 2502 1516 2541; x_wconf 87' lang='lat'><strong>62.</strong></span> <span class='ocrx_word' id='word_1_844' title='bbox 1546 2502 1665 2541; x_wconf 87' lang='lat' dir='ltr'>Docet</span> <span class='ocrx_word' id='word_1_845' title='bbox 1693 2510 1879 2553; x_wconf 79' lang='lat' dir='ltr'>praeterea</span> <span class='ocrx_word' id='word_1_846' title='bbox 1896 2500 2002 2539; x_wconf 79' lang='lat' dir='ltr'>idem</span> <span class='ocrx_word' id='word_1_847' title='bbox 2018 2498 2225 2552; x_wconf 79' lang='lat' dir='ltr'>Angelicus</span> <span class='ocrx_word' id='word_1_848' title='bbox 2255 2501 2342 2551; x_wconf 89' lang='lat' dir='ltr'>(ib.</span> <span class='ocrx_word' id='word_1_849' title='bbox 2363 2509 2434 2540; x_wconf 85' lang='lat' dir='ltr'>art.</span> <span class='ocrx_word' id='word_1_850' title='bbox 2446 2500 2520 2551; x_wconf 79' lang='lat'><strong>3.)</strong></span> 
     </span>
    </p>
   </div>
   <div class='ocr_carea' id='block_1_13' title="bbox 1387 2553 2519 2606">
    <p class='ocr_par' dir='ltr' id='par_1_20' title="bbox 1387 2553 2519 2606">
     <span class='ocr_line' id='line_1_107' title="bbox 1387 2553 2519 2606; baseline 0.003 -16"><span class='ocrx_word' id='word_1_851' title='bbox 1387 2586 1420 2606; x_wconf 25' lang='lat'>⁴„</span> <span class='ocrx_word' id='word_1_852' title='bbox 1451 2557 1491 2594; x_wconf 84' lang='lat' dir='ltr'>iu</span> <span class='ocrx_word' id='word_1_853' title='bbox 1522 2555 1704 2593; x_wconf 88' lang='lat' dir='ltr'>haeretico</span> <span class='ocrx_word' id='word_1_854' title='bbox 1747 2554 1981 2593; x_wconf 69' lang='lat' dir='ltr'>discredente</span> <span class='ocrx_word' id='word_1_855' title='bbox 2022 2566 2144 2591; x_wconf 88' lang='lat' dir='ltr'>unum</span> <span class='ocrx_word' id='word_1_856' title='bbox 2182 2553 2391 2592; x_wconf 82' lang='lat' dir='ltr'>articulum</span> <span class='ocrx_word' id='word_1_857' title='bbox 2426 2554 2519 2594; x_wconf 77' lang='lat' dir='ltr'>fidei</span> 
     </span>
    </p>
   </div>
   <div class='ocr_carea' id='block_1_14' title="bbox 1389 2606 2528 3037">
    <p class='ocr_par' dir='ltr' id='par_1_21' title="bbox 1389 2606 2528 3037">
     <span class='ocr_line' id='line_1_108' title="bbox 1394 2606 2519 2660; baseline -0.002 -13"><span class='ocrx_word' id='word_1_858' title='bbox 1394 2639 1420 2660; x_wconf 91' lang='lat'>„</span> <span class='ocrx_word' id='word_1_859' title='bbox 1450 2623 1524 2648; x_wconf 91' lang='lat' dir='ltr'>non</span> <span class='ocrx_word' id='word_1_860' title='bbox 1554 2622 1709 2648; x_wconf 86' lang='lat' dir='ltr'>manere</span> <span class='ocrx_word' id='word_1_861' title='bbox 1730 2608 1872 2657; x_wconf 86' lang='lat' dir='ltr'>fidem,</span> <span class='ocrx_word' id='word_1_862' title='bbox 1899 2619 2023 2659; x_wconf 87' lang='lat' dir='ltr'>neque</span> <span class='ocrx_word' id='word_1_863' title='bbox 2044 2606 2247 2644; x_wconf 80' lang='lat' dir='ltr'>formatam</span> <span class='ocrx_word' id='word_1_864' title='bbox 2266 2636 2276 2656; x_wconf 90' lang='lat'>,</span> <span class='ocrx_word' id='word_1_865' title='bbox 2305 2619 2431 2658; x_wconf 86' lang='lat' dir='ltr'>neque</span> <span class='ocrx_word' id='word_1_866' title='bbox 2460 2608 2519 2645; x_wconf 89' lang='lat' dir='ltr'>in-</span> 
     </span>
     <span class='ocr_line' id='line_1_109' title="bbox 1389 2657 2516 2714; baseline -0.003 -13"><span class='ocrx_word' id='word_1_867' title='bbox 1389 2692 1422 2712; x_wconf 85' lang='lat'>.,‚</span> <span class='ocrx_word' id='word_1_868' title='bbox 1453 2664 1617 2702; x_wconf 84' lang='lat' dir='ltr'>formem</span> <span class='ocrx_word' id='word_1_869' title='bbox 1635 2693 1646 2712; x_wconf 91' lang='lat'>,</span> <span class='ocrx_word' id='word_1_870' title='bbox 1675 2663 1789 2714; x_wconf 80' lang='lat' dir='ltr'>cujus</span> <span class='ocrx_word' id='word_1_871' title='bbox 1808 2661 2000 2700; x_wconf 74' lang='lat' dir='ltr'>doctrinae</span> <span class='ocrx_word' id='word_1_872' title='bbox 2020 2658 2124 2697; x_wconf 73' lang='lat' dir='ltr'>hanc</span> <span class='ocrx_word' id='word_1_873' title='bbox 2145 2657 2268 2708; x_wconf 82' lang='lat' dir='ltr'>affert</span> <span class='ocrx_word' id='word_1_874' title='bbox 2286 2664 2516 2699; x_wconf 79' lang='lat' dir='ltr'>rationem:</span> 
     </span>
     <span class='ocr_line' id='line_1_110' title="bbox 1397 2713 2520 2769; baseline -0.002 -15"><span class='ocrx_word' id='word_1_875' title='bbox 1397 2747 1423 2766; x_wconf 91' lang='lat'>„</span> <span class='ocrx_word' id='word_1_876' title='bbox 1454 2716 1633 2755; x_wconf 80' lang='lat' dir='ltr'>Formale</span> <span class='ocrx_word' id='word_1_877' title='bbox 1661 2717 1855 2769; x_wconf 86' lang='lat' dir='ltr'>objectum</span> <span class='ocrx_word' id='word_1_878' title='bbox 1898 2713 1989 2750; x_wconf 82' lang='lat' dir='ltr'>fidei</span> <span class='ocrx_word' id='word_1_879' title='bbox 2015 2721 2070 2751; x_wconf 80' lang='lat' dir='ltr'>est</span> <span class='ocrx_word' id='word_1_880' title='bbox 2099 2715 2238 2752; x_wconf 86' lang='lat' dir='ltr'>veritas</span> <span class='ocrx_word' id='word_1_881' title='bbox 2266 2715 2394 2766; x_wconf 81' lang='lat' dir='ltr'>prima</span> <span class='ocrx_word' id='word_1_882' title='bbox 2411 2744 2421 2762; x_wconf 87' lang='lat'>,</span> <span class='ocrx_word' id='word_1_883' title='bbox 2460 2728 2520 2752; x_wconf 80' lang='lat' dir='ltr'>se-</span> 
     </span>
     <span class='ocr_line' id='line_1_111' title="bbox 1454 2766 2517 2822; baseline -0.004 -14"><span class='ocrx_word' id='word_1_884' title='bbox 1454 2771 1627 2809; x_wconf 88' lang='lat' dir='ltr'>cundum</span> <span class='ocrx_word' id='word_1_885' title='bbox 1654 2770 1757 2822; x_wconf 81' lang='lat' dir='ltr'>quod</span> <span class='ocrx_word' id='word_1_886' title='bbox 1786 2767 2050 2807; x_wconf 84' lang='lat' dir='ltr'>manifestatur</span> <span class='ocrx_word' id='word_1_887' title='bbox 2079 2767 2119 2804; x_wconf 85' lang='lat' dir='ltr'>in</span> <span class='ocrx_word' id='word_1_888' title='bbox 2138 2766 2346 2819; x_wconf 84' lang='lat' dir='ltr'>Scripturis</span> <span class='ocrx_word' id='word_1_889' title='bbox 2366 2768 2517 2817; x_wconf 88' lang='lat' dir='ltr'>Sacris,</span> 
     </span>
     <span class='ocr_line' id='line_1_112' title="bbox 1398 2820 2523 2873; baseline -0.002 -12"><span class='ocrx_word' id='word_1_890' title='bbox 1398 2854 1423 2873; x_wconf 88' lang='lat'><strong>„</strong></span> <span class='ocrx_word' id='word_1_891' title='bbox 1454 2824 1488 2861; x_wconf 84' lang='grc'>8(</span> <span class='ocrx_word' id='word_1_892' title='bbox 1516 2825 1691 2863; x_wconf 79' lang='lat' dir='ltr'>doctrina</span> <span class='ocrx_word' id='word_1_893' title='bbox 1718 2821 1903 2860; x_wconf 85' lang='lat' dir='ltr'>Ecclesiae</span> <span class='ocrx_word' id='word_1_894' title='bbox 1921 2849 1931 2867; x_wconf 91' lang='lat'>,</span> <span class='ocrx_word' id='word_1_895' title='bbox 1968 2833 2059 2872; x_wconf 84' lang='lat' dir='ltr'>quae</span> <span class='ocrx_word' id='word_1_896' title='bbox 2089 2820 2259 2872; x_wconf 88' lang='lat' dir='ltr'>procedit</span> <span class='ocrx_word' id='word_1_897' title='bbox 2285 2834 2333 2858; x_wconf 83' lang='lat' dir='ltr'>ex</span> <span class='ocrx_word' id='word_1_898' title='bbox 2363 2822 2523 2860; x_wconf 83' lang='lat' dir='ltr'>veritate</span> 
     </span>
     <span class='ocr_line' id='line_1_113' title="bbox 1397 2872 2528 2931; baseline -0.003 -15"><span class='ocrx_word' id='word_1_899' title='bbox 1397 2908 1422 2927; x_wconf 82' lang='lat'>„</span> <span class='ocrx_word' id='word_1_900' title='bbox 1453 2879 1608 2931; x_wconf 87' lang='lat' dir='ltr'>prima.</span> <span class='ocrx_word' id='word_1_901' title='bbox 1639 2876 1751 2915; x_wconf 85' lang='lat' dir='ltr'>Unde</span> <span class='ocrx_word' id='word_1_902' title='bbox 1769 2875 2008 2928; x_wconf 87' lang='lat' dir='ltr'>quicumque</span> <span class='ocrx_word' id='word_1_903' title='bbox 2036 2887 2112 2913; x_wconf 88' lang='lat' dir='ltr'>non</span> <span class='ocrx_word' id='word_1_904' title='bbox 2144 2872 2307 2913; x_wconf 84' lang='lat' dir='ltr'>inhaeret</span> <span class='ocrx_word' id='word_1_905' title='bbox 2335 2875 2432 2913; x_wconf 85' lang='lat' dir='ltr'>sicut</span> <span class='ocrx_word' id='word_1_906' title='bbox 2460 2876 2528 2914; x_wconf 65' lang='lat' dir='ltr'>iu-</span> 
     </span>
     <span class='ocr_line' id='line_1_114' title="bbox 1396 2927 2521 2981; baseline -0.001 -13"><span class='ocrx_word' id='word_1_907' title='bbox 1396 2961 1422 2981; x_wconf 89' lang='lat'><strong>„</strong></span> <span class='ocrx_word' id='word_1_908' title='bbox 1454 2930 1615 2970; x_wconf 81' lang='lat' dir='ltr'>fallibili</span> <span class='ocrx_word' id='word_1_909' title='bbox 1633 2959 1644 2977; x_wconf 88' lang='lat'>,</span> <span class='ocrx_word' id='word_1_910' title='bbox 1673 2928 1708 2963; x_wconf 78' lang='grc'>8(</span> <span class='ocrx_word' id='word_1_911' title='bbox 1734 2927 1879 2965; x_wconf 60' lang='grc' dir='ltr'>Υὀίνίηεε</span> <span class='ocrx_word' id='word_1_912' title='bbox 1909 2927 2081 2979; x_wconf 70' lang='lat' dir='ltr'>regulae,</span> <span class='ocrx_word' id='word_1_913' title='bbox 2112 2928 2294 2967; x_wconf 74' lang='lat' dir='ltr'>doctrinae</span> <span class='ocrx_word' id='word_1_914' title='bbox 2315 2928 2521 2977; x_wconf 73' lang='lat' dir='ltr'>Ecclesiae,</span> 
     </span>
     <span class='ocr_line' id='line_1_115' title="bbox 1394 2981 2524 3037; baseline -0.001 -16"><span class='ocrx_word' id='word_1_915' title='bbox 1394 3015 1422 3035; x_wconf 91' lang='lat'>„</span> <span class='ocrx_word' id='word_1_916' title='bbox 1451 2998 1539 3037; x_wconf 67' lang='lat' dir='ltr'>quas</span> <span class='ocrx_word' id='word_1_917' title='bbox 1583 2981 1752 3034; x_wconf 87' lang='lat' dir='ltr'>procedit</span> <span class='ocrx_word' id='word_1_918' title='bbox 1791 2994 1836 3019; x_wconf 87' lang='lat' dir='ltr'>ex</span> <span class='ocrx_word' id='word_1_919' title='bbox 1879 2983 2038 3022; x_wconf 80' lang='lat' dir='ltr'>veritate</span> <span class='ocrx_word' id='word_1_920' title='bbox 2078 2983 2207 3034; x_wconf 82' lang='lat' dir='ltr'>prima</span> <span class='ocrx_word' id='word_1_921' title='bbox 2238 2984 2285 3021; x_wconf 73' lang='lat' dir='ltr'>‘in</span> <span class='ocrx_word' id='word_1_922' title='bbox 2313 2981 2524 3034; x_wconf 82' lang='lat' dir='ltr'>Scripturis</span> 
     </span>
    </p>
   </div>
   <div class='ocr_carea' id='block_1_15' title="bbox 1398 2800 1424 2820">
    <p class='ocr_par' dir='ltr' id='par_1_22' title="bbox 1398 2800 1424 2820">
     <span class='ocr_line' id='line_1_116' title="bbox 1398 2800 1424 2820; baseline -0.038 0"><span class='ocrx_word' id='word_1_923' title='bbox 1398 2800 1424 2820; x_wconf 70' lang='lat'>&gt;5</span> 
     </span>
    </p>
   </div>
   <div class='ocr_carea' id='block_1_16' title="bbox 1388 3034 2521 3088">
    <p class='ocr_par' dir='ltr' id='par_1_23' title="bbox 1388 3034 2521 3088">
     <span class='ocr_line' id='line_1_117' title="bbox 1388 3034 2521 3088; baseline -0.002 -14"><span class='ocrx_word' id='word_1_924' title='bbox 1388 3068 1422 3088; x_wconf 89' lang='lat'>.„</span> <span class='ocrx_word' id='word_1_925' title='bbox 1448 3037 1578 3077; x_wconf 82' lang='lat' dir='ltr'>Sacris</span> <span class='ocrx_word' id='word_1_926' title='bbox 1607 3035 1873 3085; x_wconf 79' lang='lat' dir='ltr'>manifestata,</span> <span class='ocrx_word' id='word_1_927' title='bbox 1918 3034 1985 3074; x_wconf 89' lang='lat' dir='ltr'>ille</span> <span class='ocrx_word' id='word_1_928' title='bbox 2013 3048 2091 3076; x_wconf 86' lang='lat' dir='ltr'>non</span> <span class='ocrx_word' id='word_1_929' title='bbox 2121 3034 2235 3075; x_wconf 84' lang='lat' dir='ltr'>habet</span> <span class='ocrx_word' id='word_1_930' title='bbox 2263 3036 2441 3074; x_wconf 80' lang='lat' dir='ltr'>habitum</span> <span class='ocrx_word' id='word_1_931' title='bbox 2472 3034 2521 3073; x_wconf 83' lang='lat' dir='ltr'>fi-</span> 
     </span>
    </p>
   </div>
   <div class='ocr_carea' id='block_1_17' title="bbox 2345 3088 2468 3139">
    <p class='ocr_par' dir='ltr' id='par_1_24' title="bbox 2345 3088 2468 3139">
     <span class='ocr_line' id='line_1_118' title="bbox 2345 3088 2468 3139; baseline 0 -12"><span class='ocrx_word' id='word_1_932' title='bbox 2345 3118 2374 3139; x_wconf 83' lang='lat'>„</span> <span class='ocrx_word' id='word_1_933' title='bbox 2403 3088 2468 3127; x_wconf 89' lang='lat' dir='ltr'>dei</span> 
     </span>
    </p>
   </div>
   <div class='ocr_carea' id='block_1_18' title="bbox 1390 3233 2549 3426">
    <p class='ocr_par' dir='ltr' id='par_1_25' title="bbox 1390 3233 2549 3426">
     <span class='ocr_line' id='line_1_119' title="bbox 1390 3233 2523 3284; baseline -0.004 -9"><span class='ocrx_word' id='word_1_934' title='bbox 1390 3261 1422 3283; x_wconf 85' lang='lat'>·„</span> <span class='ocrx_word' id='word_1_935' title='bbox 1448 3252 1533 3275; x_wconf 85' lang='lat' dir='ltr'>num</span> <span class='ocrx_word' id='word_1_936' title='bbox 1559 3239 1623 3275; x_wconf 84' lang='lat' dir='ltr'>Dei</span> <span class='ocrx_word' id='word_1_937' title='bbox 1650 3250 1722 3273; x_wconf 83' lang='lat' dir='ltr'>esse</span> <span class='ocrx_word' id='word_1_938' title='bbox 1749 3238 1925 3281; x_wconf 72' lang='lat' dir='ltr'>fatemur,</span> <span class='ocrx_word' id='word_1_939' title='bbox 1956 3238 2121 3284; x_wconf 80' lang='lat' dir='ltr'>quoniam</span> <span class='ocrx_word' id='word_1_940' title='bbox 2153 3233 2250 3281; x_wconf 79' lang='lat' dir='ltr'>exigi</span> <span class='ocrx_word' id='word_1_941' title='bbox 2277 3233 2476 3270; x_wconf 79' lang='lat' dir='ltr'>audivimus</span> <span class='ocrx_word' id='word_1_942' title='bbox 2502 3247 2523 3270; x_wconf 73' lang='lat' dir='ltr'>a</span> 
     </span>
     <span class='ocr_line' id='line_1_120' title="bbox 1393 3282 2523 3331; baseline -0.006 -10"><span class='ocrx_word' id='word_1_943' title='bbox 1393 3309 1422 3331; x_wconf 74' lang='lat'>2,</span> <span class='ocrx_word' id='word_1_944' title='bbox 1448 3288 1575 3329; x_wconf 78' lang='lat' dir='ltr'>nohis,</span> <span class='ocrx_word' id='word_1_945' title='bbox 1603 3287 1747 3331; x_wconf 76' lang='lat' dir='ltr'>praemio</span> <span class='ocrx_word' id='word_1_946' title='bbox 1772 3288 1852 3320; x_wconf 76' lang='lat' dir='ltr'>vitae</span> <span class='ocrx_word' id='word_1_947' title='bbox 1872 3309 1882 3327; x_wconf 87' lang='lat'>‚</span> <span class='ocrx_word' id='word_1_948' title='bbox 1908 3287 1935 3319; x_wconf 84' lang='lat' dir='ltr'>si</span> <span class='ocrx_word' id='word_1_949' title='bbox 1962 3287 2026 3320; x_wconf 82' lang='lat' dir='ltr'>hoc</span> <span class='ocrx_word' id='word_1_950' title='bbox 2052 3285 2260 3322; x_wconf 84' lang='lat' dir='ltr'>fecerimus,</span> <span class='ocrx_word' id='word_1_951' title='bbox 2285 3283 2433 3316; x_wconf 77' lang='lat' dir='ltr'>oblato?</span> <span class='ocrx_word' id='word_1_952' title='bbox 2459 3282 2523 3315; x_wconf 82' lang='lat' dir='ltr'>ab-</span> 
     </span>
     <span class='ocr_line' id='line_1_121' title="bbox 1393 3329 2549 3378; baseline -0.003 -12"><span class='ocrx_word' id='word_1_953' title='bbox 1393 3356 1420 3376; x_wconf 91' lang='lat'><strong>„</strong></span> <span class='ocrx_word' id='word_1_954' title='bbox 1445 3335 1516 3375; x_wconf 88' lang='lat' dir='ltr'>sit,</span> <span class='ocrx_word' id='word_1_955' title='bbox 1540 3345 1579 3368; x_wconf 86' lang='lat' dir='ltr'>nt</span> <span class='ocrx_word' id='word_1_956' title='bbox 1604 3334 1669 3367; x_wconf 83' lang='lat' dir='ltr'>hoc</span> <span class='ocrx_word' id='word_1_957' title='bbox 1694 3335 1830 3378; x_wconf 74' lang='lat' dir='ltr'>placeat</span> <span class='ocrx_word' id='word_1_958' title='bbox 1848 3333 2079 3378; x_wconf 78' lang='lat' dir='ltr'>participibus</span> <span class='ocrx_word' id='word_1_959' title='bbox 2094 3353 2103 3371; x_wconf 85' lang='lat'>‚</span> <span class='ocrx_word' id='word_1_960' title='bbox 2131 3334 2162 3362; x_wconf 68' lang='grc' dir='ltr'>ἃ</span> <span class='ocrx_word' id='word_1_961' title='bbox 2181 3329 2422 3363; x_wconf 80' lang='lat' dir='ltr'>defensoribus</span> <span class='ocrx_word' id='word_1_962' title='bbox 2441 3339 2523 3372; x_wconf 71' lang='lat' dir='ltr'>gra·</span> <span class='ocrx_word' id='word_1_963' title='bbox 2545 3342 2549 3346; x_wconf 66' lang='lat'>¹</span> 
     </span>
     <span class='ocr_line' id='line_1_122' title="bbox 1392 3375 2478 3426; baseline -0.006 -11"><span class='ocrx_word' id='word_1_964' title='bbox 1392 3402 1419 3423; x_wconf 84' lang='lat'>‚‚</span> <span class='ocrx_word' id='word_1_965' title='bbox 1445 3381 1524 3415; x_wconf 79' lang='lat' dir='ltr'>tiae.</span> <span class='ocrx_word' id='word_1_966' title='bbox 1553 3381 1820 3426; x_wconf 71' lang='lat' dir='ltr'>pelagianorum</span> <span class='ocrx_word' id='word_1_967' title='bbox 1844 3390 1896 3415; x_wconf 81' lang='lat' dir='ltr'>est</span> <span class='ocrx_word' id='word_1_968' title='bbox 1923 3379 2022 3415; x_wconf 70' lang='lat' dir='ltr'>error</span> <span class='ocrx_word' id='word_1_969' title='bbox 2046 3378 2111 3412; x_wconf 77' lang='lat' dir='ltr'>iste</span> <span class='ocrx_word' id='word_1_970' title='bbox 2137 3375 2353 3412; x_wconf 62' lang='lat' dir='ltr'>damnabilis</span> <span class='ocrx_word' id='word_1_971' title='bbox 2372 3379 2435 3409; x_wconf 79' lang='lat' dir='ltr'>&amp;c-</span> <span class='ocrx_word' id='word_1_972' title='bbox 2451 3378 2478 3398; x_wconf 86' lang='lat'><em>“</em></span> 
     </span>
    </p>
   </div>
  </div>
 </body>
</html>
