2570 3745
953 204 1034 250 DE
1069 200 1289 248 JUSTIF.
1317 199 1579 245 AMISSIB.

105 306 196 333 cnm
215 292 365 332 Ruffino
377 289 590 340 disruptam
620 285 757 333 fuisse,
786 297 898 323 nemo
926 285 1096 337 ignorat,
1123 283 1225 337 quod

104 346 198 387 olim
227 346 268 385 S.
299 344 533 394 Augustinus
559 339 787 393 deplorabat
818 338 881 390 (ιι)
900 364 911 376 .

163 393 257 443 216(
283 396 377 449 Obj.
404 398 599 446 septimo.
645 393 687 432 S.
717 393 931 431 Bernardus
966 390 1055 431 Lib.
1085 391 1133 429 11.
1175 389 1225 428 ‹Ie

107 463 250 491 amore
275 449 355 489 Dei
381 463 470 502 cap.
497 448 539 487 6.
566 449 689 487 dicit:
716 445 855 485 Petrus
872 477 884 494 ‚
912 459 1003 483 cum
1031 448 1225 496 peccavit,

106 503 349 543 charitatem
392 516 475 541 non
516 506 718 540 amisit...
764 503 821 539 sic
850 499 902 540 <9⁶
931 498 1090 547 Das-ut,
1132 511 1224 536 cum

103 560 309 608 peccavit,
338 556 580 596 charitatem
596 568 677 594 non
704 552 901 605 perdidit:
930 566 1020 605 ergo
1046 552 1226 591 similiter

103 610 172 651 alii
202 610 292 663 justi
321 610 395 649 &c-

163 678 255 703 211.
287 663 400 716 Resp.
413 668 570 713 primo,
597 676 692 716 opus
708 661 804 701 illud
822 675 899 699 esse
927 659 1226 712 supposititium.

101 715 293 757 Praeterea
321 717 363 757 S.
394 716 566 755 Thomas
595 730 634 755 2.
664 731 702 755 2.
730 724 866 768 quaest.
901 713 965 758 24.
994 721 1065 751 art.
1089 726 1148 750 12.
1178 712 1223 748 ad

106 784 144 810 2.
178 772 229 811 ita
257 771 363 810 hunc
391 770 521 810 locum
550 769 743 822 explicat,
784 766 887 820 quod
916 766 1047 804 Petrus
1075 769 1088 816 (
1122 765 1224 803 idem

106 834 159 863 est
188 827 235 863 dc
264 825 415 863 Davide
443 825 460 874 )
504 837 581 863 non
607 823 777 862 amiserit
812 821 1036 859 charitatem
1077 818 1225 856 directe

102 892 174 930 per
201 878 392 918 actualem
422 886 686 928 contemptum
703 905 716 923 ,
742 874 804 912 sed
821 873 1041 920 indirecte,
1070 881 1224 924 propter

102 933 318 983 passionem
347 933 496 971 timoris
523 934 538 982 (
561 929 688 968 David
703 938 830 965 autem
862 936 1015 978 propter
1043 927 1224 976 concupi-

100 987 285 1024 scentiam
302 986 342 1034 );
369 998 455 1023 eam
482 992 610 1023 tamen
638 992 797 1032 uterque
826 982 900 1017 cito
929 980 1166 1030 recuperavit
1185 1005 1197 1017 .

158 1053 251 1078 212.
279 1037 458 1090 Ubi-ult.
485 1037 529 1076 Si
558 1035 669 1073 electi
698 1033 906 1083 aliquando
934 1048 953 1069 a
987 1032 1127 1078 iustitia
1159 1045 1223 1069 ex-

101 1092 296 1141 ciderent,
342 1099 459 1130 essent
487 1089 605 1128 simul
632 1087 829 1139 objectum
859 1085 935 1123 odii
968 1086 1040 1124 Dei
1058 1114 1071 1133 ,
1118 1084 1152 1120 8(
1180 1100 1223 1123 a-

99 1147 246 1190 morin
271 1145 335 1183 sed
365 1143 402 1182 id
431 1143 583 1182 videtur
609 1141 849 1185 absurdum3
877 1151 966 1189 ergo
996 1138 1066 1176 &c-

153 1197 246 1237 215.
275 1196 419 1250 Resp.,
445 1196 597 1234 Eiectos
623 1196 665 1234 in
692 1203 848 1246 peccata
875 1193 1052 1245 delapsos
1080 1207 1158 1230 esse
1178 1207 1221 1230 u-

95 1253 203 1303 tique
229 1249 346 1289 simul
374 1236 454 1290 odii
479 1250 631 1298 divini,
673 1247 710 1284 &
737 1247 875 1286 amoris
902 1246 1097 1297 objectum
1115 1276 1126 1295 ,
1155 1247 1219 1284 sed

96 1305 167 1344 sub
196 1303 350 1343 diverso
377 1313 575 1355 respectu:
621 1315 708 1340 nem
741 1315 761 1339 e
804 1309 843 1338 ut
873 1311 959 1338 actu
1003 1309 1219 1352 peccatores

95 1366 182 1396 sunt
211 1357 297 1396 Deo
322 1356 512 1403 odibi1e23
558 1370 647 1395 nam
677 1317 769 1393 odio
795 1363 886 1392 sunt
916 1351 1007 1391 Deo
1047 1357 1220 1404 impius,

95 1415 148 1451 <9⁶
176 1414 362 1461 impietas
390 1412 478 1463 ejus
504 1409 597 1462 Sap.
627 1408 739 1448 XIV.
765 1421 836 1461 9.;
872 1416 912 1445 ut
942 1420 1032 1445 vero
1059 1417 1141 1444 sunt
1169 1408 1218 1445 ad

96 1465 216 1502 vitam
246 1473 427 1503 aeteruam
457 1463 598 1512 electi,
625 1462 836 1514 diliguntur
856 1476 878 1499 a
895 1461 1005 1508 Deo,
1033 1460 1217 1511 cuiusdi-

97 1516 274 1556 lectionis
299 1518 457 1556 effectus
484 1526 557 1566 est,
588 1525 630 1554 ut
657 1517 812 1554 tandem
840 1529 863 1552 a.
884 1523 1038 1566 pecc-ato
1065 1513 1216 1552 liberati

98 1584 217 1623 usque
246 1572 286 1610 in
315 1572 435 1609 finem
464 1573 503 1609 in
529 1570 649 1621 gratia
676 1567 939 1607 sanctificante
959 1577 1220 1619 perseverent.

94 1624 183 1663 Non
209 1637 298 1663 vero
325 1623 418 1662 hinc
445 1623 526 1662 ulla
554 1625 593 1661 iu
609 1622 693 1660 Deo
722 1621 882 1659 mutatio
910 1620 977 1668 fit,
1005 1620 1067 1658 sed
1097 1620 1221 1658 solum

92 1678 137 1716 in
165 1676 418 1716 hominibus.
444 1677 498 1715 Ut
527 1677 631 1715 enim
662 1676 786 1728 inquit
805 1673 968 1713 Sanctus
989 1675 1225 1724 Augustinus

94 1729 189 1769 Lib.
214 1731 266 1770 ll.
294 1731 342 1769 ad
369 1730 677 1781 Simplicianum
706 1736 848 1780 quaest.
878 1726 946 1774 5.,
984 1725 1099 1764 Deus
1124 1739 1221 1764 cun-

94 1792 164 1822 cta
194 1783 406 1823 mutabilia
434 1782 678 1823 immutabili
705 1782 904 1821 voluntate
932 1779 1101 1829 disponit
1118 1807 1129 1819 .

151 1838 243 1884 214.
272 1837 458 1887 Quaeres,
486 1852 537 1877 an
564 1837 615 1876 de
638 1837 804 1890 potentia
826 1835 901 1874 Dei
930 1833 1102 1872 absoluta
1127 1846 1220 1917 pos·

91 1891 141 1929 sit
166 1892 287 1942 gratia
315 1891 559 1932 sanctificans
586 1905 676 1930 cum
706 1898 862 1943 peccato
889 1901 1114 1940 permanere
1131 1919 1140 1926 .

149 1945 243 1984 215.
272 1944 462 1998 Respond.
489 1945 763 1997 Quamquam,
792 1952 832 1993 ut
851 1942 1048 1991 vidimus,
1076 1941 1219 1981 Catho-

90 1995 214 2036 licum
242 1998 379 2050 dogma
408 2007 484 2048 est,
529 2000 695 2051 gratiam
725 2011 794 2050 per
829 2005 1031 2050 peccatum
1076 1995 1218 2033 lethale

91 2052 244 2101 amitti,
272 2053 529 2092 controversia
556 2062 684 2090 tamen
713 2060 816 2090 mota
844 2059 898 2089 est
927 2051 1025 2089 inter
1055 2048 1215 2087 Schola-

92 2106 231 2153 sticos,
257 2119 347 2158 quae
376 2105 504 2145 adhuc
531 2107 659 2158 viget,
689 2120 738 2144 an
767 2105 888 2156 gratia
903 2117 949 2141 ex
978 2111 1114 2141 natura
1130 2116 1215 2151 sua,

91 2170 146 2195 an
173 2170 263 2195 vero
289 2171 336 2196 ex
362 2160 628 2211 quadam,Dei
654 2159 894 2198 ordinatione
921 2165 1067 2196 tantum
1094 2169 1216 2208 oppo-

92 2219 209 2248 natur
234 2211 415 2263 peccato?
439 2211 663 2251 Secundum
711 2209 1012 2258 lacetScotistis‚
1041 2211 1215 2262 primum

89 2273 218 2302 autem
248 2263 486 2314 Themisti„
513 2265 658 2317 quibus
711 2276 816 2312 ona,
856 2263 892 2300 δι
919 2263 1059 2302 melior
1087 2262 1217 2302 Theo·

91 2316 269 2368 logorum
298 2331 387 2370 pars
410 2320 611 2357 assentitur
626 2342 641 2356 .

149 2369 242 2408 216.
271 2369 416 2410 Rursus
441 2371 659 2424 quaeritur‚
704 2384 755 2410 an
780 2368 850 2409 tali
877 2369 1114 2421 oppositione
1138 2381 1218 2409 nou

88 2421 282 2472 obstante,
326 2424 459 2464 saltem
501 2425 548 2463 de
583 2425 750 2477 potentia
778 2423 852 2462 Dei
889 2423 1060 2462 absoluta
1099 2424 1212 2476 possit

88 2476 131 2514 in
158 2474 316 2516 homine
343 2477 460 2517 simul
488 2491 580 2517 cum
597 2487 752 2530 peccato
764 2478 886 2528 gratia
901 2475 1109 2516 habitualis
1126 2491 1214 2528 per-

84 2529 274 2569 manere?
301 2530 479 2570 Affirmat
506 2545 599 2570 cum
627 2531 801 2570 Scotistis
825 2530 969 2569 Suarez
995 2530 1088 2569 Lib.
1119 2530 1208 2571 Vll.

78 2581 366 2637 sie-sanctific.
393 2584 544 2624 homini
589 2598 678 2637 cap.
713 2596 797 2635 17.:
835 2592 1048 2636 repugnent
1074 2593 1204 2623 autem

86 2633 298 2678 Themistae
314 2668 326 2687 ,
355 2636 395 2675 &
417 2638 487 2678 alii
513 2639 614 2678 bene
640 2637 780 2685 multi,
826 2650 991 2690 quorum
1020 2641 1203 2678 sententia

83 2690 216 2739 primo
255 2691 406 2731 videtur
445 2693 654 2732 conformis
689 2691 868 2743 Apostolo
903 2691 1043 2730 dicenti
1073 2704 1111 2730 2.
1153 2693 1204 2731 ad

83 2741 258 2782 Corinth.
278 2745 353 2784 .Vl.
388 2745 478 2794 14.;
516 2746 621 2798 Quoe
644 2748 898 2796 participatio
921 2745 1080 2796 justitia
1107 2759 1201 2783 cum

85 2797 334 2845 iniquitate?
360 2809 432 2837 aut
459 2813 552 2850 quae
577 2803 750 2838 societas
778 2799 877 2836 lucis
906 2797 963 2835 ad
989 2797 1206 2836 tenebras?

88 2846 194 2898 Quoe
218 2857 428 2892 conventio
446 2853 588 2893 Christo·
613 2852 673 2892 ad
687 2852 816 2891 Belial
831 2851 856 2890 ?
884 2852 1011 2891 Etiam
1031 2852 1074 2891 S.
1089 2851 1202 2890 Joan-

83 2914 153 2941 nes
180 2917 271 2944 cum
298 2905 392 2945 dicit
420 2908 461 2946 in
487 2908 614 2961 prima
642 2921 704 2960 ep.
733 2907 801 2946 111.
830 2918 896 2959 9.·.
936 2905 1079 2943 Omnis
1097 2935 1107 2953 ,
1136 2909 1202 2956 qui

77 2966 207 2997 *natus
234 2967 294 2998 est
311 2971 366 2998 ex
379 2958 496 3009 Deo,
523 2970 733 3012 peccatum
748 2973 829 2999 non
845 2958 981 3012 facit,
1010 2963 1202 3011 quoniam

80 3019 223 3049 semen
253 3016 373 3064 ipsius
414 3016 431 3065 (
460 3027 600 3066 nempe
626 3015 749 3066 gratia
791 3012 998 3052 habitualis
1029 3016 1043 3062 )
1086 3017 1128 3050 in
1157 3026 1203 3050 eo

85 3073 227 3104 manet
241 3096 253 3115 ‚
281 3066 332 3108 <9
361 3079 442 3106 non
460 3075 585 3118 potest
604 3080 798 3119 peccare,
828 3071 1020 3118 quoniam
1040 3079 1094 3105 ex
1113 3066 1201 3105 Deo

86 3123 208 3156 ”⁰⁸⁰8
231 3129 319 3169 est,
348 3121 436 3160 satis
463 3120 569 3159 clare
597 3122 750 3170 innuit,
778 3121 864 3160 fieri
893 3135 970 3160 non
998 3134 1104 3172 posse
1121 3150 1132 3168 ,
1162 3130 1203 3158 ut

86 3164 230 3220 &liquis
252 3174 371 3214 simut
397 3188 487 3215 cum
515 3175 639 3228 gratia
665 3174 742 3215 Dei
781 3174 1041 3214 sanctificante
1071 3187 1205 3226 pecca-

86 3379 92 3382 -
135 3345 184 3381 (α)
211 3342 304 3390 ossi-²
324 3353 478 3393 πίσω,
515 3351 635 3397 ajebat
659 3351 695 3384 S.
719 3352 853 3387 Doctot·
888 3351 1001 3397 Epist.
1029 3350 1195 3384 LXXlll.

87 3389 129 3425 ad
157 3393 438 3437 Hieronymum,
462 3412 526 3432 non
542 3399 782 3442 formidetur,
807 3403 904 3444 quasi
920 3399 1061 3442 jiitnrus
1082 3401 1195 3429 tmini-

85 3448 143 3471 cus
160 3460 174 3479 ›
216 3452 245 3473 ⁸²
270 3449 381 3483 P⁰C1ut
412 3448 502 3478 inter
524 3445 799 3493 Hieronymum,
839 3452 882 3481 ω·
906 3445 1067 3487 Iiuffinum
1102 3445 1165 3477 hoc
1182 3464 1194 3483 ‚

2266 206 2350 247 255

1294 290 1375 319 tum
1403 278 1639 331 conjungat.
1667 278 1740 317 Sed
1770 278 1921 318 &illud
1942 281 2085 319 accedit
2102 311 2114 330 ,
2141 282 2242 334 qnod
2270 285 2405 333 gratia,

1293 333 1327 371 &
1357 343 1556 386 peccatum
1586 332 1769 371 inducunt
1799 333 1953 370 effectus
1981 349 2108 372 secum
2130 337 2221 387 ipsis
2249 338 2406 374 adversa

1292 389 1414 426 fronte
1470 396 1677 438 ugnantes:
1704 388 1824 437 gratia
1852 385 1994 424 scilicet
2015 389 2104 425 facit
2122 387 2313 427 hominem
2331 390 2405 428 Dei

1292 442 1420 480 silium
1441 403 1643 479 iiaeredem
1671 441 1774 491 regui
1795 438 1982 487 caelestis,
2010 440 2230 493 divinaeque
2258 452 2405 480 naturae

1292 504 1530 534 consortem.
1571 494 1711 533 Contra
1741 507 1807 546 per
1836 503 2034 545 peccatum
2065 493 2107 531 fic.
2136 492 2250 531 hoino
2277 509 2405 535 exosus

1291 549 1394 597 Deo,
1425 548 1530 587 filius
1545 547 1729 596 Diaboli,
1759 556 1978 598 aeternaque
1994 547 2236 585 damnatione
2255 548 2403 599 dignus.

1292 603 1366 640 Sed
1398 603 1434 640 id
1465 604 1578 648 satis,
1622 611 1662 638 ut
1691 602 1794 639 enim
1837 610 1940 638 notat
1978 602 2092 638 eiiam
2122 600 2163 638 P.
2192 601 2305 638 Card.
2337 601 2405 639 He-

1294 666 1401 696 uuus
1431 656 1592 694 llilluart
1622 655 1736 692 Toni.
1766 653 1835 692 Vi.
1866 653 1966 692 Diss.
2000 654 2083 693 Vll.
2126 663 2195 692 art.
2229 669 2265 705 7.
2296 653 2334 705 §-
2367 668 2404 692 2.

1294 709 1390 746 15!ae
1416 714 1654 760 quaestiones
1682 707 1730 746 tlt?
1773 712 1947 758 potentia
1977 707 2057 746 Dei
2094 708 2275 748 absoluta
2314 718 2405 746 sunt

1294 768 1427 815 magis
1454 762 1640 812 subules,
1669 775 1793 814 quam
1822 761 1934 799 utiles
1952 788 1966 800 .

1592 868 1996 914 DISSERTATIO
2026 869 2106 912 III.

1714 975 1778 1014 De
1806 975 1984 1014 Merito.

1348 1095 1382 1122 1.
1403 1061 1462 1128 Si
1495 1083 1751 1133 Heterodoxi‚
1797 1085 1968 1134 sepositis
1995 1083 2178 1134 tantisper
2220 1080 2407 1135 praejudi-

1287 1137 1356 1174 ciis
1374 1167 1384 1185 ,
1416 1148 1624 1190 pacatoque
1651 1140 1778 1176 animo
1797 1137 2038 1174 considerare
2053 1136 2192 1175 vellent
2208 1167 2218 1184 ‚
2249 1137 2282 1173 8(
2302 1136 2406 1189 quod

1287 1191 1359 1241 ipsi
1390 1190 1484 1228 olim
1516 1193 1554 1229 in
1586 1190 1656 1229 hac
1686 1192 1845 1229 materia
1873 1190 2106 1237 docuerunt,
2136 1189 2170 1226 δε
2198 1190 2408 1242 quomodo

1288 1245 1517 1281 unanimiter
1545 1244 1733 1282 Catholici
1764 1245 1920 1291 docent,
1951 1245 2016 1280 vix
2045 1242 2149 1281 ullus
2176 1243 2327 1280 sortasse
2349 1257 2407 1280 re-

1286 1296 1522 1350 linqueretur
1540 1327 1551 1346 ,
1579 1298 1821 1335 dissentiendi
1852 1295 1979 1345 locus,
2006 1296 2107 1348 quod
2136 1298 2250 1334 etiam
2280 1295 2408 1334 Mola-

1286 1364 1354 1388 uus
1381 1352 1572 1390 confessus
1601 1360 1653 1389 est
1682 1352 1724 1389 iu
1765 1380 1790 1399 „
1818 1350 1872 1388 Co
1900 1349 2118 1388 itationibus
2147 1350 2306 1402 privatis
2337 1363 2405 1401 ap.

1289 1433 1317 1453 „
1344 1403 1510 1442 Bossuec
1540 1407 1685 1443 Oeuvr.
1717 1403 1841 1443 Posth.
1873 1363 1987 1442 ihm.
2005 1401 2042 1441 I.
2066 1417 2162 1456 pag.
2192 1401 2257 1441 61.
2291 1402 2406 1441 Certe

1288 1486 1315 1505 „
1344 1461 1386 1495 in
1416 1457 1599 1510 Apologia
1627 1458 1880 1496 confessionis
1910 1458 2138 1509 Augustanae
2179 1465 2248 1494 art.
2281 1470 2318 1494 2.
2361 1457 2410 1494 de

1288 1540 1315 1559 „
1344 1510 1474 1549 dilect.
1506 1512 1537 1544 ἅ
1569 1510 1719 1562 implet.
1750 1510 1842 1562 legis
1868 1520 2009 1560 aperte
2033 1509 2218 1557 docetur,
2247 1509 2345 1547 bona
2365 1522 2406 1547 o·

1289 1594 1316 1612 „
1347 1579 1436 1616 pera
1467 1566 1662 1602 meritoria
1701 1579 1781 1602 esse
1822 1565 2074 1616 praemiorum
2118 1562 2405 1615 corporalium,

1292 1647 1317 1665 „
1347 1618 1379 1653 8<
1411 1618 1671 1669 spiritualium
1714 1620 1752 1656 in
1784 1617 1856 1655 hac
1884 1618 1987 1664 vita,
2035 1617 2069 1654 8(
2099 1626 2179 1669 post
2223 1616 2319 1654 hanc
2347 1618 2405 1654 vi·

1289 1698 1320 1718 „
1348 1679 1450 1718 tam,
1479 1673 1571 1723 quia
1602 1669 1740 1708 Paulus
1770 1672 1916 1723 inquit:
1947 1671 2218 1722 Unusquisque
2247 1671 2406 1721 recipiet

1290 1752 1318 1771 „
1346 1726 1563 1761 mercedem
1606 1724 1816 1762 secundum
1858 1723 2032 1761 laborem
2062 1737 2174 1761 suum
2204 1723 2227 1738 ’'
2302 1723 2405 1768 Quia.

1287 1786 1412 1814 tamen
1445 1777 1620 1815 nonnulli
1650 1787 1764 1825 sunt,
1794 1779 1863 1829 qui
1894 1773 2073 1815 Romanae
2093 1808 2103 1825 ,
2133 1777 2166 1813 ἃ
2195 1775 2405 1815 Catliolicae

1286 1830 1714 1869 Ecclesiae‘doctriuam
1732 1861 1743 1879 ‚
1772 1829 1833 1868 vel
1863 1843 1940 1869 non
1968 1834 2054 1869 satis
2084 1839 2316 1882 perspectam
2339 1829 2406 1868 lia·

1284 1883 1404 1933 beni,
1434 1885 1494 1923 vel
1523 1895 1651 1936 aperte
1683 1884 1847 1924 inficiari
1877 1884 2221 1933 nonerubescunt,
2254 1884 2338 1922 ideo
2357 1885 2405 1922 de

1284 1936 1356 1975 Iiac
1387 1939 1546 1976 materia
1574 1948 1753 1976 accurate
1780 1937 1926 1986 simul,
1973 1938 2007 1974 ἃ
2035 1937 2233 1987 breviter,
2277 1938 2404 1990 quoad

1283 1990 1368 2029 fieri
1396 1992 1564 2044 poterit,
1591 1993 1830 2030 tractandum
1861 2000 1938 2029 est.

1644 2095 1925 2137 CAPUT
2004 2096 2040 2135 Ι.

1280 2204 1533 2257 Expertum,
1576 2218 1770 2258 quaenam
1798 2208 1847 2243 sit
1877 2203 2061 2243 doctrina
2089 2202 2291 2243 Ecclesioe
2321 2201 2400 2244 Ca'-

1336 2260 1491 2298 tholicoe
1518 2258 1568 2297 <le
1597 2264 1738 2298 merito
1760 2261 1962 2312 justorum
1977 2273 1993 2304 ,·
2021 2259 2073 2300 (9'
2099 2271 2291 2311 quaenam
2318 2263 2400 2311 opi·

1333 2319 1474 2353 nlones
1506 2311 1790 2367 leeologorum
1806 2339 1818 2352 .

1336 2395 1521 2478 2.Q‹1ia
1551 2423 1710 2460 maximi
1740 2422 1921 2470 interest,
1955 2420 2047 2460 fidei
2075 2420 2250 2473 dogmata
2278 2419 2328 2459 ab
2356 2433 2399 2457 o-

1278 2476 1501 2527 pinionibus
1531 2475 1812 2529 Tiieologorum
1854 2489 2075 2523 secernere,
2121 2476 2207 2513 ideo
2233 2476 2276 2512 in
2313 2474 2396 2523 ipso

1277 2530 1386 2567 initio
1412 2530 1463 2568 ob
1489 2530 1622 2568 oculos
1656 2530 1874 2582 ponendum
1903 2539 1977 2577 est,
2024 2528 2212 2581 quidquid
2250 2529 2289 2564 iu
2320 2526 2393 2564 liae

1271 2585 1431 2622 materia
1448 2614 1459 2632 ,
1489 2593 1688 2636 tamquam
1716 2584 1764 2622 ad
1792 2583 1911 2622 fidem
1939 2592 2110 2634 spectans
2137 2596 2159 2618 a
2176 2579 2285 2617 Trid.
2314 2578 2393 2631 Sy-

1271 2637 1370 2675 nodo
1397 2637 1601 2676 definitum
1641 2637 1743 2676 fuit.
1790 2637 1922 2674 Primo
1960 2637 2090 2686 itaque
2126 2633 2225 2672 Sess.
2255 2631 2324 2670 VI.
2353 2645 2392 2671 ο.

1276 2689 1340 2729 16.
1367 2692 1563 2740 statuitur,
1592 2691 1824 2730 credendum
1854 2701 1954 2727 esse:
1984 2717 2012 2736 ‚,
2027 2686 2134 2724 Nihil
2165 2686 2258 2738 ipsis
2283 2684 2394 2738 justi-

1270 2773 1298 2792 „
1327 2743 1452 2784 ficatis
1491 2745 1662 2798 amplius
1688 2745 1842 2788 deesse,
1887 2754 1965 2793 quo
2006 2742 2131 2778 minus
2172 2739 2287 2793 plene
2313 2738 2394 2778 iltis

1271 2825 1299 2846 ,‚
1328 2800 1484 2850 quidem
1514 2798 1722 2851 operibus,
1769 2809 1858 2847 quae
1887 2797 1926 2833 in
1955 2794 2039 2833 Deo
2067 2803 2152 2832 sunt
2181 2795 2306 2842 tacta,
2354 2791 2392 2829 8:

1270 2879 1300 2899 ‚‚
1326 2851 1470 2890 divinae
1499 2851 1572 2903 legi
1603 2864 1672 2904 pro
1701 2849 1819 2900 liujus
1846 2850 1933 2886 vitae
1954 2857 2050 2886 statu
2081 2848 2324 2895 satisfecisse,
2353 2845 2390 2883 ἀ

1270 2931 1297 2951 ,,
1327 2906 1442 2943 vitam
1475 2916 1658 2943 aeternam
1696 2916 1764 2940 suo
1790 2903 1903 2940 etiam
1942 2911 2112 2955 tempore
2154 2904 2171 2952 (
2200 2902 2230 2940 si
2260 2911 2388 2940 tamen

1271 2985 1298 3004 „
1329 2957 1368 2995 in
1395 2961 1515 3011 gratia
1543 2959 1768 2996 decesserint
1797 2955 1814 3003 )
1847 2956 2153 3009 consequendam
2182 2968 2270 2995 vere
2300 2968 2387 3007 pro-

1270 3037 1296 3056 „
1325 3014 1509 3051 meruisse
1536 3019 1760 3049 censeantur
1789 3010 1834 3047 ''-

1323 3063 1360 3102 3.
1393 3064 1578 3102 Praeterea
1605 3064 1653 3101 ad
1682 3063 1902 3100 evitandum
1922 3076 2078 3102 omnem
2105 3061 2321 3113 superbiae,
2350 3060 2387 3098 ἀ

1267 3120 1576 3171 praesumptionis
1604 3125 1742 3154 statum
1760 3145 1772 3163 ‚
1814 3116 1956 3155 ibidem
1987 3115 2075 3156 haec
2101 3116 2250 3168 adjecta
2277 3125 2383 3154 sunt:

1269 3201 1298 3220 ,‚
1325 3170 1457 3222 Reque
1488 3183 1579 3212 vero
1606 3168 1705 3208 illud
1744 3171 2001 3209 omittendum
2029 3180 2107 3219 est,
2155 3168 2384 3260 quodblicet

2208 3253 2235 3272 υ
2292 3235 2330 3259 0·

1264 3349 1353 3392 qimcl
1374 3349 1592 3392 plangimus,
1616 3349 1774 3381 exoriri?
1798 3347 1832 3380 Ο
1853 3348 2050 3381 miseranda
2075 3346 2228 3379 conditio
2242 3349 2253 3377 ,Ι
2279 3343 2309 3374 O
2326 3344 2378 3373 in·

1255 3397 1338 3441 fida
1363 3400 1398 3427 in
1425 3395 1650 3428 voluntatibus
1675 3400 1855 3428 amicorum
1883 3403 2031 3429 scientia
2053 3399 2291 3437 praesentium,
2322 3388 2377 3423 uba·

1262 3445 1356 3480 nulla
1382 3451 1435 3477 est
1460 3444 1676 3485 prascientm
1691 3441 1907 3488 fiiturorum!
