2570 3745
275 182 326 222 -72
738 164 818 207 DE
852 163 1113 208 GRATIA.
1147 165 1192 207 p,
1216 164 1248 206 1.
1281 159 1646 204 DISSERT.111.
1678 162 1808 205 CAP.
1832 162 1888 206 v.

215 258 240 295 ⁷„
271 243 407 282 Brevia
435 241 681 293 aequissima,
724 241 758 279 ἃ
805 244 854 282 ab
897 244 1075 280 omuibus
1111 242 1321 294 approbata

212 327 238 346 „
264 294 557 334 contemnebant
578 295 597 310 ’¹
629 299 644 345 (
661 310 723 346 ap.
740 296 889 335 Bossuet
907 296 956 333 T.
975 295 1043 333 lX.
1060 310 1146 347 pag.
1169 295 1252 339 140.
1277 293 1290 340 )
1307 320 1319 332 .

262 348 326 400 76.
357 348 436 386 Nec
465 357 590 386 tamen
621 358 817 401 propterea
845 349 969 386 turbae
1012 348 1169 385 sublatae
1207 355 1318 391 sunt;

207 402 350 455 prodiit
376 402 480 439 enim
511 400 626 453 paulo
655 412 733 453 post
764 403 928 439 famosus
959 401 1221 439 Conscientiae
1249 412 1318 435 ca-

205 449 296 502 sus,
327 456 368 493 111
396 467 472 506 quo
501 455 660 506 quaestio
691 455 997 506 proponebatur,
1026 468 1074 490 an
1108 455 1221 503 possit
1248 451 1315 489 Sa-

204 507 448 547 cramentalis
478 507 661 544 absolutio
691 507 807 544 alicui
836 507 984 544 Clerico
1012 506 1213 556 denegari,
1243 505 1311 555 qui

205 560 450 600 Fortunlario
493 559 701 598 Alexandri
731 559 817 597 Vll.
860 561 1005 596 sincere
1048 558 1311 609 subscripsisse

200 616 379 652 testatur:
417 622 606 666 quantum
637 612 684 649 ad
712 615 881 664 quinque
910 612 1214 662 propositionum
1245 610 1310 646 da-

204 668 436 705 mnationem
454 696 464 714 ‚
496 666 629 703 fatetur
658 674 812 712 tamen,
846 674 1029 716 quantum
1060 664 1105 700 ad
1135 662 1311 714 quaestio·

198 733 289 758 nem
319 721 434 768 facti,
466 733 529 756 seu
560 718 776 755 earumdem
798 717 1081 754 attributionem
1102 715 1202 752 libro
1221 713 1312 752 Jan-

199 774 325 820 senii,
369 773 515 810 nonnisi
545 769 763 821 religiosum
792 769 1014 815 silentium,
1058 767 1091 803 ἃ
1133 769 1312 805 extrinse-

198 838 285 863 cam
312 824 571 863 obedientiam
600 837 637 860 se
667 822 847 859 exhibere
875 830 1050 873 paratum
1068 846 1079 858 .
1109 820 1224 857 Porro
1245 820 1312 866 40.

198 878 378 916 Doctores
405 876 606 916 Sorbonici
626 876 779 927 proprio
799 875 969 926 apposito
989 875 1143 911 nomine
1164 874 1204 911 in
1224 873 1311 911 Sot-

195 930 298 969 bona
326 929 581 967 definiverunt
624 941 689 965 20.
718 927 815 965 Julii
851 938 988 978 17ot.:
1036 956 1062 973 ‚,
1093 924 1208 977 hujus
1237 926 1310 964 Ec·

194 1013 224 1033 „
253 982 452 1021 clesiastici
483 982 555 1019 viri
582 981 802 1018 sententiam
832 993 901 1018 nec
931 992 1067 1018 novam
1097 993 1201 1027 esse,
1240 994 1311 1017 nec

194 1065 223 1085 ,‚
252 1034 505 1087 singularem,
551 1046 617 1070 nec
647 1033 696 1071 ab
726 1033 900 1071 Ecclesia
938 1033 1161 1071 damnatam
1185 1062 1196 1081 ,
1238 1047 1310 1071 nec

193 1117 222 1137 ‚,
252 1088 394 1134 talem,
437 1097 477 1124 ut
504 1086 764 1124 Confessarius
794 1088 907 1138 possit
944 1087 1016 1139 ipsi
1045 1085 1309 1124 Sacramenta-

195 1169 222 1188 „
251 1140 328 1178 lem
357 1140 544 1192 denegare
572 1139 848 1178 absolutionem
864 1169 876 1189 ‚
912 1140 986 1179 nisi
1015 1153 1100 1177 eam
1130 1147 1308 1178 retracta·

191 1223 219 1241 „
247 1195 344 1232 verit
364 1194 385 1208 ”
400 1218 412 1231 .

247 1260 312 1298 77·
341 1246 415 1285 Hic
444 1259 553 1284 casus
581 1245 701 1284 veluti
739 1245 801 1285 fax
845 1246 944 1294 fuit,
991 1245 1038 1284 ad
1080 1246 1278 1284 discordiae
1297 1276 1307 1294 ‚

190 1300 413 1338 incendium
443 1300 582 1337 iterum
612 1300 896 1339 renovandum.
945 1299 1166 1338 Doctrinam
1197 1301 1234 1336 in
1265 1313 1309 1335 eo

190 1361 404 1391 contentam
433 1352 627 1390 damnavit
654 1352 837 1391 Summus
854 1352 1025 1390 Pontifex
1041 1352 1218 1390 Clemens
1235 1351 1306 1389 ΧῘ.

194 1405 256 1443 15.
288 1405 403 1443 Febr.
439 1404 581 1455 1703.;
621 1404 732 1456 eujus
761 1404 981 1456 exemplum
1013 1404 1118 1441 illico
1156 1413 1306 1442 secutus

190 1466 242 1495 est
270 1458 382 1495 Card.
426 1457 471 1494 de
500 1456 668 1495 Noailles
698 1456 912 1495 parisiensis
956 1456 1304 1507 Archiepiscopus‚

185 1509 359 1562 alioquin
388 1508 457 1546 SS.
490 1509 717 1559 Augustini,
761 1508 794 1546 ἃ
826 1509 989 1546 Thomae
1032 1509 1158 1547 fidelis
1193 1510 1306 1547 disci-

187 1561 326 1613 pulus,
369 1561 402 1599 Sc
432 1560 661 1601 Moliniauae
691 1561 832 1600 scholae
863 1563 1025 1600 minime
1061 1564 1209 1601 amicus
1241 1576 1305 1601 22.

188 1614 284 1654 Feb.
320 1615 433 1667 1703.
464 1615 644 1653 Doctores
672 1625 799 1654 autem
830 1615 1031 1654 Sorbonici
1058 1630 1169 1654 suam
1199 1616 1302 1654 deci-

186 1669 332 1707 sionem
361 1676 562 1706 retractare
588 1670 708 1706 coacti
736 1677 850 1714 sunt;
879 1682 923 1706 ac
953 1669 1108 1706 demum
1126 1668 1303 1706 Facultas

186 1721 397 1760 Sorbonica
431 1734 464 1758 1.
493 1720 597 1771 Sept.
633 1721 775 1772 1704,
805 1721 904 1758 lianc
933 1723 1229 1772 propositionem
1260 1723 1300 1760 in

185 1774 371 1826 praedicto
398 1773 636 1811 conscientiae
667 1788 756 1812 casu
784 1782 1022 1813 contentam:
1067 1804 1093 1822 „
1122 1774 1220 1812 Satis
1249 1784 1300 1812 est

185 1856 214 1877 „
243 1827 477 1874 reverentia,
507 1825 541 1861 &
570 1825 722 1865 silentio
749 1842 787 1866 se
815 1827 1036 1865 submittere
1066 1827 1298 1866 definitioni·

161 1909 212 1930 .„
241 1879 313 1918 bus
342 1879 526 1918 Ecclesiae
553 1880 659 1918 circa
688 1880 832 1919 factum
861 1880 1052 1928 Janseuii,
1096 1894 1171 1919 sua
1209 1893 1301 1918 cen-

184 1962 213 1982 „
242 1945 338 1971 sura
350 1935 591 1984 proscripsit
608 1947 622 1976 ;
671 1942 710 1971 ut
739 1935 982 1973 temerariam
1011 1934 1271 1973 scandalosam
1289 1965 1299 1982 ‚

187 2014 214 2034 „
244 1985 470 2036 injuriosam
499 1985 568 2023 SS.
600 1984 871 2035 Pontificibus,
913 1986 946 2022 8(
977 1987 1175 2039 Episcopis
1205 1986 1300 2025 Gal-

183 2067 210 2087 „
239 2035 329 2075 liae:
361 2048 399 2076 ut
427 2038 660 2091 praebentem
681 2041 919 2078 occasionem
937 2041 1159 2078 revocandae
1181 2054 1223 2079 ex
1241 2041 1300 2079 in-

183 2118 209 2139 „
240 2100 342 2143 tegro
370 2092 610 2130 Jansenianae
639 2092 820 2131 doctrinae
839 2124 849 2142 ,
879 2093 912 2129 8t
944 2102 981 2130 ut
1001 2094 1227 2143 mendacio,
1257 2108 1302 2132 ac

185 2172 212 2191 3,
243 2144 414 2197 perjurio
450 2146 641 2184 faventem
659 2146 708 2183 '’.
757 2146 936 2185 Decrevit
980 2147 1165 2198 insuper,
1208 2147 1301 2185 duos

182 2195 382 2248 Magistros
412 2212 431 2235 e
459 2199 544 2236 sinu
573 2212 642 2237 suo
669 2198 911 2251 expellendos
928 2230 939 2248 ,
966 2200 1042 2238 nisi
1073 2203 1170 2238 intra
1186 2202 1301 2238 unius

184 2252 274 2287 anni
302 2252 468 2300 spatium
497 2251 810 2305 subscriptionem
840 2253 930 2290 dicti
959 2267 1070 2292 casus
1100 2267 1299 2292 revocave-

184 2302 288 2347 rint3
319 2302 352 2338 ἆ
383 2304 506 2353 reipsa
534 2303 628 2341 alter
657 2318 786 2344 eorum
815 2306 969 2344 obedire
990 2320 1164 2346 recusans
1185 2337 1196 2357 ‚
1227 2308 1300 2346 suit

183 2367 229 2392 ex
259 2353 348 2393 albo
376 2354 586 2394 Doctorum
615 2368 824 2409 expunctus
855 2361 947 2409 (a).

240 2407 305 2459 78.
335 2407 391 2446 Ac
421 2408 575 2447 demum
606 2423 695 2447 cum
724 2410 844 2463 aliqui
874 2427 1010 2464 puram
1033 2443 1044 2462 ,
1085 2412 1120 2450 ἃ
1150 2412 1299 2466 simpli-

180 2474 265 2499 cem
308 2461 543 2500 Formularii
590 2462 907 2515 subscriptionem
948 2476 1129 2518 praestare
1177 2467 1298 2505 detre—

180 2522 349 2562 ctarent,
393 2516 632 2566 potissimum
662 2526 851 2569 praetextu
887 2519 1042 2557 famosae
1079 2520 1183 2573 pacis
1211 2520 1298 2558 Cle-

179 2568 318 2606 mentis
348 2566 417 2606 lX.
435 2598 445 2617 ,
475 2568 509 2604 &
538 2570 820 2608 Constitutionis
840 2571 967 2609 lunoc.
989 2572 1077 2610 XlI.
1096 2603 1106 2621 ,
1137 2575 1204 2626 qui
1234 2574 1298 2611 de·

179 2618 416 2669 claraverat,
462 2630 609 2661 tanturn
639 2624 739 2676 exigi
777 2623 826 2662 ab
855 2623 1029 2662 Ecclesia
1068 2628 1298 2665 condemna·

180 2672 319 2710 tionem
362 2675 533 2726 quinque
576 2678 874 2728 propositionum
919 2680 960 2713 in
1003 2691 1122 2715 sensu
1165 2679 1297 2729 obvio,

181 2737 299 2775 quem
328 2729 497 2776 ipsamet
525 2733 834 2779 propositionum
864 2729 981 2771 verba
1008 2731 1298 2783 praeseferunt,

184 2777 362 2816 Clemens
391 2778 462 2816 XI.
502 2780 692 2821 celebrem
736 2784 855 2822 edidit
888 2780 1199 2823 constitutionem
1232 2784 1299 2824 Vi-

185 2843 308 2868 neam
339 2829 506 2870 Domini
534 2833 707 2874 Sabaoth
741 2835 803 2875 16.
830 2836 925 2874 Julii
962 2839 1106 2889 1705.,
1151 2840 1190 2877 in
1220 2854 1298 2892 qua

183 2884 379 2943 renovayit
419 2884 626 2935 diplomata
656 2890 866 2928 innocentii
896 2888 947 2928 X.
966 2920 977 2938 ,
1020 2890 1054 2927 &
1089 2890 1296 2932 Alexandri

184 2935 295 2984 Vll„
322 2940 490 2975 distortas
518 2950 642 2978 autem
670 2942 932 2994 Epistolarum
960 2943 1166 2984 Clementis
1196 2945 1295 2995 IX„

185 2988 220 3024 &
258 2989 455 3028 Innocenti
499 2990 586 3030 XII.
624 2995 944 3048 interpretationes
980 2997 1196 3037 eliminavit
1231 3001 1295 3037 de-

179 3041 331 3082 claraus
367 3044 419 3083 ad
462 3056 592 3083 veram
625 3048 850 3099 Apostolicae
879 3051 970 3090 Sedi
1012 3050 1296 3092 obediet-stiam:

227 3202 276 3237 (a)
300 3198 332 3230 is
359 3198 611 3233 eratNicolans
638 3199 805 3247 Petitpied
830 3207 950 3242 multis
976 3206 1080 3244 editis
1100 3208 1200 3244 libris
1219 3210 1293 3244 cla-

226 3255 262 3276 s.
297 3243 351 3277 Ob
381 3244 611 3279 detrectatam
648 3248 911 3294 sul›seriptionis
949 3258 1236 3291 retractationem
1275 3269 1295 3290 a

180 3287 294 3322 Gallia
320 3292 440 3334 pulsus
465 3290 525 3325 (lin
552 3294 587 3325 in
616 3293 799 3327 Hotlandm
835 3307 1064 3336 commoratus
1091 3312 1163 3336 est.
1214 3304 1292 3337 Post

176 3343 296 3368 aute-m
323 3339 357 3369 in
387 3337 538 3371 Patriam
566 3333 673 3372 redux
711 3353 766 3373 an.
800 3354 901 3385 1712,-
942 3348 1006 3379 fuit
1039 3361 1059 3382 a
1086 3349 1291 3389 Facilitate,

177 3382 210 3414 &
234 3380 337 3418 domo
360 3383 550 3420 borbonica
575 3386 611 3419 in
637 3399 740 3422 suum
764 3387 880 3422 sinum
907 3400 1086 3436 receptus.
1114 3394 1181 3429 Sed
1200 3395 1295 3442 ejus-

1387 270 1414 289 „
1444 239 1664 277 damnatum
1695 243 1735 279 iu
1765 243 1936 294 quinque
1971 238 2139 293 praefatis
2175 238 2498 292 propositionibus

1388 322 1414 341 ,‚
1443 292 1611 329 Jansenii
1632 291 1721 331 libri
1745 308 1914 341 sensum,
1945 308 2059 346 quem
2083 292 2236 330 illarum
2260 293 2376 331 verba
2397 309 2496 345 pree·

1387 374 1413 393 „
1444 345 1630 392 seferunt,
1674 356 1712 383 ut
1744 349 1970 397 praefertur,
2000 346 2049 384 ab
2077 347 2254 383 omnibus
2281 347 2422 385 Christi
2451 347 2498 385 fr-

1388 427 1415 445 „
1445 395 1622 444 delibus,
1653 407 1689 435 111
1720 399 1970 448 haereticum,
2000 413 2072 437 non
2103 412 2167 435 ore
2195 400 2344 446 solnm,
2374 401 2436 438 sed
2461 399 2496 435 δε

1386 479 1413 498 ‚‚
1443 449 1552 486 corde
1582 449 1718 501 rejici,
1749 452 1783 488 81
1811 454 1984 491 damnari
2013 451 2185 491 debon-&²
2205 477 2216 488 .
2257 451 2353 489 Vide
2381 466 2498 504 supra.

1379 511 1455 539 not.
1485 502 1530 538 ad
1562 516 1600 540 11.
1620 516 1682 552 72.
1714 504 1840 550 Quam
1857 505 2060 544 Clementis
2083 505 2151 543 ΧΙ.
2180 505 2496 543 constitutionem

1379 554 1511 592 Clerus
1534 554 1760 592 Gallicanus
1789 558 1827 594 111
1857 561 2020 597 comitiis
2047 558 2288 610 generalibus
2317 558 2495 597 solemni-

1379 616 1433 644 ter
1463 608 1632 658 recepit,
1663 622 1706 645 ac
1736 608 1910 658 probavit
1940 613 2069 649 eodem
2099 624 2199 648 anno
2225 611 2339 661 1705.
2379 610 2495 649 Eam—

1379 661 1466 697 dem
1497 662 1637 712 recepit
1666 662 1823 698 demum
1855 662 1968 699 etiam
2000 664 2243 702 lovaniensis
2263 664 2466 702 Academia
2484 693 2497 713 ,

1381 713 1414 749 ἆ
1443 727 1558 765 opera
1576 743 1586 762 ,
1614 728 1660 752 ac
1690 714 1812 751 studio
1841 713 2002 752 celebris
2033 716 2204 754 Doctoris
2226 717 2370 755 Liberti
2392 717 2498 754 Hen-

1380 767 1489 804 nebel
1520 780 1651 804 omnes
1682 780 1777 819 pene
1806 768 1844 804 111
1877 766 2003 818 Belgio
2032 767 2256 807 formulario
2286 770 2497 808 Alexandri

1382 819 1468 857 Vll.
1500 820 1828 872 subscripserunt,
1871 820 1905 856 8(
1937 821 1988 858 ita
2019 832 2119 872 pax,
2163 820 2196 856 &
2239 822 2496 874 tranquillitas

1381 873 1454 910 fuit
1485 871 1667 911 Ecclesiae
1701 874 1869 921 reddita,
1899 875 2032 925 paucis
2061 874 2199 911 frustra
2225 887 2311 911 eam
2334 876 2498 927 impedi-

1382 939 1423 963 re
1451 926 1677 964 conantibus
1694 954 1704 964 .

1437 992 1499 1030 79.
1534 981 1746 1033 Antequam
1777 996 1798 1019 a
1820 980 1956 1019 tabula.
1972 994 2130 1019 minum
2152 992 2397 1019 amoveamus
2414 1010 2425 1030 ‚
2453 995 2496 1019 a-

1379 1031 1487 1085 liqua
1515 1033 1629 1071 etiam
1659 1033 1705 1070 de
1723 1030 1886 1083 ,3111101110
1903 1033 2067 1072 Arnaldo
2087 1034 2260 1072 addenda
2289 1043 2398 1081 sunt,
2427 1048 2496 1072 cu-

1377 1084 1438 1137 jus
1467 1100 1580 1124 cansa
1607 1086 1859 1125 celeberrima
1892 1088 1990 1125 fuit.
2036 1088 2108 1125 Hic
2151 1087 2280 1139 magni
2322 1088 2500 1138 ingenii,

1377 1153 1605 1192 magnaeque
1634 1141 1853 1178 eruditionis
1883 1140 2023 1179 Doctor
2053 1140 2308 1189 sorbonicus,
2339 1139 2500 1178 Molini-

1377 1194 1480 1230 sticae
1511 1192 1679 1240 scholas,
1711 1195 1748 1231 111
1776 1208 1853 1245 qua
1882 1208 1903 1231 a
1934 1194 2104 1232 Lescotio
2132 1194 2312 1232 educatus
2342 1194 2494 1242 fuerat,

1377 1248 1565 1284 nuncium
1597 1247 1819 1294 remittens,
1860 1247 2148 1298 Augustinianae
2178 1247 2361 1285 doctrinae
2393 1259 2494 1284 mor-

1376 1299 1484 1336 dicus
1514 1313 1664 1351 semper
1693 1298 1880 1337 adhaesit.
1922 1301 2020 1336 Cum
2050 1313 2136 1337 eam
2168 1301 2205 1338 111
2234 1300 2404 1338 Jansenii
2448 1299 2497 1337 li-

1375 1350 1446 1388 bro
1475 1351 1549 1389 sibi
1581 1352 1746 1401 reperire
1776 1353 1993 1398 videretur,
2035 1351 2205 1401 ejusdem
2235 1353 2496 1389 defensionem

1374 1404 1413 1440 111
1447 1405 1527 1455 ipso
1557 1404 1757 1441 turbarum
1787 1404 1940 1442 exordio
1968 1404 2160 1456 suscepit,
2191 1403 2223 1439 ἃ
2243 1413 2374 1441 contra
2395 1405 2495 1442 lsaa-

1375 1470 1492 1493 cuum
1523 1456 1736 1494 Hiberiam
1756 1486 1767 1505 ‚
1796 1458 1864 1508 qui
1896 1457 1965 1494 fuit
1996 1471 2094 1495 unus
2124 1469 2169 1493 ex
2200 1458 2408 1508 praecipnis
2428 1458 2495 1495 ad-

1374 1511 1548 1547 versariis
1578 1510 1774 1557 jansenii,
1814 1510 1908 1548 duas
1936 1510 2053 1548 edidit
2083 1523 2151 1561 pro
2181 1510 2263 1561 ipso
2292 1508 2495 1562 Apologias

1374 1576 1474 1600 anno
1509 1562 1620 1608 1644.
1652 1562 1685 1598 St
1721 1562 1836 1608 1645.
1867 1563 2118 1614 quamobrem
2148 1563 2334 1600 invidioso
2362 1563 2494 1602 Janse-

1372 1617 1484 1653 nismi
1514 1616 1668 1652 nomine
1696 1618 1822 1653 statim
1854 1616 2036 1653 infamari
2069 1617 2214 1666 coepit.

1423 1667 1491 1705 80.
1521 1668 1596 1706 Sed
1625 1669 1742 1706 crevit
1773 1677 1895 1705 nostra
1925 1668 2151 1706 Jansenismi
2188 1670 2383 1720 suspicio,
2428 1682 2493 1708 oc-

1370 1722 1518 1758 casione
1547 1722 1712 1759 duarum
1744 1720 1990 1773 epistolarum
2021 1722 2142 1773 ipsius
2162 1721 2341 1760 adversus
2358 1722 2491 1760 Sacer-

1369 1774 1492 1811 dotem
1523 1775 1730 1825 quemdam
1759 1779 1773 1824 (
1800 1773 1856 1812 M.
1874 1774 1998 1812 Picot'e
2016 1774 2031 1821 )
2049 1804 2060 1822 ‚
2091 1787 2135 1811 ex
2165 1774 2384 1825 Sulpitiauo
2409 1789 2494 1813 coe-

1368 1835 1407 1864 tu
1426 1857 1435 1874 ‚
1480 1829 1547 1879 qui
1591 1829 1673 1865 viro
1702 1827 1941 1865 nobilissimo
1971 1826 2071 1865 Dnci
2109 1826 2156 1864 de
2184 1826 2393 1866 Liancourt
2423 1828 2493 1867 Sa-

1370 1878 1644 1918 cramentalem
1674 1879 1949 1919 absolutionem
1994 1894 2036 1918 ea
2065 1880 2262 1918 dumtaxat
2302 1882 2350 1919 de
2377 1895 2491 1920 causa

1370 1933 1647 1986 denegaverat,
1691 1935 1784 1986 quia
1821 1948 1843 1970 a
1873 1933 2136 1973 defensoribus
2165 1933 2332 1973 Jansenii
2350 1964 2360 1983 ‚
2404 1935 2491 1987 qui-

1368 1986 1532 2025 buscum
1562 1987 1734 2025 amicitia
1763 1986 1990 2039 conjunctus
2018 1995 2124 2034 erat,
2155 2001 2192 2025 se
2222 2001 2417 2041 segregare
2432 2001 2490 2026 re-

1369 2039 1524 2079 cusabat
1543 2067 1554 2078 .
1586 2041 1627 2078 ld
1653 2041 1809 2093 contigit
1839 2053 1936 2078 auno
1971 2039 2086 2078 1655.
2118 2040 2181 2086 24.
2212 2040 2328 2079 Febr.
2359 2041 2393 2078 ἃ
2428 2054 2489 2080 10.

1369 2093 1492 2132 Julii.
1523 2094 1566 2130 In
1597 2096 1759 2132 secunda
1789 2095 1909 2146 ipsius
1939 2093 2126 2146 epistola,
2157 2094 2232 2131 duo
2249 2097 2415 2132 maxime
2433 2108 2489 2131 re-

1368 2145 1621 2199 prehensione
1649 2147 1767 2199 digna
1796 2149 1955 2185 inventa
1996 2155 2078 2184 suut
2097 2175 2108 2194 ,
2151 2146 2312 2185 alterum
2356 2148 2403 2185 ad
2434 2148 2489 2185 fa-

1369 2209 1497 2248 ctum,
1527 2199 1689 2238 alterum
1720 2201 1767 2238 ad
1796 2198 1856 2251 jus
1886 2209 2083 2252 spectans.
2114 2198 2285 2238 Primum
2319 2200 2376 2238 his
2406 2214 2488 2238 ver·

1368 2253 1428 2292 bis
1457 2252 1746 2292 continebatur:
1777 2283 1803 2301 „
1821 2252 1987 2290 Jansenii
2016 2251 2164 2291 librum
2194 2262 2370 2292 accurate
2399 2269 2421 2291 a
2450 2267 2489 2291 se

1367 2336 1397 2355 „
1427 2306 1639 2359 perlectum
1658 2337 1667 2355 ‚
1711 2320 1779 2344 nec
1809 2315 1934 2344 tamen
1963 2307 2131 2344 inventas
2169 2308 2208 2345 in
2243 2320 2287 2346 eo
2317 2308 2486 2360 proposi-

1366 2389 1394 2409 „
1425 2361 1539 2398 tiones
1568 2358 1682 2408 illas,
1711 2368 1805 2412 quas
1821 2359 2075 2397 Innocentius
2091 2358 2143 2397 Χ.
2172 2360 2396 2408 damnavit,
2425 2374 2488 2398 ce-

1426 2421 1549 2451 terum
1581 2412 1668 2450 illas
1696 2427 1716 2450 a
1747 2426 1785 2449 se
1816 2411 1979 2451 ubilibet
2008 2412 2209 2459 damnari3
2239 2412 2273 2449 ἃ
2301 2414 2332 2452 si
2356 2414 2488 2451 sintin

1425 2466 1601 2504 Jansenio
1622 2495 1633 2513 ,
1676 2467 1792 2504 etiam
1823 2468 1861 2504 in
1889 2466 2085 2504 jansenio:
2128 2466 2300 2504 alterum
2342 2465 2398 2504 ad
2419 2467 2489 2516 jus

1423 2523 1628 2570 pertinens
1657 2518 1715 2556 his
1745 2528 1832 2557 erat
1849 2518 1947 2571 fere
1973 2516 2095 2556 verbis
2123 2517 2173 2554 ab
2208 2518 2384 2555 arnaldo
2413 2531 2485 2556 ex-

1425 2585 1638 2624 pressum:
1673 2572 1866 2623 Scriptura
1886 2602 1896 2619 ,
1926 2570 1959 2607 8⁶
1990 2569 2115 2611 Patres
2144 2569 2252 2609 uobis
2290 2572 2330 2609 in
2361 2584 2488 2623 perso-

1425 2640 1474 2664 na
1502 2626 1542 2665 S.
1573 2624 1672 2664 Petri
1700 2626 1896 2663 ostendunt
1925 2623 2069 2674 justum
2110 2624 2174 2661 cui
2215 2625 2364 2674 gratia,
2407 2626 2487 2663 sine

1368 2707 1395 2726 2,
1426 2693 1503 2731 qua
1532 2678 1635 2717 nihil
1652 2691 1878 2731 possumus,
1908 2691 1951 2715 ea
1964 2677 2161 2715 occasione
2175 2677 2324 2726 defuit,
2354 2678 2486 2730 inqua

1369 2760 1396 2780 ‚,
1426 2748 1448 2770 a
1477 2741 1632 2784 peccato
1661 2732 1829 2770 excusari
1859 2742 1934 2768 non
1964 2739 2081 2782 potest
2098 2731 2118 2745 ''
2136 2757 2148 2769 .

1422 2784 1489 2824 81.
1520 2786 1691 2838 Utraque
1720 2784 1804 2822 haec
1834 2783 2039 2834 propositio
2067 2794 2148 2837 post
2178 2783 2298 2822 multa
2314 2783 2484 2833 dissidia,

1365 2851 1456 2890 quae
1486 2852 1678 2878 recensere
1704 2849 1779 2875 non
1811 2846 1918 2873 vacat
1936 2867 1947 2884 ‚
1980 2837 2050 2875 suit
2078 2852 2100 2875 a
2130 2836 2328 2876 Facultate
2348 2837 2487 2876 Sorbo-

1366 2895 1454 2931 nica
1482 2892 1544 2930 die
1573 2891 1643 2929 ult.
1669 2889 1755 2927 Jan.
1793 2888 1906 2927 1656.
1951 2891 2009 2928 sin
2039 2891 2164 2929 minus
2195 2891 2370 2929 unanimi
2407 2889 2487 2928 cal-

1365 2946 1453 2983 culo
1475 2949 1489 2995 (
1511 2956 1618 2982 mim.
1633 2955 1695 2993 7¹·
1718 2941 1896 2979 Doctores
1921 2942 2088 2981 Arnaldo
2107 2943 2318 2993 favebant)
2348 2943 2482 2982 saltem

1363 2997 1510 3048 majore
1538 2994 1805 3045 suffragiorum
1836 3005 1940 3047 parte
1960 2997 2163 3045 damnataff.
2193 2997 2226 3034 8<
2248 3000 2374 3049 prima
2393 2996 2482 3046 qui-

1361 3051 1448 3088 dem
1466 3079 1477 3098 ‚
1506 3061 1594 3102 quae
1624 3057 1702 3087 erat
1722 3049 1836 3086 facti:
1866 3079 1892 3099 ‚‚
1914 3059 1954 3089 ut
1975 3053 2175 3091 temeraria
2190 3081 2203 3101 ,
2231 3046 2450 3088 scandalosa
2466 3078 2481 3097 ,

2317 3131 2344 3150 „
2373 3114 2430 3139 m·

1368 2442 1395 2462 ³2

1367 2494 1396 2515 2²

1368 2548 1394 2567 9>

1368 2601 1395 2621 32

1368 2654 1394 2674 25

1361 3201 1454 3242 modi
1479 3203 1632 3251 receptio
1658 3216 1676 3238 a
1704 3203 1796 3248 Rege
1822 3204 1857 3238 in
1884 3204 2026 3239 irritum
2052 3204 2156 3236 missa
2183 3209 2256 3242 est,
2293 3203 2325 3234 &
2351 3201 2482 3235 iterum

1364 3253 1507 3287 exulare
1534 3261 1698 3285 coactus.
1726 3252 1875 3284 Demnm
1901 3264 1982 3284 ann.
2001 3250 2102 3295 1734-
2127 3250 2234 3282 exilio
2259 3248 2392 3289 soluto,
2418 3248 2484 3280 Pa·

1363 3301 1465 3332 risios
1491 3299 1685 3338 remeavit,
1711 3297 1768 3330 ubi
1798 3299 2021 3342 tranquillam
2049 3297 2158 3330 vitam
2181 3294 2283 3331 duxit
2308 3305 2419 3342 usque
2436 3290 2482 3328 ad

1362 3354 1540 3390 mortem,
1565 3356 1643 3391 quae
1670 3345 1817 3390 contigit
1843 3356 1934 3380 anno
1961 3341 2062 3388 ¹747·
