2562 3694
205 143 290 196 ¹78

144 219 179 256 8:
211 217 420 256 teneritudo
449 217 615 264 amoris,
659 228 736 268 qua
777 230 866 268 erga
901 225 1094 255 creaturus
1122 226 1264 253 amatas

141 271 349 324 aliquando
378 272 561 319 ferimur,
590 270 624 307 &
644 283 732 321 quae
754 269 793 307 in
813 278 982 308 extrema
1009 271 1116 321 signa
1143 271 1264 319 suspi-

142 326 317 372 riorum,
348 323 609 376 singultuum,
640 322 931 376 lacrymarum,
975 322 1008 358 8(
1038 321 1179 360 similia
1209 322 1263 358 ef-

139 379 340 416 funditur:
378 380 456 416 itno
498 379 605 416 varia
649 390 718 429 pro
760 379 937 416 varietate
985 385 1263 426 temperamen-

139 433 196 479 ti,
240 440 303 469 aut
332 432 708 469 circumstantiarum
745 445 823 469 esse
851 430 964 468 solet:
1009 436 1060 464 est
1104 429 1260 479 inquam

139 484 225 522 haec
255 484 474 523 sensualitas
502 485 765 537 distinguenda
801 484 851 521 ab
889 482 1094 520 intensione
1127 482 1268 518 amoris

138 539 386 590 appretiativi
415 540 605 577 existentis
646 541 686 577 in
725 537 936 578 voluntate3
979 547 1068 585 quae
1107 534 1267 572 intensio

168 601 255 630 otest
286 606 363 630 esse
393 592 541 643 major,
573 592 660 630 licet
691 594 726 628 in
757 598 860 639 parte
890 587 1069 624 inferiore
1097 587 1258 630 sensibi-

136 607 223 684 litas
252 647 298 683 sit
328 646 481 684 minor.
512 646 603 682 vid.
635 645 673 681 P.
705 643 815 678 Bern.
847 640 892 677 de
923 639 1065 678 Rubeis
1095 642 1135 677 in
1166 640 1259 679 Dis-

136 707 232 738 sert.
253 698 382 737 Theoi.
399 699 446 736 ιῖε
470 698 672 736 (ῙῘιιινίῐιιεε
701 708 785 745 cap.
809 694 868 740 14.
890 693 923 730 8<
940 707 1017 745 seq.
1035 723 1046 742 ,
1078 694 1147 732 nbi
1174 710 1258 733 sen-

135 754 253 791 tentia
284 752 381 791 Petri
410 753 456 790 de
485 751 571 790 Soto
601 748 784 793 illustrat3
815 747 849 783 8<
878 748 1074 795 defendit,
1105 757 1185 785 tuin
1215 747 1256 786 P.

135 805 240 845 Dan.
261 806 429 843 Concitu
458 805 499 842 in
531 801 664 840 Theol.
684 800 824 839 Christ.
841 800 1259 853 Dogmatico-Morali

134 859 225 898 Lib.
249 860 276 896 l.
307 861 346 897 in
378 856 609 908 Decalogum
633 856 788 894 Dissert.
811 853 878 893 lV.
899 869 985 906 cap.
1001 854 1040 892 6.

189 912 350 960 Quaeres
378 914 516 958 tertio,
547 923 596 947 an
627 918 726 948 recte
753 908 947 946 dividatur
966 907 1132 946 charitas
1148 909 1258 947 inin-

133 969 366 1015 eapientem,
396 962 668 1016 proficientem
687 993 698 1011 ,
742 960 774 996 8(
804 961 1058 1013 perfectam;
1101 961 1135 998 &
1164 975 1260 1013 quo·

133 1019 246 1057 modo
275 1017 342 1056 illa
371 1017 509 1057 divisio
538 1019 582 1055 sit
611 1015 882 1068 intelligenda?
1221 1039 1231 1043 x

189 1073 253 1123 57.
286 1070 398 1123 Resp.
429 1070 469 1109 S.
500 1070 667 1108 'Thomas
697 1083 734 1107 2.
753 1083 790 1108 2.
819 1068 969 1122 qil-24·
1000 1077 1071 1106 art.
1092 1081 1131 1121 9.
1162 1068 1260 1108 hanc

131 1123 413 1163 distinctionem
441 1128 570 1175 primo
600 1123 803 1163 confirmat
832 1123 1052 1161 auctoritate
1072 1122 1112 1161 S.
1132 1124 1260 1174 Augu-

131 1179 220 1216 stini
239 1208 249 1226 ,
287 1180 354 1230 qui
385 1178 517 1217 Tract.
538 1177 590 1217 V.
620 1180 659 1216 in
688 1179 798 1229 epist.
826 1177 974 1215 Canon.
1005 1176 1046 1215 S.
1074 1176 1260 1215 joannis.

134 1230 343 1281 Charitas,
377 1233 522 1284 inquit,
543 1245 635 1269 cum
651 1229 1130 1284 jaeritnnta,nutritur,
1159 1231 1260 1282 quod

130 1288 292 1337 pertinet
319 1286 366 1324 ad
397 1287 643 1338 incipientes3
671 1298 766 1322 cum
783 1283 915 1337 fuerit
943 1288 1094 1332 nutritii.
1111 1313 1121 1332 ,
1152 1283 1258 1322 robo-

129 1348 275 1385 ratur5
317 1339 419 1392 quod
451 1342 611 1392 pertinet
638 1340 685 1377 a‘i
715 1339 980 1392 proficientes,
1018 1351 1109 1376 cum
1126 1335 1259 1389 fuerit:

129 1392 344 1441 roborata,
374 1393 605 1445 perficitur5
643 1393 744 1445 quod
775 1394 935 1445 pertinet
964 1392 1010 1429 ad
1043 1391 1253 1443 perfectos.

185 1446 250 1486 58.
282 1447 428 1485 Deinde
444 1448 541 1485 bene
555 1447 746 1485 observat:
777 1476 803 1494 „
821 1445 932 1495 Quod
949 1444 1147 1497 spirituale
1164 1459 1254 1496 aug-

129 1530 156 1550 „
187 1510 358 1538 mentum
375 1500 567 1539 charitatis
583 1500 812 1539 considerari
831 1508 946 1551 potest
964 1529 974 1546 ,
1004 1507 1190 1551 quantum
1208 1499 1255 1536 ad

129 1583 155 1604 ,‚
186 1553 333 1607 aliquid
362 1553 487 1592 simile
501 1549 692 1607 corporali
715 1553 879 1591 hominis
895 1561 1123 1604 augmento:
1152 1553 1255 1604 quod

128 1636 157 1657 „
185 1609 341 1661 quidem
370 1609 549 1660 quamvis
593 1609 633 1645 in
679 1607 864 1659 plurimas
908 1616 1031 1658 partes
1073 1606 1255 1657 distingui

128 1690 154 1711 „
185 1663 349 1714 possint,
377 1661 493 1700 habet
519 1671 647 1699 tamen
676 1661 826 1714 aliquas
845 1661 1110 1699 determinatas
1125 1661 1256 1697 distin-

129 1744 156 1763 2,
186 1717 354 1761 ctiones,
396 1716 605 1752 secundum
647 1715 912 1751 determinatas
955 1716 1116 1751 actiones
1140 1742 1150 1760 ,
1196 1713 1256 1750 vel

130 1794 157 1817 2,
186 1768 336 1814 studia,
379 1767 427 1803 ad
456 1780 544 1818 quae
577 1767 690 1803 homo
719 1767 940 1816 perducitur
972 1779 1036 1815 per
1072 1779 1254 1815 augmen-

129 1850 156 1870 „
189 1830 269 1857 tum
287 1851 296 1869 ,
327 1821 423 1857 sicut
454 1820 638 1857 infantilis
661 1828 750 1856 aetas
771 1819 930 1865 dicitur,
960 1829 1166 1869 antequam
1190 1817 1254 1855 ha-

187 1874 272 1912 beat
303 1886 411 1910 usum
451 1874 632 1920 rationis,
677 1881 803 1921 postea
845 1880 972 1907 autem
1015 1872 1255 1920 distinguitur

187 1927 284 1965 alius
313 1934 427 1964 status
443 1923 634 1972 hominis,
665 1924 817 1976 quando
839 1922 1117 1974 incipitloqui,
1148 1922 1181 1958 &
1200 1935 1258 1961 ra,-

185 1982 287 2019 tioue
317 1980 396 2017 uti:
439 1978 577 2016 iterum
607 1980 738 2015 tertius
767 1985 880 2014 status
916 1975 999 2027 ejus
1035 1985 1085 2013 est
1117 1976 1258 2025 puber-

187 2044 267 2082 tas,
297 2047 387 2072 cuin
418 2031 497 2084 jam
529 2033 665 2084 incipit
694 2031 800 2084 posse
829 2043 1037 2081 generare,
1069 2027 1102 2064 8<
1122 2029 1176 2067 sic
1192 2029 1256 2066 de-

188 2089 275 2126 inde
296 2100 493 2140 quousque
515 2086 710 2138 perveniat
726 2085 771 2123 ad
795 2085 1006 2136 perfectum
1024 2109 1033 2120 .
1065 2083 1119 2120 Ita
1139 2083 1255 2120 etiam

186 2143 327 2180 diversi
356 2141 494 2192 gradus
526 2138 722 2178 charitatis
764 2138 1073 2188 distinguuntur,
1117 2150 1253 2174 secun-

187 2196 278 2233 dum
309 2195 457 2233 diversa
487 2193 638 2243 studia,
681 2193 729 2230 ad
767 2205 856 2244 quae
896 2191 1009 2229 homo
1037 2190 1258 2243 perducitur

185 2263 251 2302 per
279 2248 474 2287 charitatis
503 2256 751 2300 augmentum
773 2247 794 2262 ’²
811 2272 823 2284 .

185 2305 250 2354 59.
283 2332 309 2351 „
329 2302 428 2341 Nam
450 2304 578 2353 primo
598 2301 752 2354 quidem
782 2298 977 2338 incumbit
1007 2298 1151 2336 homini
1181 2305 1257 2336 stu-

187 2356 296 2394 dium
327 2355 565 2408 principale,
596 2355 644 2392 ad
673 2355 927 2392 recedendum
959 2367 980 2391 a
1010 2362 1191 2405 peccato,
1222 2351 1256 2388 δε

187 2409 435 2448 resistendum
467 2409 782 2461 concupiscentiis
810 2407 921 2455 ejus,
964 2420 1053 2459 quae
1098 2408 1136 2445 in
1166 2417 1258 2443 con-

191 2464 353 2501 trarium
384 2462 577 2501 charitatis
607 2471 783 2507 moveut3
814 2460 934 2498 &hoc
950 2461 1113 2512 pertinet
1133 2460 1254 2498 adin-

188 2518 401 2570 cipientes,
430 2517 471 2554 in
501 2515 643 2569 quibus
672 2515 837 2554 charitas
867 2524 918 2553 est
935 2514 1165 2562 nutrienda,
1195 2512 1257 2551 vel

189 2571 378 2619 fovenda,
407 2584 453 2607 ue
469 2577 759 2622 corrumpatur.
789 2568 1008 2607 Secundum
1039 2577 1164 2606 autem
1182 2576 1258 2604 stu-

132 2655 159 2675 „
188 2624 297 2662 dium
327 2624 524 2672 succedit,
570 2633 609 2661 ut
646 2623 760 2661 homo
798 2621 1065 2674 principaliter
1095 2621 1259 2658 intendat

130 2708 157 2728 ,‚
188 2679 235 2716 ad
266 2677 362 2726 hoc,
391 2678 491 2730 quod
522 2678 560 2715 in
577 2677 676 2715 bono
693 2676 895 2730 proficiat3
926 2675 958 2712 8<
990 2676 1059 2713 hoc
1088 2676 1259 2712 studium

134 2761 160 2781 „
191 2733 348 2784 pertinet
378 2732 424 2769 ad
454 2730 718 2784 proficientes,
754 2730 824 2783 qui
853 2730 899 2767 ad
932 2728 1002 2767 hoc
1032 2727 1259 2780 principali-

136 2813 162 2832 „
190 2794 244 2822 ter
275 2785 496 2833 intendunt,
528 2793 566 2822 ut
598 2786 635 2823 in
664 2785 718 2822 eis
747 2784 912 2822 charitas
929 2795 995 2834 per
1009 2791 1258 2833 augmentum

135 2865 163 2885 „
191 2839 408 2877 roboretur.
453 2838 628 2876 Tertium
657 2848 783 2876 autem
814 2838 981 2876 studium
1012 2845 1065 2886 est
1083 2865 1093 2882 ,
1125 2844 1163 2872 ut
1193 2834 1259 2871 ho·

136 2919 165 2939 „
194 2903 255 2927 mo
283 2893 328 2930 ad
359 2891 430 2930 hoc
461 2891 727 2944 principaliter
748 2892 944 2938 intendat,
975 2900 1013 2927 ut
1034 2889 1117 2928 Deo
1138 2887 1258 2927 inhae-

137 2972 165 2991 „
195 2952 295 2980 reat:
338 2945 369 2982 8<
400 2959 444 2984 eo
475 2947 649 2992 fruatur;
692 2945 726 2982 8t
755 2944 826 2984 hoc
858 2946 1019 2996 pertinet
1057 2943 1104 2980 ad
1137 2943 1260 2994 perfe-

138 3026 164 3045 „
194 3006 268 3034 ctos
287 3026 297 3044 ,
326 3001 389 3047 qui
418 3004 577 3050 cupiunt
607 2999 789 3046 dissolvi,
833 2999 882 3038 <9¹
912 3011 998 3036 esse
1027 3009 1117 3034 cum
1151 2995 1262 3034 Chri-

139 3079 165 3099 „
195 3059 280 3097 sto,
303 3048 469 3103 Philipp.
492 3054 520 3091 l.
544 3054 608 3092 53.
626 3055 670 3091 ''.
699 3052 897 3100 Quaelibet
927 3062 1052 3090 tamen
1083 3050 1260 3099 charitas,

133 3105 253 3141 ‘etiam
285 3115 372 3155 quae
403 3106 590 3154 incipiens
619 3108 780 3155 dicitur,
824 3116 873 3144 est
898 3105 1062 3143 charitas
1091 3104 1261 3142 sanctifi-

138 3171 231 3196 cans
249 3188 258 3204 2
288 3170 376 3210 ‹1¹1ae
408 3166 446 3193 nt
475 3159 570 3198 infra
591 3161 739 3213 probat.
760 3170 829 3198 art.
859 3173 920 3197 12.
941 3171 1015 3196 non
1037 3167 1154 3210 potest
1169 3171 1261 3195 cum

139 3221 297 3263 peccato
327 3209 476 3248 mortali
499 3216 694 3251 consistere
716 3245 726 3263 ,
757 3215 854 3251 unde
876 3214 1030 3264 proprie
1050 3211 1259 3263 loquendo:

138 3279 214 3303 non
232 3275 281 3302 est
303 3263 386 3301 haec
401 3264 537 3303 divisio
552 3264 741 3305 chit-itatis
762 3267 970 3306 secundum
991 3267 1157 3304 diversas
1177 3279 1259 3316 spe-

140 3319 238 3365 cies,
269 3319 329 3356 sed
362 3317 483 3371 potius
511 3319 717 3356 secundum
740 3322 882 3358 divers«
904 3319 1074 3371 ejusdem
1095 3319 1260 3356 charita·

139 3372 185 3410 ti·
214 3374 369 3421 munia,
410 3385 477 3410 seu
514 3380 554 3411 nt
581 3369 750 3423 loquitur
781 3374 1008 3425 Angelicus‚
1049 3372 1262 3413 secundum

129 1903 156 1923 :9

130 1958 157 1978 :a

129 2011 155 2030 >3

128 2064 156 2085 27

129 2118 157 2138 22

129 2172 157 2192 2>

128 2225 156 2245 22

125 2279 153 2300 θ’

131 2386 158 2406 5)

131 2440 158 2461 29

132 2494 160 2513 5³

130 2548 159 2568 2>

130 2601 158 2621 22

772 134 854 180 DE
890 131 1051 180 V'tR'r.
1084 134 1313 180 THEOL.
1345 132 1612 178 DISSERT.
1634 136 1714 178 III.
1745 137 1874 182 CAP.
1897 137 1974 182 ΙΙΙ.

1331 214 1481 252 diversa
1503 214 1646 260 studia3
1676 229 1839 267 quorum
1864 220 2033 269 primum
2055 222 2105 254 est
2122 215 2301 256 ‘recedere
2321 229 2342 255 a
2362 229 2451 271 pec=

1331 277 1440 315 cato,
1471 269 1574 319 quod
1603 270 1857 306 contrariatur
1885 270 2089 308 charitati.

1383 319 1450 358 60.
1466 321 1564 358 Cum
1579 331 1706 359 autem
1728 321 1892 359 charitas
1910 323 2048 361 dicitur
2065 322 2268 375 peffecta,
2298 336 2369 362 non
2391 336 2454 361 ex-

1329 372 1498 412 cluditur
1514 403 1524 421 ,
1555 377 1648 426 quin
1678 374 1808 426 &ipsa
1829 377 1959 425 augeri
1979 389 2127 428 semper
2148 380 2259 429 possit
2276 408 2286 425 ,
2315 391 2454 429 quam-

1329 427 1397 464 diu
1426 428 1464 465 in
1494 426 1565 465 hac
1596 430 1672 467 vita
1701 442 1854 466 sumus.
1887 428 1988 465 Hinc
2017 429 2179 479 Spiritus
2207 432 2248 470 S.
2281 434 2318 468 in
2351 429 2450 468 mul-

1335 481 1381 518 tis
1419 481 1639 518 divinarum
1670 480 1956 533 Scripturarum
2001 480 2093 518 locis
2134 491 2198 519 nos
2233 483 2453 521 adhortatur

1336 542 1375 570 ut
1403 547 1554 585 semper
1582 535 1630 572 ad
1660 534 1844 585 majorem
1876 534 2095 581 charitatis,
2125 535 2338 585 acjnstitiae
2370 550 2455 588 per-

1335 587 1538 624 fectionem
1575 589 1792 626 enitamur.
1836 586 2346 627 Ecclesiastici'XVlll.22.
2389 589 2456 627 Ne

1327 645 1498 678 verearis
1528 653 1648 691 usque
1675 640 1730 678 ad
1751 650 1925 681 mortem.
1938 641 2155 693 justificari
2172 667 2181 678 .
2211 641 2360 679 Clarius
2380 657 2450 681 au·

1326 702 1442 743 tem,¹
1467 693 1501 730 8<
1532 696 1767 746 frequentius
1796 696 1836 732 in
1869 708 1964 732 novo
1994 695 2264 732 TestamentO.
2306 696 2369 733 sic
2405 698 2452 734 A-

1326 746 1492 798 postolus
1522 747 1660 786 Paulus
1676 748 1851 800 Ephesiis
1881 748 2070 786 scribebat
2099 747 2264 800 cap.lV.
2287 747 2346 785 15.
2378 746 2454 786 Ve-

1325 805 1490 839 ritatem
1507 800 1717 852 facientes
1746 807 1787 839 ιή
1816 800 2029 849 charitate,
2053 802 2287 839 crescamus
2315 804 2356 837 itt
2386 802 2453 839 illo

1327 867 1396 906 per
1425 860 1587 903 omnm,
1616 858 1681 904 qui
1711 865 1769 893 est
1793 854 1966 893 Christus
1981 855 2120 893 secus,
2151 853 2196 892 Et
2217 855 2263 892 ad
2282 853 2454 907 Philipp.

1327 909 1407 960 I.9.
1438 907 1527 946 Hoc
1547 922 1637 957 oro,
1667 916 1708 945 ut
1725 908 1906 946 charitas
1928 919 2061 946 restrui
2092 914 2224 961 magle
2242 939 2252 956 ‚
2280 919 2331 945 ac
2362 920 2454 944 ma,-

1356 966 1388 999 ls
1416 961 1618 1000 abundet.
1655 961 1704 1000 Et
1733 964 1840 1014 epist.
1872 965 1996 1014 prima
2027 962 2072 1000 ad
2104 962 2274 1000 Thessal.
2297 961 2364 999 111.
2393 973 2453 998 t2.

1326 975 1410 1053 §sos
1445 1026 1582 1053 autem
1619 1015 1817 1054 Dominus
1860 1017 2115 1066 multiplicer,
2159 1017 2207 1056 Θ·
2245 1013 2455 1053 abundare

1315 1067 1459 1120 siz-clar
1488 1069 1730 1108 charitatem
1761 1079 1933 1108 vestram
1964 1073 2004 1107 ὶη
2033 1072 2223 1108 invicem.

1384 1122 1448 1161 6ι.
1479 1123 1658 1175 Quibus,
1701 1124 1865 1177 aliisque
1895 1123 2088 1162 similibus
2125 1123 2348 1162 testimoniis
2376 1134 2455 1160 uon

1327 1175 1451 1214 solum
1482 1177 1670 1215 refellitur
1698 1176 1831 1215 stultus
1860 1177 2053 1215 Joviniani
2092 1190 2222 1224 error,
2247 1189 2382 1229 ·quem
2412 1175 2458 1213 S.

1330 1229 1589 1283 Hieronymus
1618 1232 1656 1268 in
1685 1231 1774 1269 Lib.
1791 1232 1839 1268 ΙΙ.
1869 1237 1999 1269 contra
2031 1232 2157 1280 ipsum
2196 1232 2333 1267 acriter
2361 1241 2454 1267 con-

1328 1284 1492 1322 futavit.
1535 1285 1683 1321 Justum
1715 1297 1850 1336 nempe
1880 1296 1954 1320 non
1991 1283 2130 1320 debere
2167 1283 2368 1329 laborare,
2415 1289 2455 1319 ut

1326 1347 1470 1374 cres-cat
1501 1338 1538 1375 in
1571 1338 1832 1389 perfectione,
1876 1335 1946 1374 sed
1975 1348 2025 1372 ne
2053 1335 2221 1385 perdat,
2255 1335 2354 1386 quod
2383 1346 2454 1372 ac-

1325 1394 1448 1439 cepit:
1493 1403 1626 1428 verum
1656 1393 1771 1429 etiam
1801 1390 2076 1429 condemnatur
2108 1389 2263 1426 he‘eresis
2292 1389 2455 1425 Novato-

1324 1456 1434 1491 rum‚
1464 1445 1532 1496 qui
1549 1443 1726 1481 volebant
1744 1474 1754 1492 ,
1786 1458 1849 1482 nos
1879 1441 2079 1494 justificari
2099 1457 2165 1494 per
2181 1441 2320 1480 Christi
2345 1440 2454 1492 justi-

1325 1498 1416 1534 tiam
1448 1497 1523 1535 fide
1552 1497 1861 1549 apprehensam,
1909 1498 2096 1550 nobisque
2125 1513 2146 1534 a
2176 1495 2258 1535 Deo
2288 1498 2455 1545 imputa-

1323 1559 1428 1591 tam:
1459 1566 1546 1588 cum
1580 1564 1668 1589 vero
1696 1552 1836 1590 Christi
1866 1550 2011 1602 iustitia
2039 1551 2171 1588 eadem
2201 1562 2351 1600 semper
2379 1549 2455 1595 sit,

1324 1605 1580 1656 sequebatur,
1611 1615 1776 1643 nostram
1807 1605 1991 1656 justitiam
2023 1618 2190 1642 crescere
2220 1616 2294 1641 non
2324 1612 2456 1655 posse:

1326 1657 1505 1696 Putidum
1536 1658 1637 1695 hunc
1666 1671 1857 1706 errorem,
1888 1672 1931 1695 ac
1947 1658 2177 1695 Christianae
2203 1658 2330 1707 pietati
2360 1668 2450 1693 con-

1324 1712 1486 1747 trarium
1519 1712 1823 1762 proscripserunt
1854 1710 1979 1748 Patres
2009 1710 2222 1748 Tridentini
2253 1709 2352 1747 Sess.
2383 1707 2455 1745 Vl.

1324 1775 1410 1800 can.
1435 1763 1498 1808 24.
1528 1764 1578 1800 ita
1608 1763 1852 1801 definientes:
1896 1793 1921 1810 ,‚
1953 1764 1991 1801 Si
2024 1766 2109 1815 quis
2139 1763 2298 1809 dixerit,
2342 1762 2455 1812 justi-

1324 1844 1351 1863 „
1383 1817 1474 1853 tiam
1505 1826 1701 1867 acceptam
1719 1831 1793 1854 non
1811 1818 2053 1863 conservari,
2085 1825 2197 1868 atque
2228 1816 2343 1852 etiarn
2375 1827 2453 1852 non

1323 1898 1351 1916 „
1381 1871 1508 1919 augeri
1541 1884 1609 1921 per
1638 1871 1739 1908 bona
1767 1884 1910 1921 opera;
1955 1869 2016 1908 sed
2051 1882 2167 1920 opera
2198 1870 2278 1920 ipsa
2308 1869 2455 1905 fructus

1325 1950 1353 1970 „
1383 1923 1648 1970 solummodo,
1680 1922 1714 1958 ἃ
1743 1926 1848 1975 signa
1879 1938 1956 1960 esse
1977 1922 2258 1974 justificationis
2278 1921 2424 1971 adeptae
2442 1950 2455 1968 ,

1325 2002 1352 2022 „
1383 1988 1454 2011 non
1485 1986 1613 2013 autem
1643 1978 1762 2029 ipsius
1801 1978 1986 2029 augendae
2028 1990 2210 2024 causam,
2249 1974 2454 2013 anathema.

1324 2028 1426 2075 „lsit
1447 2027 1468 2042 ’'
1485 2055 1497 2067 .

1378 2079 1443 2118 62.
1473 2081 1546 2120 Sed
1577 2083 1691 2121 etiam
1713 2083 1751 2121 in
1772 2082 1943 2129 eiusdem
1966 2083 2063 2122 Sess.
2084 2082 2152 2120 Vl.
2176 2097 2210 2121 c.
2233 2095 2293 2121 10.
2310 2111 2321 2130 ,
2350 2081 2454 2133 quod.

1321 2133 1570 2172 inscribitur:
1602 2135 1664 2173 De
1695 2146 1875 2184 ‹zcceptce
1899 2137 2200 2188 justificationi-v
2229 2141 2456 2174 incremen-

1326 2195 1391 2232 το,-
1421 2190 1470 2226 ita
1502 2188 1734 2241 loquuntur:
1765 2220 1790 2238 „
1812 2190 1876 2227 Sic
1906 2204 1994 2241 ergo
2023 2189 2244 2240 justificati,
2274 2188 2308 2224 &
2337 2188 2456 2227 amici.

1327 2271 1354 2290 „
1387 2241 1487 2290 Dei,
1519 2257 1562 2281 ac
1577 2243 1774 2281 domestici
1806 2244 1894 2280 facti
1927 2254 2056 2281 euntes
2089 2244 2135 2280 de
2163 2244 2299 2280 virtute
2320 2244 2357 2280 in
2378 2244 2458 2280 vir-

1327 2324 1354 2344 „
1384 2305 1503 2334 tutem
1533 2306 1784 2344 renovantur,
1817 2306 1855 2333 nt
1878 2297 2075 2347 Apostolus
2106 2297 2228 2348 inquit
2257 2298 2303 2335 de
2331 2296 2394 2333 die
2415 2295 2456 2332 in

1326 2378 1354 2398 ‚,
1383 2349 1508 2398 diem,
1541 2349 1611 2387 hoc
1640 2360 1690 2387 est
1721 2351 1988 2389 mortificando
2018 2352 2193 2389 membra
2220 2349 2342 2388 carnis
2362 2362 2457 2397 suae,

1326 2432 1353 2452 ‚,
1384 2402 1598 2442 exhibendo
1627 2418 1670 2441 ea
1700 2418 1807 2441 arma
1842 2404 1998 2455 justitiae
2043 2407 2083 2443 in
2117 2403 2460 2443 sanctificationem

1325 2486 1350 2505 „
1384 2471 1450 2508 per
1484 2458 1785 2496 observationem
1828 2460 2091 2497 mandatorum
2123 2458 2219 2505 Dei,
2263 2456 2295 2493 &
2325 2456 2461 2495 Eccle-

1325 2540 1353 2560 „
1382 2512 1449 2549 siae
1481 2512 1520 2549 iu
1552 2512 1633 2563 ipsa
1662 2510 1805 2562 justitia
1837 2526 1904 2564 per
1922 2511 2060 2551 Christi
2091 2514 2250 2564 gratiam
2272 2520 2459 2563 accepta.‚

1328 2591 1354 2613 ‚,
1386 2576 1613 2618 cooperante
1641 2564 1718 2602 fide
1750 2565 1857 2604 bonis
1885 2565 2067 2618 operibus
2097 2573 2299 2613 crescunt,
2342 2565 2461 2617 atque

1327 2647 1356 2666 „
1387 2621 1507 2671 magis
1537 2617 1798 2670 justificantur
1821 2646 1876 2658 ....
1921 2621 2001 2658 Hoc
2031 2633 2120 2657 vero
2149 2620 2303 2669 justitiae
2336 2619 2459 2656 incre·

1328 2701 1355 2720 „
1385 2684 1555 2710 mentum
1596 2674 1685 2723 petit
1714 2672 1851 2711 Sznicta
1887 2672 2062 2712 Ecclesia
2103 2672 2197 2710 dum
2241 2681 2339 2710 orat:
2371 2671 2458 2710 'Da

1329 2754 1356 2774 „
1386 2725 1497 2764 nobis
1530 2726 1704 2764 Domine
1725 2726 1859 2780 fidei,
1902 2730 2012 2779 spei,
2054 2726 2103 2767 ὠ
2147 2725 2355 2764 charitatis
2384 2726 2458 2763 a&-

1329 2808 1356 2828 ,‚
1384 2789 1594 2832 gmentwn
1616 2782 1659 2819 ''.

1383 2833 1449 2872 63.
1481 2833 1614 2872 Facile
1643 2842 1735 2872 esset
1764 2835 1812 2872 ad
1841 2833 1958 2882 hujus
1992 2834 2173 2873 doctrinae
2203 2831 2460 2873 confirmatio·

1330 2898 1419 2924 nem
1449 2889 1638 2939 integrum
1671 2888 1896 2926 Sanctorum
1922 2888 2076 2926 Patrum
2107 2887 2270 2927 chorum
2299 2888 2462 2925 advoca-

1331 2952 1398 2989 re,
1428 2944 1494 2994 qui
1526 2943 1736 2992 saepissime
1768 2942 1917 2980 Fideles
1946 2941 2236 2990 adhortantur,·
2255 2950 2294 2979 ut
2325 2954 2392 2993 per
2418 2953 2458 2976 o·

1330 3007 1423 3046 pera
1452 2997 1598 3046 pietatis
1627 2998 1664 3034 in
1689 2995 1871 3033 charitate
1899 3002 2095 3034 crescant.
2132 2996 2206 3035 Sed
2227 3008 2323 3033 unus
2353 2991 2455 3032 suffi—

1331 3050 1406 3085 ciat
1437 3062 1597 3100 magnus
1637 3049 1896 3100 Augustinus,
1935 3051 2001 3096 qui
2043 3049 2140 3088 hanc
2169 3051 2363 3087 veritatem
2392 3046 2458 3081 do-

1331 3103 1493 3152 gmatice
1514 3112 1688 3155 proponit
1710 3117 1769 3155 ep.
1785 3097 1978 3141 CLXVII.
2007 3102 2100 3141 alias
2118 3102 2270 3142 XXIX.
2299 3102 2344 3137 ad
2366 3098 2458 3135 Hie-

1333 3167 1541 3207 ronymum
1560 3157 1756 3207 inquiens:
1789 3186 1814 3204 „
1837 3157 1968 3194 Virtus
1999 3166 2050 3195 est
2070 3155 2258 3202 charitas,
2286 3165 2362 3206 qUa
2392 3151 2429 3189 id
2447 3177 2459 3199 ⁵

1330 3236 1356 3256 2,
1386 3210 1486 3261 quod
1517 3209 1756 3259 diligendum
1786 3221 1868 3257 est,
1913 3212 2106 3262 diligitur.
2151 3209 2244 3246 Haec
2289 3208 2327 3244 in
2370 3204 2458 3242 aliis

1331 3290 1357 3309 „
1389 3263 1534 3311 major,
1567 3265 1605 3301 in
1635 3263 1721 3301 aliis
1753 3267 1904 3313 minor,
1937 3266 1973 3302 in
2002 3265 2087 3302 aliis
2115 3260 2222 3298 nulla
2252 3269 2329 3298 est.
2373 3257 2458 3296 Pte-

1331 3344 1358 3363 „
1389 3318 1544 3354 nissicna
1574 3331 1682 3364 vero,
1713 3332 1802 3370 quae
1833 3332 1909 3356 non
1940 3317 2052 3368 possit
2081 3316 2237 3365 augeri,
2267 3312 2455 3368 quamdiu

1331 3396 1358 3420 2,
1389 3369 1453 3411 hic
1483 3369 1598 3413 homo
1627 3373 1753 3423 vivit,
1781 3382 1833 3412 est
1861 3372 1902 3411 in
1931 3368 2087 3409 nemine
2102 3366 2122 3382 '²
2139 3390 2151 3407 ο
2346 3415 2398 3466 64

2402 3442 2413 3459 0
