<?xml version="1.0" encoding="UTF-8"?>
<!DOCTYPE html PUBLIC "-//W3C//DTD XHTML 1.0 Transitional//EN"
    "http://www.w3.org/TR/xhtml1/DTD/xhtml1-transitional.dtd">
<html xmlns="http://www.w3.org/1999/xhtml" xml:lang="en" lang="en">
 <head>
  <title>
</title>
<meta http-equiv="Content-Type" content="text/html;charset=utf-8" />
  <meta name='ocr-system' content='tesseract 3.04.00' />
  <meta name='ocr-capabilities' content='ocr_page ocr_carea ocr_par ocr_line ocrx_word'/>
</head>
<body>
  <div class='ocr_page' id='page_1' title='image "./fratrispetrimari06gazzuoft/fratrispetrimari06gazzuoft_0044.png"; bbox 0 0 2570 3745; ppageno 0'>
   <div class='ocr_carea' id='block_1_1' title="bbox 232 204 1803 252">
    <p class='ocr_par' dir='ltr' id='par_1_1' title="bbox 232 204 1803 252">
     <span class='ocr_line' id='line_1_1' title="bbox 232 204 1803 252; baseline -0.001 0"><span class='ocrx_word' id='word_1_1' title='bbox 232 212 284 252; x_wconf 81' lang='lat'><strong>52</strong></span> <span class='ocrx_word' id='word_1_2' title='bbox 810 206 890 251; x_wconf 86' lang='lat' dir='ltr'><strong>DE</strong></span> <span class='ocrx_word' id='word_1_3' title='bbox 926 206 1156 250; x_wconf 77' lang='lat' dir='ltr'><strong>GIIATIA</strong></span> <span class='ocrx_word' id='word_1_4' title='bbox 1190 206 1236 249; x_wconf 88' lang='lat' dir='ltr'><strong>P.</strong></span> <span class='ocrx_word' id='word_1_5' title='bbox 1258 206 1292 249; x_wconf 93' lang='lat' dir='ltr'><strong>I.</strong></span> <span class='ocrx_word' id='word_1_6' title='bbox 1326 204 1470 249; x_wconf 89' lang='lat' dir='ltr'><strong>DISS.</strong></span> <span class='ocrx_word' id='word_1_7' title='bbox 1507 205 1563 248; x_wconf 89' lang='lat' dir='ltr'><strong>II.</strong></span> <span class='ocrx_word' id='word_1_8' title='bbox 1598 206 1724 251; x_wconf 90' lang='lat' dir='ltr'><strong>CAP.</strong></span> <span class='ocrx_word' id='word_1_9' title='bbox 1747 207 1803 252; x_wconf 91' lang='lat' dir='ltr'><strong>II.</strong></span> 
     </span>
    </p>
   </div>
   <div class='ocr_carea' id='block_1_2' title="bbox 156 285 1276 3098">
    <p class='ocr_par' dir='ltr' id='par_1_2' title="bbox 161 285 1276 1139">
     <span class='ocr_line' id='line_1_2' title="bbox 167 285 1275 338; baseline -0.002 -12"><span class='ocrx_word' id='word_1_10' title='bbox 167 302 241 327; x_wconf 87' lang='lat' dir='ltr'><strong>non</strong></span> <span class='ocrx_word' id='word_1_11' title='bbox 272 298 393 326; x_wconf 77' lang='lat' dir='ltr'><strong>tamen</strong></span> <span class='ocrx_word' id='word_1_12' title='bbox 425 285 620 337; x_wconf 87' lang='lat' dir='ltr'><strong>sequitur,</strong></span> <span class='ocrx_word' id='word_1_13' title='bbox 650 299 738 324; x_wconf 84' lang='lat' dir='ltr'><strong>eum</strong></span> <span class='ocrx_word' id='word_1_14' title='bbox 770 288 1020 338; x_wconf 81' lang='lat' dir='ltr'>promeruisse</span> <span class='ocrx_word' id='word_1_15' title='bbox 1040 286 1153 324; x_wconf 76' lang='lat' dir='ltr'><strong>etiam</strong></span> <span class='ocrx_word' id='word_1_16' title='bbox 1173 287 1275 338; x_wconf 85' lang='lat' dir='ltr'><strong>apud</strong></span> 
     </span>
     <span class='ocr_line' id='line_1_3' title="bbox 166 337 1274 392; baseline -0.001 -13"><span class='ocrx_word' id='word_1_17' title='bbox 166 342 319 386; x_wconf 84' lang='lat' dir='ltr'><strong>Deum3</strong></span> <span class='ocrx_word' id='word_1_18' title='bbox 361 353 485 392; x_wconf 82' lang='lat' dir='ltr'><strong>neque</strong></span> <span class='ocrx_word' id='word_1_19' title='bbox 515 342 617 379; x_wconf 87' lang='lat' dir='ltr'><strong>enim</strong></span> <span class='ocrx_word' id='word_1_20' title='bbox 647 349 698 379; x_wconf 89' lang='lat' dir='ltr'><strong>est</strong></span> <span class='ocrx_word' id='word_1_21' title='bbox 728 341 858 378; x_wconf 88' lang='lat' dir='ltr'><strong>eadem</strong></span> <span class='ocrx_word' id='word_1_22' title='bbox 896 341 991 378; x_wconf 87' lang='lat' dir='ltr'><strong>ratio</strong></span> <span class='ocrx_word' id='word_1_23' title='bbox 1018 340 1114 379; x_wconf 86' lang='lat' dir='ltr'><strong>inter</strong></span> <span class='ocrx_word' id='word_1_24' title='bbox 1152 337 1274 378; x_wconf 86' lang='lat' dir='ltr'><strong>homi-</strong></span> 
     </span>
     <span class='ocr_line' id='line_1_4' title="bbox 166 391 1271 443; baseline -0.002 -13"><span class='ocrx_word' id='word_1_25' title='bbox 166 408 258 441; x_wconf 80' lang='lat' dir='ltr'><strong>nes,</strong></span> <span class='ocrx_word' id='word_1_26' title='bbox 302 408 344 432; x_wconf 86' lang='lat' dir='ltr'><strong>ac</strong></span> <span class='ocrx_word' id='word_1_27' title='bbox 375 393 545 432; x_wconf 87' lang='lat' dir='ltr'><strong>homines</strong></span> <span class='ocrx_word' id='word_1_28' title='bbox 566 424 577 443; x_wconf 84' lang='lat'><strong>,</strong></span> <span class='ocrx_word' id='word_1_29' title='bbox 621 393 653 430; x_wconf 69' lang='grc' dir='ltr'>ἃ</span> <span class='ocrx_word' id='word_1_30' title='bbox 683 395 779 432; x_wconf 88' lang='lat' dir='ltr'><strong>inter</strong></span> <span class='ocrx_word' id='word_1_31' title='bbox 809 394 1002 440; x_wconf 83' lang='lat' dir='ltr'><strong>homines,</strong></span> <span class='ocrx_word' id='word_1_32' title='bbox 1045 405 1089 429; x_wconf 86' lang='lat' dir='ltr'><strong>ac</strong></span> <span class='ocrx_word' id='word_1_33' title='bbox 1118 391 1271 438; x_wconf 70' lang='lat' dir='ltr'><strong>Deum5</strong></span> 
     </span>
     <span class='ocr_line' id='line_1_5' title="bbox 164 445 1272 500; baseline 0 -17"><span class='ocrx_word' id='word_1_34' title='bbox 164 448 264 484; x_wconf 81' lang='lat' dir='ltr'><strong>unde</strong></span> <span class='ocrx_word' id='word_1_35' title='bbox 293 449 344 485; x_wconf 87' lang='lat' dir='ltr'><strong>ita</strong></span> <span class='ocrx_word' id='word_1_36' title='bbox 373 446 502 499; x_wconf 81' lang='lat' dir='ltr'>colligi</span> <span class='ocrx_word' id='word_1_37' title='bbox 533 461 602 485; x_wconf 89' lang='lat' dir='ltr'><strong>non</strong></span> <span class='ocrx_word' id='word_1_38' title='bbox 633 456 773 500; x_wconf 86' lang='lat' dir='ltr'><strong>potest,</strong></span> <span class='ocrx_word' id='word_1_39' title='bbox 813 445 993 484; x_wconf 73' lang='lat' dir='ltr'><strong>Basilides</strong></span> <span class='ocrx_word' id='word_1_40' title='bbox 1024 445 1162 482; x_wconf 87' lang='lat' dir='ltr'><strong>meruit</strong></span> <span class='ocrx_word' id='word_1_41' title='bbox 1189 458 1272 483; x_wconf 84' lang='lat' dir='ltr'><strong>ora-</strong></span> 
     </span>
     <span class='ocr_line' id='line_1_6' title="bbox 165 497 1272 550; baseline -0.001 -14"><span class='ocrx_word' id='word_1_42' title='bbox 165 502 281 537; x_wconf 70' lang='lat' dir='ltr'><strong>tiones</strong></span> <span class='ocrx_word' id='word_1_43' title='bbox 311 500 572 547; x_wconf 77' lang='lat' dir='ltr'><strong>l&#39;otamiaenae3</strong></span> <span class='ocrx_word' id='word_1_44' title='bbox 610 501 694 539; x_wconf 84' lang='lat' dir='ltr'><strong>haec</strong></span> <span class='ocrx_word' id='word_1_45' title='bbox 724 510 848 538; x_wconf 85' lang='lat' dir='ltr'><strong>autem</strong></span> <span class='ocrx_word' id='word_1_46' title='bbox 880 505 1171 550; x_wconf 86' lang='lat' dir='ltr'><strong>promeruerunt</strong></span> <span class='ocrx_word' id='word_1_47' title='bbox 1202 497 1272 535; x_wconf 84' lang='lat' dir='ltr'><strong>Ba-</strong></span> 
     </span>
     <span class='ocr_line' id='line_1_7' title="bbox 163 548 1271 606; baseline -0.003 -15"><span class='ocrx_word' id='word_1_48' title='bbox 163 553 267 592; x_wconf 84' lang='lat' dir='ltr'><strong>silidi</strong></span> <span class='ocrx_word' id='word_1_49' title='bbox 296 555 472 606; x_wconf 79' lang='lat' dir='ltr'>gratiam:</span> <span class='ocrx_word' id='word_1_50' title='bbox 505 568 591 606; x_wconf 80' lang='lat' dir='ltr'><strong>ergo</strong></span> <span class='ocrx_word' id='word_1_51' title='bbox 621 555 690 592; x_wconf 68' lang='lat' dir='ltr'><strong>Sec.</strong></span> <span class='ocrx_word' id='word_1_52' title='bbox 720 554 806 591; x_wconf 71' lang='lat' dir='ltr'><strong>Non</strong></span> <span class='ocrx_word' id='word_1_53' title='bbox 828 555 1006 603; x_wconf 84' lang='lat' dir='ltr'><strong>inquam,</strong></span> <span class='ocrx_word' id='word_1_54' title='bbox 1036 548 1147 601; x_wconf 86' lang='lat' dir='ltr'><strong>cujus</strong></span> <span class='ocrx_word' id='word_1_55' title='bbox 1176 552 1271 589; x_wconf 83' lang='lat' dir='ltr'><strong>ratio</strong></span> 
     </span>
     <span class='ocr_line' id='line_1_8' title="bbox 163 600 1273 660; baseline -0.003 -16"><span class='ocrx_word' id='word_1_56' title='bbox 163 615 240 655; x_wconf 86' lang='lat' dir='ltr'><strong>est,</strong></span> <span class='ocrx_word' id='word_1_57' title='bbox 282 610 374 660; x_wconf 85' lang='lat' dir='ltr'><strong>qnia</strong></span> <span class='ocrx_word' id='word_1_58' title='bbox 404 608 636 646; x_wconf 79' lang='lat' dir='ltr'><strong>Potamiaena</strong></span> <span class='ocrx_word' id='word_1_59' title='bbox 665 606 817 658; x_wconf 79' lang='lat' dir='ltr'>aliquod</span> <span class='ocrx_word' id='word_1_60' title='bbox 848 604 1083 642; x_wconf 79' lang='lat' dir='ltr'><strong>beneficium</strong></span> <span class='ocrx_word' id='word_1_61' title='bbox 1119 617 1141 640; x_wconf 83' lang='lat' dir='ltr'><strong>a</strong></span> <span class='ocrx_word' id='word_1_62' title='bbox 1170 600 1273 641; x_wconf 81' lang='lat' dir='ltr'><strong>Basi-</strong></span> 
     </span>
     <span class='ocr_line' id='line_1_9' title="bbox 162 656 1273 713; baseline -0.003 -16"><span class='ocrx_word' id='word_1_63' title='bbox 162 660 242 699; x_wconf 80' lang='lat' dir='ltr'><strong>lide</strong></span> <span class='ocrx_word' id='word_1_64' title='bbox 271 663 441 713; x_wconf 79' lang='lat' dir='ltr'><strong>recepit,</strong></span> <span class='ocrx_word' id='word_1_65' title='bbox 472 662 574 699; x_wconf 84' lang='lat' dir='ltr'><strong>Deus</strong></span> <span class='ocrx_word' id='word_1_66' title='bbox 595 669 720 698; x_wconf 83' lang='lat' dir='ltr'><strong>autem</strong></span> <span class='ocrx_word' id='word_1_67' title='bbox 750 658 931 703; x_wconf 70' lang='lat' dir='ltr'><strong>nullum,</strong></span> <span class='ocrx_word' id='word_1_68' title='bbox 962 657 994 693; x_wconf 74' lang='grc' dir='ltr'><strong>δ’(</strong></span> <span class='ocrx_word' id='word_1_69' title='bbox 1025 656 1156 709; x_wconf 77' lang='lat' dir='ltr'><strong>aliqua</strong></span> <span class='ocrx_word' id='word_1_70' title='bbox 1187 670 1273 708; x_wconf 86' lang='lat' dir='ltr'><strong>pro-</strong></span> 
     </span>
     <span class='ocr_line' id='line_1_10' title="bbox 164 709 1274 767; baseline -0.005 -15"><span class='ocrx_word' id='word_1_71' title='bbox 164 716 285 767; x_wconf 77' lang='lat' dir='ltr'>portio</span> <span class='ocrx_word' id='word_1_72' title='bbox 327 724 405 752; x_wconf 82' lang='lat' dir='ltr'><strong>erat</strong></span> <span class='ocrx_word' id='word_1_73' title='bbox 434 716 533 752; x_wconf 86' lang='lat' dir='ltr'><strong>inter</strong></span> <span class='ocrx_word' id='word_1_74' title='bbox 574 713 808 752; x_wconf 85' lang='lat' dir='ltr'><strong>beneficium</strong></span> <span class='ocrx_word' id='word_1_75' title='bbox 840 711 1081 750; x_wconf 82' lang='lat' dir='ltr'><strong>Potamiaenae</strong></span> <span class='ocrx_word' id='word_1_76' title='bbox 1125 709 1274 748; x_wconf 72' lang='lat' dir='ltr'><strong>exhibi-</strong></span> 
     </span>
     <span class='ocr_line' id='line_1_11' title="bbox 165 764 1273 816; baseline -0.005 -11"><span class='ocrx_word' id='word_1_77' title='bbox 165 778 245 805; x_wconf 87' lang='lat' dir='ltr'><strong>tum</strong></span> <span class='ocrx_word' id='word_1_78' title='bbox 263 799 273 816; x_wconf 93' lang='lat'><strong>,</strong></span> <span class='ocrx_word' id='word_1_79' title='bbox 304 767 336 804; x_wconf 74' lang='grc'><strong>8(</strong></span> <span class='ocrx_word' id='word_1_80' title='bbox 366 769 577 806; x_wconf 81' lang='lat' dir='ltr'>mercedem</span> <span class='ocrx_word' id='word_1_81' title='bbox 607 767 655 804; x_wconf 82' lang='lat' dir='ltr'><strong>ab</strong></span> <span class='ocrx_word' id='word_1_82' title='bbox 686 781 728 802; x_wconf 86' lang='lat' dir='ltr'><strong>ea</strong></span> <span class='ocrx_word' id='word_1_83' title='bbox 758 765 945 802; x_wconf 80' lang='lat' dir='ltr'>redditam</span> <span class='ocrx_word' id='word_1_84' title='bbox 963 795 973 813; x_wconf 81' lang='lat'>‚</span> <span class='ocrx_word' id='word_1_85' title='bbox 1012 764 1118 802; x_wconf 89' lang='lat' dir='ltr'><strong>nulla</strong></span> <span class='ocrx_word' id='word_1_86' title='bbox 1147 774 1273 801; x_wconf 85' lang='lat' dir='ltr'><strong>antem</strong></span> 
     </span>
     <span class='ocr_line' id='line_1_12' title="bbox 164 817 1276 873; baseline -0.004 -15"><span class='ocrx_word' id='word_1_87' title='bbox 164 822 262 859; x_wconf 78' lang='lat' dir='ltr'><strong>inter</strong></span> <span class='ocrx_word' id='word_1_88' title='bbox 303 835 397 873; x_wconf 85' lang='lat' dir='ltr'><strong>opus</strong></span> <span class='ocrx_word' id='word_1_89' title='bbox 439 836 460 859; x_wconf 90' lang='lat' dir='ltr'><strong>a</strong></span> <span class='ocrx_word' id='word_1_90' title='bbox 488 820 652 859; x_wconf 78' lang='lat' dir='ltr'><strong>Basilide</strong></span> <span class='ocrx_word' id='word_1_91' title='bbox 696 828 980 871; x_wconf 73' lang='lat' dir='ltr'><strong>perpetratum,</strong></span> <span class='ocrx_word' id='word_1_92' title='bbox 1024 817 1058 853; x_wconf 70' lang='lat'><strong>8&lt;</strong></span> <span class='ocrx_word' id='word_1_93' title='bbox 1088 817 1160 854; x_wconf 83' lang='lat' dir='ltr'><strong>Dei</strong></span> <span class='ocrx_word' id='word_1_94' title='bbox 1189 829 1276 868; x_wconf 80' lang='lat' dir='ltr'><strong>gra-</strong></span> 
     </span>
     <span class='ocr_line' id='line_1_13' title="bbox 166 869 1275 925; baseline -0.003 -13"><span class='ocrx_word' id='word_1_95' title='bbox 166 876 283 913; x_wconf 82' lang='lat' dir='ltr'><strong>tiam.</strong></span> <span class='ocrx_word' id='word_1_96' title='bbox 315 876 413 913; x_wconf 80' lang='lat' dir='ltr'><strong>Addi</strong></span> <span class='ocrx_word' id='word_1_97' title='bbox 442 885 568 913; x_wconf 86' lang='lat' dir='ltr'><strong>tamen</strong></span> <span class='ocrx_word' id='word_1_98' title='bbox 598 882 740 925; x_wconf 83' lang='lat' dir='ltr'><strong>potest,</strong></span> <span class='ocrx_word' id='word_1_99' title='bbox 771 872 974 910; x_wconf 81' lang='lat' dir='ltr'><strong>Basilidem</strong></span> <span class='ocrx_word' id='word_1_100' title='bbox 1005 883 1079 908; x_wconf 87' lang='lat' dir='ltr'><strong>non</strong></span> <span class='ocrx_word' id='word_1_101' title='bbox 1109 869 1275 909; x_wconf 86' lang='lat' dir='ltr'><strong>naturali</strong></span> 
     </span>
     <span class='ocr_line' id='line_1_14' title="bbox 165 923 1273 980; baseline -0.003 -15"><span class='ocrx_word' id='word_1_102' title='bbox 165 938 308 966; x_wconf 86' lang='lat' dir='ltr'><strong>tantum</strong></span> <span class='ocrx_word' id='word_1_103' title='bbox 339 930 462 980; x_wconf 87' lang='lat' dir='ltr'><strong>operis</strong></span> <span class='ocrx_word' id='word_1_104' title='bbox 500 926 714 974; x_wconf 84' lang='lat' dir='ltr'><strong>honestate,</strong></span> <span class='ocrx_word' id='word_1_105' title='bbox 758 927 819 964; x_wconf 88' lang='lat' dir='ltr'><strong>sed</strong></span> <span class='ocrx_word' id='word_1_106' title='bbox 849 926 967 976; x_wconf 85' lang='lat' dir='ltr'><strong>gratia</strong></span> <span class='ocrx_word' id='word_1_107' title='bbox 997 923 1072 961; x_wconf 86' lang='lat' dir='ltr'><strong>Dei</strong></span> <span class='ocrx_word' id='word_1_108' title='bbox 1100 937 1273 975; x_wconf 84' lang='lat' dir='ltr'><strong>praeven-</strong></span> 
     </span>
     <span class='ocr_line' id='line_1_15' title="bbox 162 976 1272 1032; baseline -0.004 -14"><span class='ocrx_word' id='word_1_109' title='bbox 162 990 244 1019; x_wconf 85' lang='lat' dir='ltr'><strong>tum</strong></span> <span class='ocrx_word' id='word_1_110' title='bbox 275 981 547 1020; x_wconf 79' lang='lat' dir='ltr'><strong>l’otamiaeuam</strong></span> <span class='ocrx_word' id='word_1_111' title='bbox 585 981 635 1019; x_wconf 87' lang='lat' dir='ltr'><strong>ab</strong></span> <span class='ocrx_word' id='word_1_112' title='bbox 664 982 906 1032; x_wconf 86' lang='lat' dir='ltr'><strong>impurorum</strong></span> <span class='ocrx_word' id='word_1_113' title='bbox 953 976 1153 1015; x_wconf 87' lang='lat' dir='ltr'><strong>hominum</strong></span> <span class='ocrx_word' id='word_1_114' title='bbox 1186 991 1272 1029; x_wconf 87' lang='lat' dir='ltr'><strong>pro-</strong></span> 
     </span>
     <span class='ocr_line' id='line_1_16' title="bbox 163 1030 1273 1085; baseline -0.003 -13"><span class='ocrx_word' id='word_1_115' title='bbox 163 1037 285 1074; x_wconf 82' lang='lat' dir='ltr'><strong>tervia</strong></span> <span class='ocrx_word' id='word_1_116' title='bbox 315 1035 550 1082; x_wconf 80' lang='lat' dir='ltr'><strong>defendisse,</strong></span> <span class='ocrx_word' id='word_1_117' title='bbox 580 1044 692 1085; x_wconf 88' lang='lat' dir='ltr'><strong>atque</strong></span> <span class='ocrx_word' id='word_1_118' title='bbox 722 1033 814 1070; x_wconf 87' lang='lat' dir='ltr'><strong>adeo</strong></span> <span class='ocrx_word' id='word_1_119' title='bbox 843 1031 914 1069; x_wconf 84' lang='lat' dir='ltr'><strong>hoe</strong></span> <span class='ocrx_word' id='word_1_120' title='bbox 945 1030 1139 1070; x_wconf 87' lang='lat' dir='ltr'><strong>charitatis</strong></span> <span class='ocrx_word' id='word_1_121' title='bbox 1159 1043 1273 1084; x_wconf 87' lang='lat' dir='ltr'><strong>opere</strong></span> 
     </span>
     <span class='ocr_line' id='line_1_17' title="bbox 161 1085 1163 1139; baseline -0.002 -15"><span class='ocrx_word' id='word_1_122' title='bbox 161 1088 339 1126; x_wconf 78' lang='lat' dir='ltr'><strong>uberiora</strong></span> <span class='ocrx_word' id='word_1_123' title='bbox 367 1087 512 1126; x_wconf 79' lang='lat' dir='ltr'><strong>auxilia</strong></span> <span class='ocrx_word' id='word_1_124' title='bbox 540 1087 587 1124; x_wconf 89' lang='lat' dir='ltr'><strong>ad</strong></span> <span class='ocrx_word' id='word_1_125' title='bbox 617 1087 847 1139; x_wconf 84' lang='lat' dir='ltr'><strong>martyrium</strong></span> <span class='ocrx_word' id='word_1_126' title='bbox 878 1085 1132 1137; x_wconf 81' lang='lat' dir='ltr'><strong>promeruisse</strong></span> <span class='ocrx_word' id='word_1_127' title='bbox 1153 1110 1163 1122; x_wconf 96' lang='lat'><strong>.</strong></span> 
     </span>
    </p>

    <p class='ocr_par' dir='ltr' id='par_1_3' title="bbox 157 1138 1272 1406">
     <span class='ocr_line' id='line_1_18' title="bbox 214 1138 1271 1193; baseline 0 -15"><span class='ocrx_word' id='word_1_128' title='bbox 214 1141 280 1186; x_wconf 69' lang='lat'><strong>45.</strong></span> <span class='ocrx_word' id='word_1_129' title='bbox 310 1142 399 1179; x_wconf 87' lang='lat' dir='ltr'><strong>lust.</strong></span> <span class='ocrx_word' id='word_1_130' title='bbox 429 1141 468 1186; x_wconf 72' lang='grc'><strong>4.</strong></span> <span class='ocrx_word' id='word_1_131' title='bbox 499 1139 697 1193; x_wconf 79' lang='lat' dir='ltr'>Apostolus</span> <span class='ocrx_word' id='word_1_132' title='bbox 726 1138 866 1178; x_wconf 79' lang='lat' dir='ltr'><strong>Paulus</strong></span> <span class='ocrx_word' id='word_1_133' title='bbox 891 1140 921 1176; x_wconf 93' lang='lat' dir='ltr'><strong>I.</strong></span> <span class='ocrx_word' id='word_1_134' title='bbox 952 1139 998 1176; x_wconf 84' lang='lat' dir='ltr'><strong>ad</strong></span> <span class='ocrx_word' id='word_1_135' title='bbox 1019 1138 1124 1176; x_wconf 86' lang='lat' dir='ltr'><strong>Tim.</strong></span> <span class='ocrx_word' id='word_1_136' title='bbox 1152 1151 1184 1176; x_wconf 90' lang='lat'><strong>1.</strong></span> <span class='ocrx_word' id='word_1_137' title='bbox 1212 1138 1271 1178; x_wconf 80' lang='lat'><strong>15.</strong></span> 
     </span>
     <span class='ocr_line' id='line_1_19' title="bbox 158 1193 1268 1246; baseline -0.003 -14"><span class='ocrx_word' id='word_1_138' title='bbox 158 1193 509 1242; x_wconf 65' lang='lat' dir='ltr'><strong>Misericordiam,</strong></span> <span class='ocrx_word' id='word_1_139' title='bbox 540 1195 665 1246; x_wconf 88' lang='lat' dir='ltr'><strong>inquit</strong></span> <span class='ocrx_word' id='word_1_140' title='bbox 687 1224 697 1242; x_wconf 89' lang='lat'><strong>,</strong></span> <span class='ocrx_word' id='word_1_141' title='bbox 727 1200 958 1231; x_wconf 82' lang='lat' dir='ltr'><strong>consecutus</strong></span> <span class='ocrx_word' id='word_1_142' title='bbox 979 1205 1068 1229; x_wconf 83' lang='lat' dir='ltr'><strong>sum</strong></span> <span class='ocrx_word' id='word_1_143' title='bbox 1085 1221 1096 1240; x_wconf 85' lang='lat'><strong>,</strong></span> <span class='ocrx_word' id='word_1_144' title='bbox 1126 1195 1220 1242; x_wconf 74' lang='lat' dir='ltr'><strong>quia</strong></span> <span class='ocrx_word' id='word_1_145' title='bbox 1236 1195 1268 1229; x_wconf 84' lang='grc' dir='ltr'><strong>ι’-</strong></span> 
     </span>
     <span class='ocr_line' id='line_1_20' title="bbox 157 1245 1272 1300; baseline 0 -16"><span class='ocrx_word' id='word_1_146' title='bbox 157 1248 446 1300; x_wconf 74' lang='lat' dir='ltr'><strong>gnoransfeci</strong></span> <span class='ocrx_word' id='word_1_147' title='bbox 476 1252 516 1285; x_wconf 84' lang='lat' dir='ltr'><strong>in</strong></span> <span class='ocrx_word' id='word_1_148' title='bbox 546 1246 824 1285; x_wconf 71' lang='lat' dir='ltr'><strong>incredulitate</strong></span> <span class='ocrx_word' id='word_1_149' title='bbox 845 1260 858 1283; x_wconf 91' lang='lat'><strong>.·</strong></span> <span class='ocrx_word' id='word_1_150' title='bbox 906 1246 937 1283; x_wconf 87' lang='lat' dir='ltr'><strong>si</strong></span> <span class='ocrx_word' id='word_1_151' title='bbox 981 1259 1067 1297; x_wconf 82' lang='lat' dir='ltr'><strong>ergo</strong></span> <span class='ocrx_word' id='word_1_152' title='bbox 1116 1245 1272 1298; x_wconf 81' lang='lat' dir='ltr'><strong>aliquod</strong></span> 
     </span>
     <span class='ocr_line' id='line_1_21' title="bbox 158 1297 1272 1353; baseline 0 -15"><span class='ocrx_word' id='word_1_153' title='bbox 158 1302 231 1339; x_wconf 80' lang='lat' dir='ltr'><strong>fuit</strong></span> <span class='ocrx_word' id='word_1_154' title='bbox 259 1302 361 1353; x_wconf 85' lang='lat' dir='ltr'><strong>apud</strong></span> <span class='ocrx_word' id='word_1_155' title='bbox 388 1302 517 1340; x_wconf 88' lang='lat' dir='ltr'><strong>Deum</strong></span> <span class='ocrx_word' id='word_1_156' title='bbox 548 1301 730 1340; x_wconf 85' lang='lat' dir='ltr'><strong>meritum</strong></span> <span class='ocrx_word' id='word_1_157' title='bbox 757 1300 969 1352; x_wconf 78' lang='lat' dir='ltr'><strong>ignorantia</strong></span> <span class='ocrx_word' id='word_1_158' title='bbox 989 1329 999 1347; x_wconf 83' lang='lat'>‚</span> <span class='ocrx_word' id='word_1_159' title='bbox 1032 1297 1169 1338; x_wconf 86' lang='lat' dir='ltr'><strong>multos</strong></span> <span class='ocrx_word' id='word_1_160' title='bbox 1191 1314 1272 1338; x_wconf 77' lang='lat' dir='ltr'><strong>ma-</strong></span> 
     </span>
     <span class='ocr_line' id='line_1_22' title="bbox 158 1354 318 1406; baseline 0.006 -14"><span class='ocrx_word' id='word_1_161' title='bbox 158 1356 215 1406; x_wconf 84' lang='lat' dir='ltr'><strong>gis</strong></span> <span class='ocrx_word' id='word_1_162' title='bbox 246 1354 318 1393; x_wconf 77' lang='lat' dir='ltr'><strong>&amp;c-</strong></span> 
     </span>
    </p>

    <p class='ocr_par' dir='ltr' id='par_1_4' title="bbox 156 1406 1273 1778">
     <span class='ocr_line' id='line_1_23' title="bbox 213 1406 1272 1462; baseline -0.003 -16"><span class='ocrx_word' id='word_1_163' title='bbox 213 1409 279 1454; x_wconf 68' lang='grc'><strong>44.</strong></span> <span class='ocrx_word' id='word_1_164' title='bbox 311 1407 422 1460; x_wconf 86' lang='lat' dir='ltr'><strong>Resp.</strong></span> <span class='ocrx_word' id='word_1_165' title='bbox 451 1408 683 1462; x_wconf 77' lang='lat' dir='ltr'><strong>particulam</strong></span> <span class='ocrx_word' id='word_1_166' title='bbox 712 1411 804 1460; x_wconf 71' lang='lat' dir='ltr'><strong>quia</strong></span> <span class='ocrx_word' id='word_1_167' title='bbox 834 1408 884 1446; x_wconf 77' lang='lat' dir='ltr'><strong>ab</strong></span> <span class='ocrx_word' id='word_1_168' title='bbox 907 1406 1084 1459; x_wconf 84' lang='lat' dir='ltr'><strong>Apostolo</strong></span> <span class='ocrx_word' id='word_1_169' title='bbox 1112 1419 1272 1458; x_wconf 80' lang='lat' dir='ltr'><strong>usurpa-</strong></span> 
     </span>
     <span class='ocr_line' id='line_1_24' title="bbox 157 1458 1273 1513; baseline -0.004 -14"><span class='ocrx_word' id='word_1_170' title='bbox 157 1471 237 1499; x_wconf 78' lang='lat' dir='ltr'><strong>tam</strong></span> <span class='ocrx_word' id='word_1_171' title='bbox 268 1476 341 1500; x_wconf 86' lang='lat' dir='ltr'><strong>non</strong></span> <span class='ocrx_word' id='word_1_172' title='bbox 371 1463 568 1513; x_wconf 74' lang='lat' dir='ltr'><strong>designare</strong></span> <span class='ocrx_word' id='word_1_173' title='bbox 596 1477 751 1500; x_wconf 85' lang='lat' dir='ltr'><strong>causam</strong></span> <span class='ocrx_word' id='word_1_174' title='bbox 769 1461 1002 1498; x_wconf 85' lang='lat' dir='ltr'><strong>meritoriam</strong></span> <span class='ocrx_word' id='word_1_175' title='bbox 1018 1461 1149 1509; x_wconf 71' lang='lat' dir='ltr'><strong>gratiae</strong></span> <span class='ocrx_word' id='word_1_176' title='bbox 1169 1489 1179 1506; x_wconf 87' lang='lat'><strong>,</strong></span> <span class='ocrx_word' id='word_1_177' title='bbox 1209 1458 1273 1495; x_wconf 82' lang='lat' dir='ltr'><strong>sed</strong></span> 
     </span>
     <span class='ocr_line' id='line_1_25' title="bbox 157 1512 1273 1565; baseline -0.003 -14"><span class='ocrx_word' id='word_1_178' title='bbox 157 1515 279 1552; x_wconf 82' lang='lat' dir='ltr'><strong>solum</strong></span> <span class='ocrx_word' id='word_1_179' title='bbox 302 1517 628 1553; x_wconf 82' lang='lat' dir='ltr'><strong>circumstantiam</strong></span> <span class='ocrx_word' id='word_1_180' title='bbox 650 1515 859 1565; x_wconf 83' lang='lat' dir='ltr'><strong>quamdam</strong></span> <span class='ocrx_word' id='word_1_181' title='bbox 880 1512 989 1549; x_wconf 83' lang='lat' dir='ltr'><strong>Pauli</strong></span> <span class='ocrx_word' id='word_1_182' title='bbox 1011 1512 1195 1549; x_wconf 85' lang='lat' dir='ltr'><strong>delictum</strong></span> <span class='ocrx_word' id='word_1_183' title='bbox 1216 1512 1273 1548; x_wconf 86' lang='lat' dir='ltr'><strong>di-</strong></span> 
     </span>
     <span class='ocr_line' id='line_1_26' title="bbox 156 1566 1273 1618; baseline -0.004 -13"><span class='ocrx_word' id='word_1_184' title='bbox 156 1570 418 1615; x_wconf 78' lang='lat' dir='ltr'><strong>minuentem,</strong></span> <span class='ocrx_word' id='word_1_185' title='bbox 462 1569 495 1603; x_wconf 75' lang='lat'><strong>8&lt;</strong></span> <span class='ocrx_word' id='word_1_186' title='bbox 526 1566 657 1618; x_wconf 76' lang='lat' dir='ltr'><strong>aliqua</strong></span> <span class='ocrx_word' id='word_1_187' title='bbox 694 1580 739 1603; x_wconf 76' lang='lat' dir='ltr'><strong>ex</strong></span> <span class='ocrx_word' id='word_1_188' title='bbox 777 1576 882 1616; x_wconf 85' lang='lat' dir='ltr'><strong>parte</strong></span> <span class='ocrx_word' id='word_1_189' title='bbox 913 1574 1152 1602; x_wconf 76' lang='lat' dir='ltr'><strong>excusantem</strong></span> <span class='ocrx_word' id='word_1_190' title='bbox 1175 1594 1186 1612; x_wconf 95' lang='lat'><strong>,</strong></span> <span class='ocrx_word' id='word_1_191' title='bbox 1229 1577 1273 1601; x_wconf 87' lang='lat' dir='ltr'><strong>eo</strong></span> 
     </span>
     <span class='ocr_line' id='line_1_27' title="bbox 156 1618 1272 1672; baseline -0.003 -15"><span class='ocrx_word' id='word_1_192' title='bbox 156 1622 267 1658; x_wconf 75' lang='lat' dir='ltr'><strong>modo</strong></span> <span class='ocrx_word' id='word_1_193' title='bbox 287 1651 297 1667; x_wconf 86' lang='lat'><strong>,</strong></span> <span class='ocrx_word' id='word_1_194' title='bbox 328 1636 404 1672; x_wconf 80' lang='lat' dir='ltr'><strong>quo</strong></span> <span class='ocrx_word' id='word_1_195' title='bbox 431 1620 601 1659; x_wconf 80' lang='lat' dir='ltr'><strong>Christus</strong></span> <span class='ocrx_word' id='word_1_196' title='bbox 632 1621 748 1658; x_wconf 86' lang='lat' dir='ltr'><strong>Lucae</strong></span> <span class='ocrx_word' id='word_1_197' title='bbox 766 1618 914 1657; x_wconf 86' lang='lat' dir='ltr'><strong>XXIII.</strong></span> <span class='ocrx_word' id='word_1_198' title='bbox 944 1618 1077 1656; x_wconf 81' lang='lat' dir='ltr'><strong>orabat</strong></span> <span class='ocrx_word' id='word_1_199' title='bbox 1107 1632 1175 1669; x_wconf 90' lang='lat' dir='ltr'><strong>pro</strong></span> <span class='ocrx_word' id='word_1_200' title='bbox 1196 1618 1272 1654; x_wconf 87' lang='lat' dir='ltr'><strong>suis</strong></span> 
     </span>
     <span class='ocr_line' id='line_1_28' title="bbox 157 1671 1271 1720; baseline -0.002 -9"><span class='ocrx_word' id='word_1_201' title='bbox 157 1675 452 1712; x_wconf 80' lang='lat' dir='ltr'><strong>crucifixoribus</strong></span> <span class='ocrx_word' id='word_1_202' title='bbox 481 1675 634 1711; x_wconf 88' lang='lat' dir='ltr'><strong>dicens:</strong></span> <span class='ocrx_word' id='word_1_203' title='bbox 666 1673 790 1712; x_wconf 82' lang='lat' dir='ltr'><strong>Pater</strong></span> <span class='ocrx_word' id='word_1_204' title='bbox 819 1672 973 1710; x_wconf 76' lang='lat' dir='ltr'><strong>dimitte</strong></span> <span class='ocrx_word' id='word_1_205' title='bbox 1000 1671 1102 1720; x_wconf 80' lang='lat' dir='ltr'><strong>illis,</strong></span> <span class='ocrx_word' id='word_1_206' title='bbox 1132 1683 1211 1708; x_wconf 85' lang='lat' dir='ltr'><strong>non</strong></span> <span class='ocrx_word' id='word_1_207' title='bbox 1232 1683 1271 1709; x_wconf 85' lang='lat' dir='ltr'><strong>e-</strong></span> 
     </span>
     <span class='ocr_line' id='line_1_29' title="bbox 156 1726 750 1778; baseline 0 -14"><span class='ocrx_word' id='word_1_208' title='bbox 156 1733 240 1765; x_wconf 80' lang='lat' dir='ltr'><strong>nim</strong></span> <span class='ocrx_word' id='word_1_209' title='bbox 272 1731 423 1775; x_wconf 78' lang='lat' dir='ltr'><strong>sciunt,</strong></span> <span class='ocrx_word' id='word_1_210' title='bbox 452 1726 542 1778; x_wconf 72' lang='lat' dir='ltr'><strong>quid</strong></span> <span class='ocrx_word' id='word_1_211' title='bbox 559 1726 750 1778; x_wconf 66' lang='lat' dir='ltr'><strong>ficiunt.</strong></span> 
     </span>
    </p>

    <p class='ocr_par' dir='ltr' id='par_1_5' title="bbox 156 1778 1273 3098">
     <span class='ocr_line' id='line_1_30' title="bbox 210 1778 1273 1829; baseline -0.002 -11"><span class='ocrx_word' id='word_1_212' title='bbox 210 1782 276 1826; x_wconf 69' lang='grc'><strong>45.</strong></span> <span class='ocrx_word' id='word_1_213' title='bbox 305 1781 394 1818; x_wconf 87' lang='lat' dir='ltr'><strong>Inst.</strong></span> <span class='ocrx_word' id='word_1_214' title='bbox 419 1781 454 1818; x_wconf 85' lang='lat'><strong>5.</strong></span> <span class='ocrx_word' id='word_1_215' title='bbox 485 1779 623 1818; x_wconf 71' lang='lat' dir='ltr'><strong>Matzh.</strong></span> <span class='ocrx_word' id='word_1_216' title='bbox 646 1779 775 1817; x_wconf 80' lang='lat' dir='ltr'><strong>XXV.</strong></span> <span class='ocrx_word' id='word_1_217' title='bbox 799 1779 859 1817; x_wconf 84' lang='lat'><strong>15.</strong></span> <span class='ocrx_word' id='word_1_218' title='bbox 888 1778 1064 1817; x_wconf 87' lang='lat' dir='ltr'><strong>Christus</strong></span> <span class='ocrx_word' id='word_1_219' title='bbox 1084 1778 1273 1829; x_wconf 80' lang='lat' dir='ltr'><strong>significat</strong></span> 
     </span>
     <span class='ocr_line' id='line_1_31' title="bbox 156 1831 1271 1886; baseline -0.001 -15"><span class='ocrx_word' id='word_1_220' title='bbox 156 1837 286 1886; x_wconf 70' lang='lat' dir='ltr'><strong>gratiae</strong></span> <span class='ocrx_word' id='word_1_221' title='bbox 317 1848 395 1871; x_wconf 77' lang='lat' dir='ltr'><strong>suae</strong></span> <span class='ocrx_word' id='word_1_222' title='bbox 426 1834 733 1872; x_wconf 80' lang='lat' dir='ltr'><strong>distributionem</strong></span> <span class='ocrx_word' id='word_1_223' title='bbox 774 1833 846 1871; x_wconf 86' lang='lat' dir='ltr'><strong>sub</strong></span> <span class='ocrx_word' id='word_1_224' title='bbox 883 1832 1067 1885; x_wconf 87' lang='lat' dir='ltr'><strong>parabola</strong></span> <span class='ocrx_word' id='word_1_225' title='bbox 1105 1831 1271 1870; x_wconf 86' lang='lat' dir='ltr'><strong>hominis</strong></span> 
     </span>
     <span class='ocr_line' id='line_1_32' title="bbox 157 1886 1271 1940; baseline -0.004 -14"><span class='ocrx_word' id='word_1_226' title='bbox 157 1902 312 1940; x_wconf 76' lang='lat' dir='ltr'><strong>peregre</strong></span> <span class='ocrx_word' id='word_1_227' title='bbox 343 1886 614 1940; x_wconf 85' lang='lat' dir='ltr'><strong>proficiscentis</strong></span> <span class='ocrx_word' id='word_1_228' title='bbox 632 1918 642 1936; x_wconf 87' lang='lat'><strong>,</strong></span> <span class='ocrx_word' id='word_1_229' title='bbox 673 1887 740 1940; x_wconf 89' lang='lat' dir='ltr'><strong>qui</strong></span> <span class='ocrx_word' id='word_1_230' title='bbox 771 1917 796 1935; x_wconf 86' lang='lat'><strong>„</strong></span> <span class='ocrx_word' id='word_1_231' title='bbox 819 1888 885 1925; x_wconf 86' lang='lat' dir='ltr'><strong>nni</strong></span> <span class='ocrx_word' id='word_1_232' title='bbox 906 1888 1007 1924; x_wconf 86' lang='lat' dir='ltr'><strong>dedit</strong></span> <span class='ocrx_word' id='word_1_233' title='bbox 1027 1888 1199 1938; x_wconf 82' lang='lat' dir='ltr'><strong>quinque</strong></span> <span class='ocrx_word' id='word_1_234' title='bbox 1219 1896 1271 1923; x_wconf 81' lang='lat' dir='ltr'><strong>ta-</strong></span> 
     </span>
     <span class='ocr_line' id='line_1_33' title="bbox 215 1939 1270 1989; baseline -0.002 -11"><span class='ocrx_word' id='word_1_235' title='bbox 215 1942 340 1989; x_wconf 80' lang='lat' dir='ltr'><strong>lenta,</strong></span> <span class='ocrx_word' id='word_1_236' title='bbox 385 1940 452 1978; x_wconf 77' lang='lat' dir='ltr'><strong>alii</strong></span> <span class='ocrx_word' id='word_1_237' title='bbox 482 1950 609 1978; x_wconf 87' lang='lat' dir='ltr'><strong>autem</strong></span> <span class='ocrx_word' id='word_1_238' title='bbox 639 1942 741 1987; x_wconf 84' lang='lat' dir='ltr'><strong>duo,</strong></span> <span class='ocrx_word' id='word_1_239' title='bbox 784 1939 851 1978; x_wconf 88' lang='lat' dir='ltr'><strong>alii</strong></span> <span class='ocrx_word' id='word_1_240' title='bbox 883 1954 972 1979; x_wconf 82' lang='lat' dir='ltr'><strong>vero</strong></span> <span class='ocrx_word' id='word_1_241' title='bbox 1003 1954 1149 1987; x_wconf 85' lang='lat' dir='ltr'><strong>unum,</strong></span> <span class='ocrx_word' id='word_1_242' title='bbox 1188 1942 1270 1977; x_wconf 89' lang='lat' dir='ltr'><strong>uni-</strong></span> 
     </span>
     <span class='ocr_line' id='line_1_34' title="bbox 215 1992 1272 2046; baseline -0.003 -13"><span class='ocrx_word' id='word_1_243' title='bbox 215 1996 354 2046; x_wconf 81' lang='lat' dir='ltr'><strong>cuique</strong></span> <span class='ocrx_word' id='word_1_244' title='bbox 383 1995 591 2032; x_wconf 87' lang='lat' dir='ltr'><strong>secundum</strong></span> <span class='ocrx_word' id='word_1_245' title='bbox 613 1995 807 2046; x_wconf 84' lang='lat' dir='ltr'><strong>propriam</strong></span> <span class='ocrx_word' id='word_1_246' title='bbox 829 1996 1008 2032; x_wconf 90' lang='lat' dir='ltr'><strong>virtutem</strong></span> <span class='ocrx_word' id='word_1_247' title='bbox 1024 2006 1032 2030; x_wconf 89' lang='lat'>:</span> <span class='ocrx_word' id='word_1_248' title='bbox 1048 2007 1136 2044; x_wconf 75' lang='lat' dir='ltr'><strong>quoe</strong></span> <span class='ocrx_word' id='word_1_249' title='bbox 1156 1992 1272 2031; x_wconf 61' lang='lat' dir='ltr'><strong>verba.</strong></span> 
     </span>
     <span class='ocr_line' id='line_1_35' title="bbox 159 2047 1272 2097; baseline -0.001 -12"><span class='ocrx_word' id='word_1_250' title='bbox 159 2078 185 2097; x_wconf 83' lang='lat'><em>„</em></span> <span class='ocrx_word' id='word_1_251' title='bbox 214 2053 273 2085; x_wconf 76' lang='lat' dir='ltr'><strong>ira</strong></span> <span class='ocrx_word' id='word_1_252' title='bbox 303 2047 342 2086; x_wconf 84' lang='lat' dir='ltr'><strong>S.</strong></span> <span class='ocrx_word' id='word_1_253' title='bbox 375 2047 509 2086; x_wconf 70' lang='lat' dir='ltr'><strong>Hilar.</strong></span> <span class='ocrx_word' id='word_1_254' title='bbox 540 2049 737 2085; x_wconf 78' lang='lat' dir='ltr'><strong>illustrat:</strong></span> <span class='ocrx_word' id='word_1_255' title='bbox 768 2061 842 2085; x_wconf 85' lang='lat' dir='ltr'><strong>non</strong></span> <span class='ocrx_word' id='word_1_256' title='bbox 870 2048 917 2085; x_wconf 88' lang='lat' dir='ltr'><strong>ad</strong></span> <span class='ocrx_word' id='word_1_257' title='bbox 947 2047 1182 2086; x_wconf 87' lang='lat' dir='ltr'><strong>dividentem</strong></span> <span class='ocrx_word' id='word_1_258' title='bbox 1213 2061 1272 2084; x_wconf 89' lang='lat' dir='ltr'><strong>re-</strong></span> 
     </span>
     <span class='ocr_line' id='line_1_36' title="bbox 157 2102 1270 2153; baseline -0.002 -13"><span class='ocrx_word' id='word_1_259' title='bbox 157 2131 184 2150; x_wconf 78' lang='lat'><strong>„</strong></span> <span class='ocrx_word' id='word_1_260' title='bbox 215 2102 371 2140; x_wconf 77' lang='lat' dir='ltr'><strong>ferenda</strong></span> <span class='ocrx_word' id='word_1_261' title='bbox 400 2102 597 2139; x_wconf 84' lang='lat' dir='ltr'><strong>diversitas</strong></span> <span class='ocrx_word' id='word_1_262' title='bbox 627 2111 698 2140; x_wconf 89' lang='lat' dir='ltr'><strong>est:</strong></span> <span class='ocrx_word' id='word_1_263' title='bbox 741 2103 795 2140; x_wconf 81' lang='lat' dir='ltr'><strong>ait</strong></span> <span class='ocrx_word' id='word_1_264' title='bbox 824 2103 925 2139; x_wconf 89' lang='lat' dir='ltr'><strong>enim</strong></span> <span class='ocrx_word' id='word_1_265' title='bbox 958 2114 1270 2153; x_wconf 77' lang='lat' dir='ltr'><strong>unumquemque</strong></span> 
     </span>
     <span class='ocr_line' id='line_1_37' title="bbox 213 2154 1254 2207; baseline -0.001 -14"><span class='ocrx_word' id='word_1_266' title='bbox 213 2156 421 2194; x_wconf 88' lang='lat' dir='ltr'><strong>secundum</strong></span> <span class='ocrx_word' id='word_1_267' title='bbox 451 2155 630 2192; x_wconf 85' lang='lat' dir='ltr'><strong>virtutem</strong></span> <span class='ocrx_word' id='word_1_268' title='bbox 659 2167 769 2192; x_wconf 88' lang='lat' dir='ltr'><strong>suam</strong></span> <span class='ocrx_word' id='word_1_269' title='bbox 798 2155 1016 2207; x_wconf 83' lang='lat' dir='ltr'><strong>accepisse3</strong></span> <span class='ocrx_word' id='word_1_270' title='bbox 1046 2167 1140 2206; x_wconf 74' lang='lat' dir='ltr'><strong>ergo</strong></span> <span class='ocrx_word' id='word_1_271' title='bbox 1167 2154 1254 2194; x_wconf 53' lang='grc' dir='ltr'><strong>ὡς.</strong></span> 
     </span>
     <span class='ocr_line' id='line_1_38' title="bbox 212 2207 1269 2260; baseline -0.002 -13"><span class='ocrx_word' id='word_1_272' title='bbox 212 2209 277 2255; x_wconf 75' lang='grc'><strong>46.</strong></span> <span class='ocrx_word' id='word_1_273' title='bbox 309 2208 421 2260; x_wconf 72' lang='lat' dir='ltr'><strong>Presp.</strong></span> <span class='ocrx_word' id='word_1_274' title='bbox 450 2207 491 2245; x_wconf 89' lang='lat' dir='ltr'><strong>S.</strong></span> <span class='ocrx_word' id='word_1_275' title='bbox 522 2207 663 2246; x_wconf 84' lang='lat' dir='ltr'><strong>Thom.</strong></span> <span class='ocrx_word' id='word_1_276' title='bbox 695 2212 708 2259; x_wconf 94' lang='lat'>(</span> <span class='ocrx_word' id='word_1_277' title='bbox 728 2221 765 2256; x_wconf 76' lang='lat'><strong>2.</strong></span> <span class='ocrx_word' id='word_1_278' title='bbox 784 2221 820 2246; x_wconf 80' lang='lat'><strong>2.</strong></span> <span class='ocrx_word' id='word_1_279' title='bbox 841 2223 881 2260; x_wconf 91' lang='lat' dir='ltr'><strong>q.</strong></span> <span class='ocrx_word' id='word_1_280' title='bbox 903 2208 966 2253; x_wconf 74' lang='lat'><strong>24.</strong></span> <span class='ocrx_word' id='word_1_281' title='bbox 982 2217 1053 2246; x_wconf 86' lang='lat' dir='ltr'><strong>art.</strong></span> <span class='ocrx_word' id='word_1_282' title='bbox 1071 2208 1108 2246; x_wconf 84' lang='lat'><strong>5.</strong></span> <span class='ocrx_word' id='word_1_283' title='bbox 1125 2209 1171 2245; x_wconf 79' lang='lat' dir='ltr'><strong>ad</strong></span> <span class='ocrx_word' id='word_1_284' title='bbox 1194 2208 1269 2256; x_wconf 69' lang='lat' dir='ltr'><strong>h),</strong></span> 
     </span>
     <span class='ocr_line' id='line_1_39' title="bbox 217 2262 1269 2314; baseline 0 -16"><span class='ocrx_word' id='word_1_285' title='bbox 217 2262 319 2312; x_wconf 87' lang='lat' dir='ltr'><strong>quod</strong></span> <span class='ocrx_word' id='word_1_286' title='bbox 336 2262 404 2299; x_wconf 86' lang='lat' dir='ltr'><strong>illa</strong></span> <span class='ocrx_word' id='word_1_287' title='bbox 419 2263 536 2300; x_wconf 85' lang='lat' dir='ltr'><strong>virtus</strong></span> <span class='ocrx_word' id='word_1_288' title='bbox 555 2292 565 2311; x_wconf 88' lang='lat'><strong>,</strong></span> <span class='ocrx_word' id='word_1_289' title='bbox 595 2262 803 2300; x_wconf 82' lang='lat' dir='ltr'><strong>seeundum</strong></span> <span class='ocrx_word' id='word_1_290' title='bbox 824 2276 942 2314; x_wconf 88' lang='lat' dir='ltr'><strong>quam</strong></span> <span class='ocrx_word' id='word_1_291' title='bbox 958 2276 1027 2299; x_wconf 79' lang='lat' dir='ltr'><strong>sua</strong></span> <span class='ocrx_word' id='word_1_292' title='bbox 1046 2263 1142 2300; x_wconf 78' lang='lat' dir='ltr'><strong>dona</strong></span> <span class='ocrx_word' id='word_1_293' title='bbox 1163 2262 1269 2299; x_wconf 88' lang='lat' dir='ltr'><strong>Deus</strong></span> 
     </span>
     <span class='ocr_line' id='line_1_40' title="bbox 217 2315 1268 2368; baseline -0.001 -16"><span class='ocrx_word' id='word_1_294' title='bbox 217 2316 278 2352; x_wconf 80' lang='lat' dir='ltr'><strong>dat</strong></span> <span class='ocrx_word' id='word_1_295' title='bbox 315 2315 547 2365; x_wconf 80' lang='lat' dir='ltr'><strong>unicnique,</strong></span> <span class='ocrx_word' id='word_1_296' title='bbox 589 2324 641 2351; x_wconf 88' lang='lat' dir='ltr'><strong>est</strong></span> <span class='ocrx_word' id='word_1_297' title='bbox 670 2315 890 2366; x_wconf 74' lang='lat' dir='ltr'><strong>dispositio,</strong></span> <span class='ocrx_word' id='word_1_298' title='bbox 933 2315 994 2354; x_wconf 87' lang='lat' dir='ltr'><strong>vel</strong></span> <span class='ocrx_word' id='word_1_299' title='bbox 1037 2316 1268 2368; x_wconf 78' lang='lat' dir='ltr'><strong>praeparatio</strong></span> 
     </span>
     <span class='ocr_line' id='line_1_41' title="bbox 215 2368 1267 2420; baseline 0 -14"><span class='ocrx_word' id='word_1_300' title='bbox 215 2368 461 2420; x_wconf 63' lang='lat' dir='ltr'><strong>praecedens,</strong></span> <span class='ocrx_word' id='word_1_301' title='bbox 507 2368 586 2405; x_wconf 84' lang='lat' dir='ltr'><strong>sive</strong></span> <span class='ocrx_word' id='word_1_302' title='bbox 622 2377 773 2404; x_wconf 85' lang='lat' dir='ltr'><strong>conatus</strong></span> <span class='ocrx_word' id='word_1_303' title='bbox 814 2371 975 2420; x_wconf 80' lang='lat' dir='ltr'><strong>gratiam</strong></span> <span class='ocrx_word' id='word_1_304' title='bbox 1013 2370 1267 2420; x_wconf 84' lang='lat' dir='ltr'><strong>accipientis.</strong></span> 
     </span>
     <span class='ocr_line' id='line_1_42' title="bbox 158 2420 1268 2474; baseline 0 -15"><span class='ocrx_word' id='word_1_305' title='bbox 158 2452 185 2471; x_wconf 82' lang='lat'><strong>„</strong></span> <span class='ocrx_word' id='word_1_306' title='bbox 215 2423 287 2460; x_wconf 87' lang='lat' dir='ltr'><strong>Sed</strong></span> <span class='ocrx_word' id='word_1_307' title='bbox 306 2421 400 2458; x_wconf 81' lang='lat' dir='ltr'><strong>hanc</strong></span> <span class='ocrx_word' id='word_1_308' title='bbox 417 2421 530 2458; x_wconf 78' lang='lat' dir='ltr'><strong>etiam</strong></span> <span class='ocrx_word' id='word_1_309' title='bbox 551 2420 857 2470; x_wconf 76' lang='lat' dir='ltr'><strong>dispositionem,</strong></span> <span class='ocrx_word' id='word_1_310' title='bbox 886 2422 947 2461; x_wconf 88' lang='lat' dir='ltr'><strong>vel</strong></span> <span class='ocrx_word' id='word_1_311' title='bbox 969 2431 1145 2462; x_wconf 84' lang='lat' dir='ltr'><strong>conatum</strong></span> <span class='ocrx_word' id='word_1_312' title='bbox 1167 2436 1268 2474; x_wconf 76' lang='lat' dir='ltr'><strong>prae-</strong></span> 
     </span>
     <span class='ocr_line' id='line_1_43' title="bbox 159 2473 1266 2526; baseline 0.002 -15"><span class='ocrx_word' id='word_1_313' title='bbox 159 2504 185 2522; x_wconf 85' lang='lat'><strong>„</strong></span> <span class='ocrx_word' id='word_1_314' title='bbox 215 2477 315 2512; x_wconf 82' lang='lat' dir='ltr'><strong>venit</strong></span> <span class='ocrx_word' id='word_1_315' title='bbox 344 2474 508 2526; x_wconf 80' lang='lat' dir='ltr'><strong>Spiritus</strong></span> <span class='ocrx_word' id='word_1_316' title='bbox 529 2473 687 2511; x_wconf 81' lang='lat' dir='ltr'><strong>Sanetus</strong></span> <span class='ocrx_word' id='word_1_317' title='bbox 717 2487 869 2512; x_wconf 87' lang='lat' dir='ltr'><strong>movens</strong></span> <span class='ocrx_word' id='word_1_318' title='bbox 899 2486 1063 2515; x_wconf 85' lang='lat' dir='ltr'><strong>mentem</strong></span> <span class='ocrx_word' id='word_1_319' title='bbox 1080 2476 1266 2524; x_wconf 86' lang='lat' dir='ltr'><strong>hominis,</strong></span> 
     </span>
     <span class='ocr_line' id='line_1_44' title="bbox 215 2526 1266 2579; baseline 0.001 -13"><span class='ocrx_word' id='word_1_320' title='bbox 215 2528 276 2566; x_wconf 84' lang='lat' dir='ltr'><strong>vel</strong></span> <span class='ocrx_word' id='word_1_321' title='bbox 307 2527 419 2579; x_wconf 87' lang='lat' dir='ltr'><strong>plus,</strong></span> <span class='ocrx_word' id='word_1_322' title='bbox 461 2526 523 2566; x_wconf 86' lang='lat' dir='ltr'><strong>vel</strong></span> <span class='ocrx_word' id='word_1_323' title='bbox 553 2528 678 2564; x_wconf 86' lang='lat' dir='ltr'><strong>minus</strong></span> <span class='ocrx_word' id='word_1_324' title='bbox 706 2528 917 2565; x_wconf 86' lang='lat' dir='ltr'><strong>secundum</strong></span> <span class='ocrx_word' id='word_1_325' title='bbox 955 2543 1063 2568; x_wconf 89' lang='lat' dir='ltr'><strong>suam</strong></span> <span class='ocrx_word' id='word_1_326' title='bbox 1095 2529 1266 2569; x_wconf 80' lang='lat' dir='ltr'><strong>volunta-</strong></span> 
     </span>
     <span class='ocr_line' id='line_1_45' title="bbox 157 2579 1267 2636; baseline 0.004 -18"><span class='ocrx_word' id='word_1_327' title='bbox 157 2611 184 2629; x_wconf 86' lang='lat'><strong>„</strong></span> <span class='ocrx_word' id='word_1_328' title='bbox 214 2591 288 2619; x_wconf 88' lang='lat' dir='ltr'><strong>tem</strong></span> <span class='ocrx_word' id='word_1_329' title='bbox 307 2607 317 2618; x_wconf 89' lang='lat'><strong>.</strong></span> <span class='ocrx_word' id='word_1_330' title='bbox 347 2580 455 2619; x_wconf 82' lang='lat' dir='ltr'><strong>Unde</strong></span> <span class='ocrx_word' id='word_1_331' title='bbox 476 2579 676 2632; x_wconf 80' lang='lat' dir='ltr'><strong>Apostolus</strong></span> <span class='ocrx_word' id='word_1_332' title='bbox 703 2581 796 2618; x_wconf 89' lang='lat' dir='ltr'><strong>dicit</strong></span> <span class='ocrx_word' id='word_1_333' title='bbox 823 2581 871 2617; x_wconf 88' lang='lat' dir='ltr'><strong>ad</strong></span> <span class='ocrx_word' id='word_1_334' title='bbox 886 2581 1024 2620; x_wconf 88' lang='lat' dir='ltr'><strong>Coloss.</strong></span> <span class='ocrx_word' id='word_1_335' title='bbox 1054 2584 1084 2620; x_wconf 92' lang='lat' dir='ltr'><strong>I.</strong></span> <span class='ocrx_word' id='word_1_336' title='bbox 1107 2598 1167 2622; x_wconf 86' lang='lat'><strong>12.</strong></span> <span class='ocrx_word' id='word_1_337' title='bbox 1197 2584 1267 2636; x_wconf 88' lang='lat' dir='ltr'><strong>qui</strong></span> 
     </span>
     <span class='ocr_line' id='line_1_46' title="bbox 157 2633 1268 2686; baseline 0.003 -14"><span class='ocrx_word' id='word_1_338' title='bbox 157 2663 184 2682; x_wconf 93' lang='lat'>„</span> <span class='ocrx_word' id='word_1_339' title='bbox 211 2636 342 2686; x_wconf 78' lang='lat' dir='ltr'><strong>dignos</strong></span> <span class='ocrx_word' id='word_1_340' title='bbox 371 2646 438 2672; x_wconf 88' lang='lat' dir='ltr'><strong>nos</strong></span> <span class='ocrx_word' id='word_1_341' title='bbox 466 2633 553 2670; x_wconf 82' lang='lat' dir='ltr'><strong>fecit</strong></span> <span class='ocrx_word' id='word_1_342' title='bbox 583 2634 622 2670; x_wconf 88' lang='lat' dir='ltr'><strong>iu</strong></span> <span class='ocrx_word' id='word_1_343' title='bbox 651 2643 799 2684; x_wconf 83' lang='lat' dir='ltr'><strong>partem</strong></span> <span class='ocrx_word' id='word_1_344' title='bbox 828 2635 934 2672; x_wconf 85' lang='lat' dir='ltr'><strong>sortis</strong></span> <span class='ocrx_word' id='word_1_345' title='bbox 962 2635 1187 2674; x_wconf 86' lang='lat' dir='ltr'><strong>Sanctorum</strong></span> <span class='ocrx_word' id='word_1_346' title='bbox 1224 2639 1268 2676; x_wconf 86' lang='lat' dir='ltr'><strong>in</strong></span> 
     </span>
     <span class='ocr_line' id='line_1_47' title="bbox 157 2685 1265 2740; baseline 0.003 -17"><span class='ocrx_word' id='word_1_347' title='bbox 157 2716 187 2736; x_wconf 82' lang='lat'><strong>„</strong></span> <span class='ocrx_word' id='word_1_348' title='bbox 215 2687 387 2725; x_wconf 83' lang='lat' dir='ltr'><strong>lumine:</strong></span> <span class='ocrx_word' id='word_1_349' title='bbox 423 2687 472 2727; x_wconf 50' lang='grc' dir='ltr'><strong>ἐς)</strong></span> <span class='ocrx_word' id='word_1_350' title='bbox 503 2685 608 2723; x_wconf 73' lang='lat' dir='ltr'><strong>idem</strong></span> <span class='ocrx_word' id='word_1_351' title='bbox 638 2687 845 2737; x_wconf 78' lang='lat' dir='ltr'><strong>Apostolus</strong></span> <span class='ocrx_word' id='word_1_352' title='bbox 874 2687 930 2726; x_wconf 61' lang='lat' dir='ltr'><strong>aaz</strong></span> <span class='ocrx_word' id='word_1_353' title='bbox 958 2687 1063 2740; x_wconf 60' lang='lat' dir='ltr'><strong>Epir.</strong></span> <span class='ocrx_word' id='word_1_354' title='bbox 1094 2688 1164 2726; x_wconf 82' lang='lat' dir='ltr'><strong>IV.</strong></span> <span class='ocrx_word' id='word_1_355' title='bbox 1200 2704 1236 2740; x_wconf 93' lang='lat'><strong>7.</strong></span> <span class='ocrx_word' id='word_1_356' title='bbox 1255 2718 1265 2736; x_wconf 90' lang='lat'><strong>,</strong></span> 
     </span>
     <span class='ocr_line' id='line_1_48' title="bbox 159 2741 1267 2793; baseline 0.003 -16"><span class='ocrx_word' id='word_1_357' title='bbox 159 2769 186 2788; x_wconf 86' lang='lat'>„</span> <span class='ocrx_word' id='word_1_358' title='bbox 215 2744 364 2790; x_wconf 80' lang='lat' dir='ltr'><strong>inquit,</strong></span> <span class='ocrx_word' id='word_1_359' title='bbox 394 2741 603 2792; x_wconf 80' lang='lat' dir='ltr'><strong>unicuique</strong></span> <span class='ocrx_word' id='word_1_360' title='bbox 633 2750 801 2779; x_wconf 81' lang='lat' dir='ltr'><strong>nostrum</strong></span> <span class='ocrx_word' id='word_1_361' title='bbox 820 2741 907 2779; x_wconf 85' lang='lat' dir='ltr'><strong>data</strong></span> <span class='ocrx_word' id='word_1_362' title='bbox 926 2750 978 2780; x_wconf 84' lang='lat' dir='ltr'><strong>est</strong></span> <span class='ocrx_word' id='word_1_363' title='bbox 998 2744 1120 2793; x_wconf 83' lang='lat' dir='ltr'><strong>gratia</strong></span> <span class='ocrx_word' id='word_1_364' title='bbox 1136 2756 1267 2780; x_wconf 81' lang='lat' dir='ltr'><strong>secun-</strong></span> 
     </span>
     <span class='ocr_line' id='line_1_49' title="bbox 159 2793 1266 2841; baseline 0.002 -10"><span class='ocrx_word' id='word_1_365' title='bbox 159 2823 186 2841; x_wconf 82' lang='lat'>„</span> <span class='ocrx_word' id='word_1_366' title='bbox 216 2793 308 2831; x_wconf 85' lang='lat' dir='ltr'><strong>dum</strong></span> <span class='ocrx_word' id='word_1_367' title='bbox 340 2806 556 2830; x_wconf 79' lang='lat' dir='ltr'><strong>mensuram</strong></span> <span class='ocrx_word' id='word_1_368' title='bbox 585 2794 795 2832; x_wconf 86' lang='lat' dir='ltr'><strong>donationis</strong></span> <span class='ocrx_word' id='word_1_369' title='bbox 824 2795 964 2833; x_wconf 84' lang='lat' dir='ltr'><strong>Christi</strong></span> <span class='ocrx_word' id='word_1_370' title='bbox 979 2799 1034 2834; x_wconf 81' lang='grc'><strong>“.</strong></span> <span class='ocrx_word' id='word_1_371' title='bbox 1064 2796 1162 2834; x_wconf 90' lang='lat' dir='ltr'><strong>Hinc</strong></span> <span class='ocrx_word' id='word_1_372' title='bbox 1184 2809 1266 2834; x_wconf 81' lang='lat' dir='ltr'><strong>ver-</strong></span> 
     </span>
     <span class='ocr_line' id='line_1_50' title="bbox 157 2845 1267 2897; baseline 0.002 -13"><span class='ocrx_word' id='word_1_373' title='bbox 157 2846 210 2884; x_wconf 84' lang='lat' dir='ltr'><strong>ha</strong></span> <span class='ocrx_word' id='word_1_374' title='bbox 238 2846 279 2884; x_wconf 94' lang='lat' dir='ltr'><strong>S.</strong></span> <span class='ocrx_word' id='word_1_375' title='bbox 310 2845 451 2883; x_wconf 85' lang='lat' dir='ltr'><strong>Hilarii</strong></span> <span class='ocrx_word' id='word_1_376' title='bbox 482 2846 534 2883; x_wconf 83' lang='lat' dir='ltr'><strong>ita</strong></span> <span class='ocrx_word' id='word_1_377' title='bbox 563 2847 745 2896; x_wconf 77' lang='lat' dir='ltr'><strong>explicari</strong></span> <span class='ocrx_word' id='word_1_378' title='bbox 773 2848 910 2885; x_wconf 83' lang='lat' dir='ltr'><strong>debent</strong></span> <span class='ocrx_word' id='word_1_379' title='bbox 929 2879 940 2897; x_wconf 86' lang='lat'><strong>,</strong></span> <span class='ocrx_word' id='word_1_380' title='bbox 978 2857 1018 2886; x_wconf 89' lang='lat' dir='ltr'><strong>ut</strong></span> <span class='ocrx_word' id='word_1_381' title='bbox 1049 2850 1267 2888; x_wconf 76' lang='lat' dir='ltr'><strong>immediate</strong></span> 
     </span>
     <span class='ocr_line' id='line_1_51' title="bbox 158 2898 1267 2952; baseline 0.005 -17"><span class='ocrx_word' id='word_1_382' title='bbox 158 2899 315 2950; x_wconf 86' lang='lat' dir='ltr'><strong>quidem</strong></span> <span class='ocrx_word' id='word_1_383' title='bbox 346 2899 493 2936; x_wconf 86' lang='lat' dir='ltr'><strong>diversa</strong></span> <span class='ocrx_word' id='word_1_384' title='bbox 521 2898 735 2938; x_wconf 84' lang='lat' dir='ltr'><strong>distributio</strong></span> <span class='ocrx_word' id='word_1_385' title='bbox 761 2902 894 2952; x_wconf 78' lang='lat' dir='ltr'><strong>gratiae</strong></span> <span class='ocrx_word' id='word_1_386' title='bbox 924 2903 971 2940; x_wconf 80' lang='lat' dir='ltr'><strong>ad</strong></span> <span class='ocrx_word' id='word_1_387' title='bbox 1001 2903 1187 2942; x_wconf 82' lang='lat' dir='ltr'><strong>diversam</strong></span> <span class='ocrx_word' id='word_1_388' title='bbox 1210 2918 1267 2941; x_wconf 89' lang='lat' dir='ltr'><strong>re—</strong></span> 
     </span>
     <span class='ocr_line' id='line_1_52' title="bbox 157 2951 1266 3004; baseline 0.005 -14"><span class='ocrx_word' id='word_1_389' title='bbox 157 2953 383 3003; x_wconf 87' lang='lat' dir='ltr'><strong>cipientium</strong></span> <span class='ocrx_word' id='word_1_390' title='bbox 410 2951 691 3002; x_wconf 79' lang='lat' dir='ltr'><strong>dispositionem</strong></span> <span class='ocrx_word' id='word_1_391' title='bbox 720 2956 932 3004; x_wconf 86' lang='lat' dir='ltr'><strong>referatur,</strong></span> <span class='ocrx_word' id='word_1_392' title='bbox 962 2956 1123 2994; x_wconf 81' lang='lat' dir='ltr'><strong>mediate</strong></span> <span class='ocrx_word' id='word_1_393' title='bbox 1141 2966 1266 2996; x_wconf 78' lang='lat' dir='ltr'><strong>tamen</strong></span> 
     </span>
     <span class='ocr_line' id='line_1_53' title="bbox 157 3004 1267 3066; baseline 0.005 -23"><span class='ocrx_word' id='word_1_394' title='bbox 157 3007 206 3066; x_wconf 80' lang='lat' dir='ltr'><strong>ad</strong></span> <span class='ocrx_word' id='word_1_395' title='bbox 238 3007 368 3057; x_wconf 86' lang='lat' dir='ltr'><strong>ipsum</strong></span> <span class='ocrx_word' id='word_1_396' title='bbox 395 3004 552 3051; x_wconf 88' lang='lat' dir='ltr'><strong>Deum,</strong></span> <span class='ocrx_word' id='word_1_397' title='bbox 581 3017 604 3040; x_wconf 81' lang='lat' dir='ltr'><strong>a</strong></span> <span class='ocrx_word' id='word_1_398' title='bbox 632 3019 709 3056; x_wconf 87' lang='lat' dir='ltr'><strong>quo</strong></span> <span class='ocrx_word' id='word_1_399' title='bbox 737 3017 788 3046; x_wconf 91' lang='lat' dir='ltr'><strong>est</strong></span> <span class='ocrx_word' id='word_1_400' title='bbox 815 3010 965 3048; x_wconf 86' lang='lat' dir='ltr'><strong>diversa</strong></span> <span class='ocrx_word' id='word_1_401' title='bbox 995 3012 1267 3063; x_wconf 81' lang='lat' dir='ltr'><strong>accipientium</strong></span> 
     </span>
     <span class='ocr_line' id='line_1_54' title="bbox 157 3068 304 3098; baseline -0.014 0"><span class='ocrx_word' id='word_1_402' title='bbox 157 3068 304 3098; x_wconf 80' lang='lat' dir='ltr'><strong>virtus.</strong></span> 
     </span>
    </p>
   </div>
   <div class='ocr_carea' id='block_1_3' title="bbox 212 3110 1267 3170">
    <p class='ocr_par' dir='ltr' id='par_1_6' title="bbox 212 3110 1267 3170">
     <span class='ocr_line' id='line_1_55' title="bbox 212 3110 1267 3170; baseline 0.011 -22"><span class='ocrx_word' id='word_1_403' title='bbox 212 3112 279 3164; x_wconf 69' lang='lat'><strong>47.</strong></span> <span class='ocrx_word' id='word_1_404' title='bbox 307 3110 401 3164; x_wconf 84' lang='lat' dir='ltr'><strong>Obj.</strong></span> <span class='ocrx_word' id='word_1_405' title='bbox 418 3111 457 3158; x_wconf 75' lang='grc'><strong>4.</strong></span> <span class='ocrx_word' id='word_1_406' title='bbox 489 3114 604 3163; x_wconf 84' lang='lat' dir='ltr'><strong>(cuin</strong></span> <span class='ocrx_word' id='word_1_407' title='bbox 616 3112 791 3151; x_wconf 80' lang='lat' dir='ltr'><strong>Cassiano</strong></span> <span class='ocrx_word' id='word_1_408' title='bbox 809 3114 950 3156; x_wconf 71' lang='lat' dir='ltr'><strong>Collizt.</strong></span> <span class='ocrx_word' id='word_1_409' title='bbox 971 3117 1078 3158; x_wconf 88' lang='lat' dir='ltr'><strong>XIII.</strong></span> <span class='ocrx_word' id='word_1_410' title='bbox 1094 3133 1128 3158; x_wconf 79' lang='lat' dir='ltr'><strong>c.</strong></span> <span class='ocrx_word' id='word_1_411' title='bbox 1151 3132 1210 3158; x_wconf 78' lang='lat'><strong>12.</strong></span> <span class='ocrx_word' id='word_1_412' title='bbox 1228 3119 1267 3170; x_wconf 80' lang='lat'><strong>)·</strong></span> 
     </span>
    </p>
   </div>
   <div class='ocr_carea' id='block_1_4' title="bbox 156 1972 185 2043">
    <p class='ocr_par' dir='ltr' id='par_1_7' title="bbox 156 1972 185 2043">
     <span class='ocr_line' id='line_1_56' title="bbox 158 1972 183 1990; baseline 0.04 -1"><span class='ocrx_word' id='word_1_413' title='bbox 158 1972 183 1990; x_wconf 67' lang='lat' dir='ltr'><strong>:a</strong></span> 
     </span>
     <span class='ocr_line' id='line_1_57' title="bbox 156 2024 185 2043; baseline 0.034 -1"><span class='ocrx_word' id='word_1_414' title='bbox 156 2024 185 2043; x_wconf 70' lang='grc' dir='ltr'><strong>θ)</strong></span> 
     </span>
    </p>
   </div>
   <div class='ocr_carea' id='block_1_5' title="bbox 157 2186 184 2205">
    <p class='ocr_par' dir='ltr' id='par_1_8' title="bbox 157 2186 184 2205">
     <span class='ocr_line' id='line_1_58' title="bbox 157 2186 184 2205; baseline -0.037 0"><span class='ocrx_word' id='word_1_415' title='bbox 157 2186 184 2205; x_wconf 66' lang='lat'><strong>2&gt;</strong></span> 
     </span>
    </p>
   </div>
   <div class='ocr_carea' id='block_1_6' title="bbox 158 2293 187 2417">
    <p class='ocr_par' dir='ltr' id='par_1_9' title="bbox 158 2293 187 2417">
     <span class='ocr_line' id='line_1_59' title="bbox 160 2293 187 2311; baseline 0 0"><span class='ocrx_word' id='word_1_416' title='bbox 160 2293 187 2311; x_wconf 69' lang='lat'><strong>:9</strong></span> 
     </span>
     <span class='ocr_line' id='line_1_60' title="bbox 160 2346 186 2364; baseline 0 0"><span class='ocrx_word' id='word_1_417' title='bbox 160 2346 186 2364; x_wconf 71' lang='lat'><strong>7³</strong></span> 
     </span>
     <span class='ocr_line' id='line_1_61' title="bbox 158 2399 185 2417; baseline 0 0"><span class='ocrx_word' id='word_1_418' title='bbox 158 2399 185 2417; x_wconf 73' lang='lat'><strong>97</strong></span> 
     </span>
    </p>
   </div>
   <div class='ocr_carea' id='block_1_7' title="bbox 158 2558 184 2576">
    <p class='ocr_par' dir='ltr' id='par_1_10' title="bbox 158 2558 184 2576">
     <span class='ocr_line' id='line_1_62' title="bbox 158 2558 184 2576; baseline 0 0"><span class='ocrx_word' id='word_1_419' title='bbox 158 2558 184 2576; x_wconf 71' lang='lat'><strong>2³</strong></span> 
     </span>
    </p>
   </div>
   <div class='ocr_carea' id='block_1_8' title="bbox 158 3248 1271 3487">
    <p class='ocr_par' dir='ltr' id='par_1_11' title="bbox 158 3248 1271 3487">
     <span class='ocr_line' id='line_1_63' title="bbox 204 3248 1271 3295; baseline 0.011 -15"><span class='ocrx_word' id='word_1_420' title='bbox 204 3253 254 3286; x_wconf 74' lang='lat' dir='ltr'><strong>(a)</strong></span> <span class='ocrx_word' id='word_1_421' title='bbox 287 3249 358 3280; x_wconf 89' lang='lat' dir='ltr'><strong>lIoc</strong></span> <span class='ocrx_word' id='word_1_422' title='bbox 377 3249 452 3282; x_wconf 76' lang='lat' dir='ltr'><strong>loco</strong></span> <span class='ocrx_word' id='word_1_423' title='bbox 477 3248 519 3281; x_wconf 77' lang='lat' dir='ltr'><strong>ad</strong></span> <span class='ocrx_word' id='word_1_424' title='bbox 549 3250 582 3282; x_wconf 88' lang='lat' dir='ltr'><strong>S.</strong></span> <span class='ocrx_word' id='word_1_425' title='bbox 602 3250 783 3283; x_wconf 85' lang='lat' dir='ltr'><strong>Justinum</strong></span> <span class='ocrx_word' id='word_1_426' title='bbox 801 3250 1050 3295; x_wconf 75' lang='lat' dir='ltr'><strong>‹lenigrandnm</strong></span> <span class='ocrx_word' id='word_1_427' title='bbox 1070 3258 1183 3291; x_wconf 82' lang='lat' dir='ltr'><strong>utitur</strong></span> <span class='ocrx_word' id='word_1_428' title='bbox 1203 3259 1271 3292; x_wconf 80' lang='lat' dir='ltr'><strong>Ca-</strong></span> 
     </span>
     <span class='ocr_line' id='line_1_64' title="bbox 161 3295 1270 3337; baseline 0.011 -11"><span class='ocrx_word' id='word_1_429' title='bbox 161 3295 336 3327; x_wconf 79' lang='lat' dir='ltr'><strong>saubonus</strong></span> <span class='ocrx_word' id='word_1_430' title='bbox 364 3296 397 3327; x_wconf 90' lang='lat' dir='ltr'><strong>in</strong></span> <span class='ocrx_word' id='word_1_431' title='bbox 424 3296 494 3327; x_wconf 83' lang='lat' dir='ltr'><strong>suis</strong></span> <span class='ocrx_word' id='word_1_432' title='bbox 522 3296 720 3329; x_wconf 79' lang='lat' dir='ltr'><strong>Exercitac·</strong></span> <span class='ocrx_word' id='word_1_433' title='bbox 746 3306 863 3330; x_wconf 75' lang='lat' dir='ltr'><strong>contra</strong></span> <span class='ocrx_word' id='word_1_434' title='bbox 884 3298 1062 3335; x_wconf 77' lang='lat' dir='ltr'><strong>Buroninm</strong></span> <span class='ocrx_word' id='word_1_435' title='bbox 1082 3327 1090 3335; x_wconf 91' lang='lat'><strong>.</strong></span> <span class='ocrx_word' id='word_1_436' title='bbox 1118 3304 1199 3337; x_wconf 80' lang='lat' dir='ltr'><strong>vid.</strong></span> <span class='ocrx_word' id='word_1_437' title='bbox 1220 3305 1270 3337; x_wconf 87' lang='grc' dir='ltr'><strong>Ε-</strong></span> 
     </span>
     <span class='ocr_line' id='line_1_65' title="bbox 159 3341 1268 3390; baseline 0.012 -19"><span class='ocrx_word' id='word_1_438' title='bbox 159 3345 242 3384; x_wconf 76' lang='lat' dir='ltr'><strong>pist.</strong></span> <span class='ocrx_word' id='word_1_439' title='bbox 269 3341 403 3374; x_wconf 63' lang='lat' dir='ltr'><strong>Selecc.</strong></span> <span class='ocrx_word' id='word_1_440' title='bbox 444 3341 611 3374; x_wconf 65' lang='lat' dir='ltr'><strong>Richardi</strong></span> <span class='ocrx_word' id='word_1_441' title='bbox 649 3343 794 3375; x_wconf 87' lang='lat' dir='ltr'><strong>Simonii</strong></span> <span class='ocrx_word' id='word_1_442' title='bbox 825 3346 877 3385; x_wconf 71' lang='lat'><strong>¹4·</strong></span> <span class='ocrx_word' id='word_1_443' title='bbox 911 3346 1010 3378; x_wconf 72' lang='lat' dir='ltr'><strong>Toni.</strong></span> <span class='ocrx_word' id='word_1_444' title='bbox 1039 3351 1120 3390; x_wconf 55' lang='lat'><strong>111„</strong></span> <span class='ocrx_word' id='word_1_445' title='bbox 1161 3352 1268 3384; x_wconf 78' lang='lat' dir='ltr'><strong>etiam</strong></span> 
     </span>
     <span class='ocr_line' id='line_1_66' title="bbox 158 3385 1270 3441; baseline 0.011 -22"><span class='ocrx_word' id='word_1_446' title='bbox 158 3385 266 3419; x_wconf 77' lang='lat' dir='ltr'><strong>Card.</strong></span> <span class='ocrx_word' id='word_1_447' title='bbox 294 3386 468 3420; x_wconf 76' lang='lat' dir='ltr'><strong>Sl&#39;ondrati</strong></span> <span class='ocrx_word' id='word_1_448' title='bbox 496 3389 530 3421; x_wconf 76' lang='lat' dir='ltr'><strong>in</strong></span> <span class='ocrx_word' id='word_1_449' title='bbox 550 3389 651 3421; x_wconf 72' lang='lat' dir='ltr'><strong>Nudo</strong></span> <span class='ocrx_word' id='word_1_450' title='bbox 669 3392 772 3430; x_wconf 81' lang='lat' dir='ltr'><strong>praed.</strong></span> <span class='ocrx_word' id='word_1_451' title='bbox 792 3391 984 3425; x_wconf 74' lang='lat' dir='ltr'><strong>dissoluto.</strong></span> <span class='ocrx_word' id='word_1_452' title='bbox 1009 3394 1158 3429; x_wconf 66' lang='lat' dir='ltr'><strong>jacobus</strong></span> <span class='ocrx_word' id='word_1_453' title='bbox 1177 3398 1270 3441; x_wconf 73' lang='lat' dir='ltr'><strong>Pay-</strong></span> 
     </span>
     <span class='ocr_line' id='line_1_67' title="bbox 160 3433 1270 3487; baseline 0.011 -22"><span class='ocrx_word' id='word_1_454' title='bbox 160 3443 204 3465; x_wconf 67' lang='grc' dir='ltr'><strong>να</strong></span> <span class='ocrx_word' id='word_1_455' title='bbox 229 3434 265 3465; x_wconf 85' lang='lat' dir='ltr'><strong>in</strong></span> <span class='ocrx_word' id='word_1_456' title='bbox 290 3433 470 3478; x_wconf 75' lang='lat' dir='ltr'><strong>Explicat.</strong></span> <span class='ocrx_word' id='word_1_457' title='bbox 495 3435 725 3476; x_wconf 78' lang='lat' dir='ltr'><strong>orthodoxis,</strong></span> <span class='ocrx_word' id='word_1_458' title='bbox 761 3439 794 3469; x_wconf 71' lang='grc' dir='ltr'>ἀ</span> <span class='ocrx_word' id='word_1_459' title='bbox 819 3437 879 3470; x_wconf 67' lang='lat' dir='ltr'><strong>alii</strong></span> <span class='ocrx_word' id='word_1_460' title='bbox 905 3438 940 3471; x_wconf 90' lang='lat' dir='ltr'><strong>in</strong></span> <span class='ocrx_word' id='word_1_461' title='bbox 964 3439 1270 3487; x_wconf 72' lang='lat' dir='ltr'><strong>Semipelagianis-</strong></span> 
     </span>
    </p>
   </div>
   <div class='ocr_carea' id='block_1_9' title="bbox 1334 284 2458 3208">
    <p class='ocr_par' dir='ltr' id='par_1_12' title="bbox 1341 284 2454 764">
     <span class='ocr_line' id='line_1_68' title="bbox 1343 284 2454 338; baseline 0.005 -16"><span class='ocrx_word' id='word_1_462' title='bbox 1343 286 1385 322; x_wconf 91' lang='lat' dir='ltr'><strong>ln</strong></span> <span class='ocrx_word' id='word_1_463' title='bbox 1406 284 1554 322; x_wconf 88' lang='lat' dir='ltr'><strong>lib.lll.</strong></span> <span class='ocrx_word' id='word_1_464' title='bbox 1587 285 1797 338; x_wconf 72' lang='lat' dir='ltr'><strong>lleg.VIll.</strong></span> <span class='ocrx_word' id='word_1_465' title='bbox 1827 287 1988 334; x_wconf 84' lang='lat' dir='ltr'><strong>dicitur,</strong></span> <span class='ocrx_word' id='word_1_466' title='bbox 2019 286 2180 327; x_wconf 82' lang='lat' dir='ltr'><strong>voluisse</strong></span> <span class='ocrx_word' id='word_1_467' title='bbox 2210 286 2335 327; x_wconf 81' lang='lat' dir='ltr'><strong>David</strong></span> <span class='ocrx_word' id='word_1_468' title='bbox 2357 300 2454 337; x_wconf 80' lang='lat' dir='ltr'><strong>„ae-</strong></span> 
     </span>
     <span class='ocr_line' id='line_1_69' title="bbox 1342 338 2449 387; baseline 0.005 -12"><span class='ocrx_word' id='word_1_469' title='bbox 1342 367 1368 387; x_wconf 88' lang='lat'><em>„</em></span> <span class='ocrx_word' id='word_1_470' title='bbox 1400 338 1557 375; x_wconf 79' lang='lat' dir='ltr'><strong>dificare</strong></span> <span class='ocrx_word' id='word_1_471' title='bbox 1585 338 1740 378; x_wconf 87' lang='lat' dir='ltr'><strong>domum</strong></span> <span class='ocrx_word' id='word_1_472' title='bbox 1771 342 1917 379; x_wconf 84' lang='lat' dir='ltr'><strong>nomini</strong></span> <span class='ocrx_word' id='word_1_473' title='bbox 1948 341 2104 379; x_wconf 85' lang='lat' dir='ltr'><strong>Domini</strong></span> <span class='ocrx_word' id='word_1_474' title='bbox 2134 342 2358 387; x_wconf 80' lang='lat' dir='ltr'><strong>Deilsrae13</strong></span> <span class='ocrx_word' id='word_1_475' title='bbox 2387 345 2449 380; x_wconf 76' lang='lat' dir='ltr'><strong>cuz·</strong></span> 
     </span>
     <span class='ocr_line' id='line_1_70' title="bbox 1341 390 2451 445; baseline 0.005 -17"><span class='ocrx_word' id='word_1_476' title='bbox 1341 420 1370 439; x_wconf 91' lang='lat'><strong>„</strong></span> <span class='ocrx_word' id='word_1_477' title='bbox 1400 390 1599 429; x_wconf 75' lang='lat' dir='ltr'><strong>Dominus</strong></span> <span class='ocrx_word' id='word_1_478' title='bbox 1628 392 1744 432; x_wconf 75' lang='lat' dir='ltr'><strong>dixit:</strong></span> <span class='ocrx_word' id='word_1_479' title='bbox 1774 395 1886 442; x_wconf 88' lang='lat' dir='ltr'><strong>Quod</strong></span> <span class='ocrx_word' id='word_1_480' title='bbox 1916 396 2083 445; x_wconf 77' lang='lat' dir='ltr'><strong>cogitasti</strong></span> <span class='ocrx_word' id='word_1_481' title='bbox 2114 396 2153 433; x_wconf 89' lang='lat' dir='ltr'><strong>in</strong></span> <span class='ocrx_word' id='word_1_482' title='bbox 2175 397 2286 434; x_wconf 88' lang='lat' dir='ltr'><strong>corde</strong></span> <span class='ocrx_word' id='word_1_483' title='bbox 2315 405 2378 433; x_wconf 86' lang='lat' dir='ltr'><strong>tuo</strong></span> <span class='ocrx_word' id='word_1_484' title='bbox 2398 410 2451 433; x_wconf 83' lang='lat' dir='ltr'><strong>ae-</strong></span> 
     </span>
     <span class='ocr_line' id='line_1_71' title="bbox 1341 443 2451 492; baseline 0.007 -13"><span class='ocrx_word' id='word_1_485' title='bbox 1341 473 1366 492; x_wconf 76' lang='lat'><strong>,‚</strong></span> <span class='ocrx_word' id='word_1_486' title='bbox 1396 443 1554 481; x_wconf 88' lang='lat' dir='ltr'><strong>dificare</strong></span> <span class='ocrx_word' id='word_1_487' title='bbox 1583 444 1739 485; x_wconf 89' lang='lat' dir='ltr'><strong>domum</strong></span> <span class='ocrx_word' id='word_1_488' title='bbox 1769 449 1912 486; x_wconf 85' lang='lat' dir='ltr'><strong>nomini</strong></span> <span class='ocrx_word' id='word_1_489' title='bbox 1937 462 2020 485; x_wconf 84' lang='lat' dir='ltr'><strong>meo</strong></span> <span class='ocrx_word' id='word_1_490' title='bbox 2047 448 2144 485; x_wconf 88' lang='lat' dir='ltr'><strong>bene</strong></span> <span class='ocrx_word' id='word_1_491' title='bbox 2167 448 2285 487; x_wconf 87' lang='lat' dir='ltr'><strong>fecisti</strong></span> <span class='ocrx_word' id='word_1_492' title='bbox 2303 475 2313 486; x_wconf 86' lang='lat'><strong>.</strong></span> <span class='ocrx_word' id='word_1_493' title='bbox 2331 474 2341 486; x_wconf 96' lang='lat'><strong>.</strong></span> <span class='ocrx_word' id='word_1_494' title='bbox 2358 475 2368 486; x_wconf 91' lang='lat'><strong>.</strong></span> <span class='ocrx_word' id='word_1_495' title='bbox 2386 463 2451 488; x_wconf 88' lang='lat' dir='ltr'><strong>ve—</strong></span> 
     </span>
     <span class='ocr_line' id='line_1_72' title="bbox 1341 500 2452 544; baseline 0.006 -11"><span class='ocrx_word' id='word_1_496' title='bbox 1341 526 1366 544; x_wconf 89' lang='lat'><strong>„</strong></span> <span class='ocrx_word' id='word_1_497' title='bbox 1400 506 1599 534; x_wconf 86' lang='lat' dir='ltr'><strong>runtamen</strong></span> <span class='ocrx_word' id='word_1_498' title='bbox 1642 507 1681 536; x_wconf 88' lang='lat' dir='ltr'><strong>tn</strong></span> <span class='ocrx_word' id='word_1_499' title='bbox 1718 514 1795 538; x_wconf 85' lang='lat' dir='ltr'><strong>non</strong></span> <span class='ocrx_word' id='word_1_500' title='bbox 1824 501 2034 540; x_wconf 83' lang='lat' dir='ltr'><strong>aedisicabis</strong></span> <span class='ocrx_word' id='word_1_501' title='bbox 2077 500 2174 538; x_wconf 85' lang='lat' dir='ltr'><strong>mihi</strong></span> <span class='ocrx_word' id='word_1_502' title='bbox 2203 502 2359 539; x_wconf 87' lang='lat' dir='ltr'><strong>domum</strong></span> <span class='ocrx_word' id='word_1_503' title='bbox 2390 505 2415 523; x_wconf 82' lang='lat'><strong>“</strong></span> <span class='ocrx_word' id='word_1_504' title='bbox 2439 527 2452 540; x_wconf 90' lang='grc'><strong>.</strong></span> 
     </span>
     <span class='ocr_line' id='line_1_73' title="bbox 1343 550 2451 604; baseline 0.005 -17"><span class='ocrx_word' id='word_1_505' title='bbox 1343 550 1454 588; x_wconf 88' lang='lat' dir='ltr'><strong>Unde</strong></span> <span class='ocrx_word' id='word_1_506' title='bbox 1482 553 1536 588; x_wconf 90' lang='lat' dir='ltr'><strong>sic</strong></span> <span class='ocrx_word' id='word_1_507' title='bbox 1565 550 1779 602; x_wconf 84' lang='lat' dir='ltr'><strong>colligitur:</strong></span> <span class='ocrx_word' id='word_1_508' title='bbox 1810 556 1983 604; x_wconf 77' lang='lat' dir='ltr'><strong>cogitatio</strong></span> <span class='ocrx_word' id='word_1_509' title='bbox 2008 553 2081 592; x_wconf 80' lang='lat' dir='ltr'><strong>illa</strong></span> <span class='ocrx_word' id='word_1_510' title='bbox 2111 555 2181 592; x_wconf 78' lang='lat' dir='ltr'><strong>fuit</strong></span> <span class='ocrx_word' id='word_1_511' title='bbox 2210 563 2311 592; x_wconf 87' lang='lat' dir='ltr'><strong>certe</strong></span> <span class='ocrx_word' id='word_1_512' title='bbox 2330 554 2451 604; x_wconf 85' lang='lat' dir='ltr'><strong>bona,</strong></span> 
     </span>
     <span class='ocr_line' id='line_1_74' title="bbox 1341 602 2452 660; baseline 0.007 -21"><span class='ocrx_word' id='word_1_513' title='bbox 1341 602 1513 656; x_wconf 82' lang='lat' dir='ltr'><strong>alioquin</strong></span> <span class='ocrx_word' id='word_1_514' title='bbox 1535 604 1640 641; x_wconf 85' lang='lat' dir='ltr'><strong>Deus</strong></span> <span class='ocrx_word' id='word_1_515' title='bbox 1670 618 1753 641; x_wconf 85' lang='lat' dir='ltr'><strong>eam</strong></span> <span class='ocrx_word' id='word_1_516' title='bbox 1786 607 1944 645; x_wconf 86' lang='lat' dir='ltr'><strong>minime</strong></span> <span class='ocrx_word' id='word_1_517' title='bbox 1965 608 2174 654; x_wconf 78' lang='lat' dir='ltr'><strong>laudasset3</strong></span> <span class='ocrx_word' id='word_1_518' title='bbox 2204 609 2452 660; x_wconf 80' lang='lat' dir='ltr'><strong>atquitamen</strong></span> 
     </span>
     <span class='ocr_line' id='line_1_75' title="bbox 1342 657 2451 713; baseline 0.006 -20"><span class='ocrx_word' id='word_1_519' title='bbox 1342 670 1364 693; x_wconf 90' lang='lat' dir='ltr'><strong>a</strong></span> <span class='ocrx_word' id='word_1_520' title='bbox 1394 657 1474 694; x_wconf 91' lang='lat' dir='ltr'><strong>Deo</strong></span> <span class='ocrx_word' id='word_1_521' title='bbox 1503 670 1576 694; x_wconf 90' lang='lat' dir='ltr'><strong>non</strong></span> <span class='ocrx_word' id='word_1_522' title='bbox 1607 658 1705 702; x_wconf 83' lang='lat' dir='ltr'><strong>fuit3</strong></span> <span class='ocrx_word' id='word_1_523' title='bbox 1750 659 1780 695; x_wconf 87' lang='lat' dir='ltr'><strong>si</strong></span> <span class='ocrx_word' id='word_1_524' title='bbox 1812 659 1913 694; x_wconf 85' lang='lat' dir='ltr'><strong>enim</strong></span> <span class='ocrx_word' id='word_1_525' title='bbox 1944 660 2044 698; x_wconf 88' lang='lat' dir='ltr'><strong>Deus</strong></span> <span class='ocrx_word' id='word_1_526' title='bbox 2086 676 2169 699; x_wconf 87' lang='lat' dir='ltr'><strong>eam</strong></span> <span class='ocrx_word' id='word_1_527' title='bbox 2208 663 2451 713; x_wconf 74' lang='lat' dir='ltr'><strong>inspirasset,</strong></span> 
     </span>
     <span class='ocr_line' id='line_1_76' title="bbox 1343 710 2210 764; baseline 0.002 -18"><span class='ocrx_word' id='word_1_528' title='bbox 1343 710 1467 748; x_wconf 86' lang='lat' dir='ltr'><strong>cidem</strong></span> <span class='ocrx_word' id='word_1_529' title='bbox 1498 724 1569 747; x_wconf 88' lang='lat' dir='ltr'><strong>non</strong></span> <span class='ocrx_word' id='word_1_530' title='bbox 1590 720 1757 761; x_wconf 78' lang='lat' dir='ltr'><strong>negasset</strong></span> <span class='ocrx_word' id='word_1_531' title='bbox 1787 711 1966 748; x_wconf 76' lang='lat' dir='ltr'><strong>effectum</strong></span> <span class='ocrx_word' id='word_1_532' title='bbox 1984 742 1994 759; x_wconf 85' lang='lat'><strong>‚</strong></span> <span class='ocrx_word' id='word_1_533' title='bbox 2024 727 2110 764; x_wconf 79' lang='lat' dir='ltr'><strong>ergo</strong></span> <span class='ocrx_word' id='word_1_534' title='bbox 2140 714 2210 753; x_wconf 82' lang='lat' dir='ltr'><strong>&amp;c.</strong></span> 
     </span>
    </p>

    <p class='ocr_par' dir='ltr' id='par_1_13' title="bbox 1339 763 2458 1710">
     <span class='ocr_line' id='line_1_77' title="bbox 1397 763 2452 816; baseline 0.003 -15"><span class='ocrx_word' id='word_1_535' title='bbox 1397 764 1463 809; x_wconf 73' lang='grc'><strong>48.</strong></span> <span class='ocrx_word' id='word_1_536' title='bbox 1497 763 1608 816; x_wconf 82' lang='lat' dir='ltr'><strong>Resp.</strong></span> <span class='ocrx_word' id='word_1_537' title='bbox 1639 778 1727 801; x_wconf 87' lang='lat' dir='ltr'><strong>cum</strong></span> <span class='ocrx_word' id='word_1_538' title='bbox 1767 763 1808 801; x_wconf 87' lang='lat' dir='ltr'><strong>S.</strong></span> <span class='ocrx_word' id='word_1_539' title='bbox 1841 763 2022 816; x_wconf 82' lang='lat' dir='ltr'><strong>Prospero</strong></span> <span class='ocrx_word' id='word_1_540' title='bbox 2051 770 2184 815; x_wconf 79' lang='lat' dir='ltr'><strong>(cont.</strong></span> <span class='ocrx_word' id='word_1_541' title='bbox 2215 767 2452 807; x_wconf 74' lang='lat' dir='ltr'><strong>Collrztorem</strong></span> 
     </span>
     <span class='ocr_line' id='line_1_78' title="bbox 1343 816 2452 868; baseline 0.006 -15"><span class='ocrx_word' id='word_1_542' title='bbox 1343 829 1429 868; x_wconf 87' lang='lat' dir='ltr'><strong>cap.</strong></span> <span class='ocrx_word' id='word_1_543' title='bbox 1452 831 1511 856; x_wconf 75' lang='lat'><strong>12.</strong></span> <span class='ocrx_word' id='word_1_544' title='bbox 1535 818 1548 867; x_wconf 93' lang='lat'>)</span> <span class='ocrx_word' id='word_1_545' title='bbox 1568 848 1578 865; x_wconf 91' lang='lat'><strong>,</strong></span> <span class='ocrx_word' id='word_1_546' title='bbox 1610 816 1717 855; x_wconf 78' lang='lat' dir='ltr'><strong>illam</strong></span> <span class='ocrx_word' id='word_1_547' title='bbox 1740 818 1900 856; x_wconf 85' lang='lat' dir='ltr'><strong>Davidis</strong></span> <span class='ocrx_word' id='word_1_548' title='bbox 1918 817 2148 857; x_wconf 78' lang='lat' dir='ltr'><strong>voluntatem</strong></span> <span class='ocrx_word' id='word_1_549' title='bbox 2168 849 2178 868; x_wconf 86' lang='lat'>‚</span> <span class='ocrx_word' id='word_1_550' title='bbox 2199 821 2233 857; x_wconf 85' lang='lat'>&amp;</span> <span class='ocrx_word' id='word_1_551' title='bbox 2255 823 2367 862; x_wconf 86' lang='lat' dir='ltr'><strong>fuisse</strong></span> <span class='ocrx_word' id='word_1_552' title='bbox 2384 824 2452 861; x_wconf 87' lang='lat' dir='ltr'><strong>bo-</strong></span> 
     </span>
     <span class='ocr_line' id='line_1_79' title="bbox 1342 871 2455 923; baseline 0.007 -17"><span class='ocrx_word' id='word_1_553' title='bbox 1342 883 1431 909; x_wconf 80' lang='lat' dir='ltr'><strong>nam</strong></span> <span class='ocrx_word' id='word_1_554' title='bbox 1449 901 1460 919; x_wconf 92' lang='lat'><strong>,</strong></span> <span class='ocrx_word' id='word_1_555' title='bbox 1491 875 1525 911; x_wconf 71' lang='lat'><strong>8&lt;</strong></span> <span class='ocrx_word' id='word_1_556' title='bbox 1554 872 1670 909; x_wconf 85' lang='lat' dir='ltr'><strong>fuisse</strong></span> <span class='ocrx_word' id='word_1_557' title='bbox 1698 887 1720 909; x_wconf 83' lang='lat' dir='ltr'><strong>a</strong></span> <span class='ocrx_word' id='word_1_558' title='bbox 1749 871 1859 919; x_wconf 89' lang='lat' dir='ltr'><strong>Deo,</strong></span> <span class='ocrx_word' id='word_1_559' title='bbox 1907 884 2144 923; x_wconf 87' lang='lat' dir='ltr'><strong>quamquam</strong></span> <span class='ocrx_word' id='word_1_560' title='bbox 2175 873 2278 911; x_wconf 89' lang='lat' dir='ltr'><strong>Deus</strong></span> <span class='ocrx_word' id='word_1_561' title='bbox 2305 877 2455 916; x_wconf 89' lang='lat' dir='ltr'><strong>occulto</strong></span> 
     </span>
     <span class='ocr_line' id='line_1_80' title="bbox 1341 924 2456 980; baseline 0.006 -20"><span class='ocrx_word' id='word_1_562' title='bbox 1341 925 1488 977; x_wconf 70' lang='lat' dir='ltr'><strong>judicio</strong></span> <span class='ocrx_word' id='word_1_563' title='bbox 1515 939 1583 963; x_wconf 85' lang='lat' dir='ltr'><strong>suo</strong></span> <span class='ocrx_word' id='word_1_564' title='bbox 1611 924 1761 974; x_wconf 84' lang='lat' dir='ltr'><strong>noluit,</strong></span> <span class='ocrx_word' id='word_1_565' title='bbox 1803 939 1886 963; x_wconf 78' lang='lat' dir='ltr'><strong>eam</strong></span> <span class='ocrx_word' id='word_1_566' title='bbox 1918 924 2151 963; x_wconf 84' lang='lat' dir='ltr'><strong>voluntatem</strong></span> <span class='ocrx_word' id='word_1_567' title='bbox 2175 955 2185 973; x_wconf 80' lang='lat'><strong>,</strong></span> <span class='ocrx_word' id='word_1_568' title='bbox 2228 941 2346 978; x_wconf 82' lang='lat' dir='ltr'><strong>quam</strong></span> <span class='ocrx_word' id='word_1_569' title='bbox 2375 931 2456 980; x_wconf 83' lang='lat' dir='ltr'><strong>ipse</strong></span> 
     </span>
     <span class='ocr_line' id='line_1_81' title="bbox 1342 977 2456 1031; baseline 0.004 -13"><span class='ocrx_word' id='word_1_570' title='bbox 1342 980 1620 1029; x_wconf 83' lang='lat' dir='ltr'><strong>inspiraverat,</strong></span> <span class='ocrx_word' id='word_1_571' title='bbox 1651 978 1886 1031; x_wconf 85' lang='lat' dir='ltr'><strong>adimpleri,</strong></span> <span class='ocrx_word' id='word_1_572' title='bbox 1925 977 2035 1029; x_wconf 75' lang='lat' dir='ltr'><strong>cujus</strong></span> <span class='ocrx_word' id='word_1_573' title='bbox 2064 979 2117 1015; x_wconf 90' lang='lat' dir='ltr'><strong>rei</strong></span> <span class='ocrx_word' id='word_1_574' title='bbox 2148 978 2259 1029; x_wconf 78' lang='lat' dir='ltr'><strong>plura</strong></span> <span class='ocrx_word' id='word_1_575' title='bbox 2287 981 2394 1020; x_wconf 85' lang='lat' dir='ltr'><strong>affert</strong></span> <span class='ocrx_word' id='word_1_576' title='bbox 2425 986 2456 1022; x_wconf 91' lang='lat' dir='ltr'><strong>i-</strong></span> 
     </span>
     <span class='ocr_line' id='line_1_82' title="bbox 1342 1031 2454 1086; baseline 0.005 -18"><span class='ocrx_word' id='word_1_577' title='bbox 1342 1033 1428 1071; x_wconf 80' lang='lat' dir='ltr'><strong>dem</strong></span> <span class='ocrx_word' id='word_1_578' title='bbox 1458 1032 1498 1070; x_wconf 91' lang='lat' dir='ltr'><strong>S.</strong></span> <span class='ocrx_word' id='word_1_579' title='bbox 1529 1031 1686 1083; x_wconf 84' lang='lat' dir='ltr'><strong>Prosper</strong></span> <span class='ocrx_word' id='word_1_580' title='bbox 1717 1032 1921 1084; x_wconf 68' lang='lat' dir='ltr'><strong>exempla,</strong></span> <span class='ocrx_word' id='word_1_581' title='bbox 1953 1042 1990 1069; x_wconf 89' lang='lat' dir='ltr'><strong>nt</strong></span> <span class='ocrx_word' id='word_1_582' title='bbox 2020 1046 2109 1070; x_wconf 90' lang='lat' dir='ltr'><strong>cum</strong></span> <span class='ocrx_word' id='word_1_583' title='bbox 2141 1032 2243 1070; x_wconf 85' lang='lat' dir='ltr'><strong>Dens</strong></span> <span class='ocrx_word' id='word_1_584' title='bbox 2265 1033 2454 1086; x_wconf 77' lang='lat' dir='ltr'><strong>Apostolis</strong></span> 
     </span>
     <span class='ocr_line' id='line_1_83' title="bbox 1341 1084 2453 1139; baseline 0.004 -15"><span class='ocrx_word' id='word_1_585' title='bbox 1341 1086 1483 1124; x_wconf 76' lang='lat' dir='ltr'><strong>bonam</strong></span> <span class='ocrx_word' id='word_1_586' title='bbox 1506 1084 1738 1124; x_wconf 86' lang='lat' dir='ltr'><strong>voluntatem</strong></span> <span class='ocrx_word' id='word_1_587' title='bbox 1761 1087 1920 1124; x_wconf 88' lang='lat' dir='ltr'><strong>immisit</strong></span> <span class='ocrx_word' id='word_1_588' title='bbox 1937 1085 2172 1137; x_wconf 69' lang='lat' dir='ltr'><strong>praedicandi</strong></span> <span class='ocrx_word' id='word_1_589' title='bbox 2195 1086 2453 1139; x_wconf 75' lang='lat' dir='ltr'><strong>Evangelium</strong></span> 
     </span>
     <span class='ocr_line' id='line_1_84' title="bbox 1340 1137 2455 1190; baseline 0.004 -14"><span class='ocrx_word' id='word_1_590' title='bbox 1340 1140 1445 1177; x_wconf 85' lang='lat' dir='ltr'><strong>omni</strong></span> <span class='ocrx_word' id='word_1_591' title='bbox 1475 1148 1658 1177; x_wconf 83' lang='lat' dir='ltr'><strong>creaturae</strong></span> <span class='ocrx_word' id='word_1_592' title='bbox 1689 1139 1722 1176; x_wconf 74' lang='grc' dir='ltr'>ἃ</span> <span class='ocrx_word' id='word_1_593' title='bbox 1753 1148 1878 1189; x_wconf 75' lang='lat' dir='ltr'><strong>postea</strong></span> <span class='ocrx_word' id='word_1_594' title='bbox 1909 1141 2025 1177; x_wconf 89' lang='lat' dir='ltr'><strong>vetuit</strong></span> <span class='ocrx_word' id='word_1_595' title='bbox 2054 1153 2113 1177; x_wconf 90' lang='lat' dir='ltr'><strong>eos</strong></span> <span class='ocrx_word' id='word_1_596' title='bbox 2155 1137 2261 1190; x_wconf 84' lang='lat' dir='ltr'><strong>loqui</strong></span> <span class='ocrx_word' id='word_1_597' title='bbox 2292 1142 2455 1183; x_wconf 88' lang='lat' dir='ltr'><strong>verbum</strong></span> 
     </span>
     <span class='ocr_line' id='line_1_85' title="bbox 1340 1191 2455 1247; baseline 0.003 -16"><span class='ocrx_word' id='word_1_598' title='bbox 1340 1195 1380 1231; x_wconf 86' lang='lat' dir='ltr'><strong>in</strong></span> <span class='ocrx_word' id='word_1_599' title='bbox 1403 1193 1492 1231; x_wconf 83' lang='lat' dir='ltr'><strong>Asia</strong></span> <span class='ocrx_word' id='word_1_600' title='bbox 1508 1224 1518 1241; x_wconf 82' lang='lat'><strong>,</strong></span> <span class='ocrx_word' id='word_1_601' title='bbox 1551 1193 1583 1229; x_wconf 74' lang='grc' dir='ltr'>ἃ</span> <span class='ocrx_word' id='word_1_602' title='bbox 1602 1194 1656 1230; x_wconf 84' lang='lat' dir='ltr'><strong>ire</strong></span> <span class='ocrx_word' id='word_1_603' title='bbox 1678 1195 1716 1231; x_wconf 90' lang='lat' dir='ltr'><strong>in</strong></span> <span class='ocrx_word' id='word_1_604' title='bbox 1739 1191 1960 1246; x_wconf 79' lang='lat' dir='ltr'><strong>Bithyniam</strong></span> <span class='ocrx_word' id='word_1_605' title='bbox 1993 1196 2008 1244; x_wconf 91' lang='lat'>(</span> <span class='ocrx_word' id='word_1_606' title='bbox 2028 1194 2111 1233; x_wconf 81' lang='lat' dir='ltr'><strong>Act.</strong></span> <span class='ocrx_word' id='word_1_607' title='bbox 2129 1192 2238 1234; x_wconf 62' lang='lat' dir='ltr'><strong>XVI.</strong></span> <span class='ocrx_word' id='word_1_608' title='bbox 2261 1193 2300 1232; x_wconf 84' lang='grc'><strong>6.</strong></span> <span class='ocrx_word' id='word_1_609' title='bbox 2316 1194 2349 1231; x_wconf 76' lang='grc' dir='ltr'>ἃ</span> <span class='ocrx_word' id='word_1_610' title='bbox 2370 1211 2405 1247; x_wconf 84' lang='lat'><strong>7.</strong></span> <span class='ocrx_word' id='word_1_611' title='bbox 2423 1198 2455 1246; x_wconf 85' lang='lat'><strong>).</strong></span> 
     </span>
     <span class='ocr_line' id='line_1_86' title="bbox 1343 1246 2456 1299; baseline 0.004 -15"><span class='ocrx_word' id='word_1_612' title='bbox 1343 1246 1519 1285; x_wconf 81' lang='lat' dir='ltr'><strong>Ecclesia</strong></span> <span class='ocrx_word' id='word_1_613' title='bbox 1549 1247 1662 1284; x_wconf 85' lang='lat' dir='ltr'><strong>etiam</strong></span> <span class='ocrx_word' id='word_1_614' title='bbox 1693 1256 1773 1285; x_wconf 88' lang='lat' dir='ltr'><strong>orat</strong></span> <span class='ocrx_word' id='word_1_615' title='bbox 1802 1247 1972 1299; x_wconf 89' lang='lat' dir='ltr'><strong>quotidie</strong></span> <span class='ocrx_word' id='word_1_616' title='bbox 2015 1260 2083 1299; x_wconf 88' lang='lat' dir='ltr'><strong>pro</strong></span> <span class='ocrx_word' id='word_1_617' title='bbox 2126 1246 2377 1297; x_wconf 85' lang='lat' dir='ltr'><strong>infidelibus,</strong></span> <span class='ocrx_word' id='word_1_618' title='bbox 2421 1251 2456 1288; x_wconf 75' lang='grc' dir='ltr'><strong>ὃς</strong></span> 
     </span>
     <span class='ocr_line' id='line_1_87' title="bbox 1342 1298 2456 1354; baseline 0.004 -17"><span class='ocrx_word' id='word_1_619' title='bbox 1342 1298 1414 1338; x_wconf 83' lang='lat' dir='ltr'><strong>hoc</strong></span> <span class='ocrx_word' id='word_1_620' title='bbox 1445 1309 1644 1352; x_wconf 79' lang='lat' dir='ltr'><strong>acceptum</strong></span> <span class='ocrx_word' id='word_1_621' title='bbox 1674 1310 1725 1337; x_wconf 90' lang='lat' dir='ltr'><strong>est</strong></span> <span class='ocrx_word' id='word_1_622' title='bbox 1754 1314 1883 1339; x_wconf 83' lang='lat' dir='ltr'><strong>coram</strong></span> <span class='ocrx_word' id='word_1_623' title='bbox 1913 1300 1994 1338; x_wconf 90' lang='lat' dir='ltr'><strong>Deo</strong></span> <span class='ocrx_word' id='word_1_624' title='bbox 2012 1331 2023 1348; x_wconf 88' lang='lat'><strong>,</strong></span> <span class='ocrx_word' id='word_1_625' title='bbox 2073 1330 2100 1349; x_wconf 88' lang='lat'>„</span> <span class='ocrx_word' id='word_1_626' title='bbox 2130 1299 2163 1336; x_wconf 73' lang='grc' dir='ltr'>ἃ</span> <span class='ocrx_word' id='word_1_627' title='bbox 2193 1309 2321 1340; x_wconf 88' lang='lat' dir='ltr'><strong>tamen</strong></span> <span class='ocrx_word' id='word_1_628' title='bbox 2354 1304 2456 1354; x_wconf 82' lang='lat' dir='ltr'><strong>quod</strong></span> 
     </span>
     <span class='ocr_line' id='line_1_88' title="bbox 1344 1353 2458 1405; baseline 0.004 -15"><span class='ocrx_word' id='word_1_629' title='bbox 1344 1383 1370 1402; x_wconf 83' lang='lat'><strong>„</strong></span> <span class='ocrx_word' id='word_1_630' title='bbox 1401 1367 1469 1405; x_wconf 87' lang='lat' dir='ltr'><strong>pro</strong></span> <span class='ocrx_word' id='word_1_631' title='bbox 1497 1353 1680 1391; x_wconf 87' lang='lat' dir='ltr'><strong>omnibus</strong></span> <span class='ocrx_word' id='word_1_632' title='bbox 1710 1355 1878 1405; x_wconf 81' lang='lat' dir='ltr'><strong>peti‘tur,</strong></span> <span class='ocrx_word' id='word_1_633' title='bbox 1907 1366 1985 1391; x_wconf 86' lang='lat' dir='ltr'><strong>non</strong></span> <span class='ocrx_word' id='word_1_634' title='bbox 2016 1366 2085 1404; x_wconf 89' lang='lat' dir='ltr'><strong>pro</strong></span> <span class='ocrx_word' id='word_1_635' title='bbox 2113 1354 2291 1392; x_wconf 88' lang='lat' dir='ltr'><strong>omnibus</strong></span> <span class='ocrx_word' id='word_1_636' title='bbox 2311 1355 2458 1395; x_wconf 86' lang='lat' dir='ltr'><strong>obtine-</strong></span> 
     </span>
     <span class='ocr_line' id='line_1_89' title="bbox 1343 1406 2456 1461; baseline 0.002 -18"><span class='ocrx_word' id='word_1_637' title='bbox 1343 1436 1368 1455; x_wconf 90' lang='lat'><strong>„</strong></span> <span class='ocrx_word' id='word_1_638' title='bbox 1400 1416 1482 1452; x_wconf 78' lang='lat' dir='ltr'><strong>tur3</strong></span> <span class='ocrx_word' id='word_1_639' title='bbox 1530 1421 1596 1444; x_wconf 81' lang='lat' dir='ltr'><strong>nec</strong></span> <span class='ocrx_word' id='word_1_640' title='bbox 1627 1416 1678 1443; x_wconf 82' lang='lat' dir='ltr'><strong>est</strong></span> <span class='ocrx_word' id='word_1_641' title='bbox 1707 1407 1888 1457; x_wconf 77' lang='lat' dir='ltr'><strong>iniqnitas</strong></span> <span class='ocrx_word' id='word_1_642' title='bbox 1917 1407 2019 1457; x_wconf 84' lang='lat' dir='ltr'><strong>apud</strong></span> <span class='ocrx_word' id='word_1_643' title='bbox 2048 1406 2175 1443; x_wconf 84' lang='lat' dir='ltr'><strong>Deum</strong></span> <span class='ocrx_word' id='word_1_644' title='bbox 2194 1434 2204 1452; x_wconf 88' lang='lat'><strong>,</strong></span> <span class='ocrx_word' id='word_1_645' title='bbox 2248 1408 2315 1457; x_wconf 84' lang='lat' dir='ltr'><strong>qui</strong></span> <span class='ocrx_word' id='word_1_646' title='bbox 2352 1422 2456 1461; x_wconf 80' lang='lat' dir='ltr'><strong>saepe</strong></span> 
     </span>
     <span class='ocr_line' id='line_1_90' title="bbox 1343 1457 2455 1510; baseline 0.004 -14"><span class='ocrx_word' id='word_1_647' title='bbox 1343 1488 1369 1505; x_wconf 83' lang='lat'><strong>„</strong></span> <span class='ocrx_word' id='word_1_648' title='bbox 1400 1458 1583 1509; x_wconf 73' lang='lat' dir='ltr'><strong>postulata</strong></span> <span class='ocrx_word' id='word_1_649' title='bbox 1613 1472 1688 1496; x_wconf 91' lang='lat' dir='ltr'><strong>non</strong></span> <span class='ocrx_word' id='word_1_650' title='bbox 1718 1459 1880 1505; x_wconf 81' lang='lat' dir='ltr'><strong>tribuit,</strong></span> <span class='ocrx_word' id='word_1_651' title='bbox 1912 1472 2000 1510; x_wconf 80' lang='lat' dir='ltr'><strong>quae</strong></span> <span class='ocrx_word' id='word_1_652' title='bbox 2031 1457 2219 1509; x_wconf 76' lang='lat' dir='ltr'><strong>postulare</strong></span> <span class='ocrx_word' id='word_1_653' title='bbox 2235 1459 2455 1500; x_wconf 61' lang='lat' dir='ltr'><strong>donavit‘2.</strong></span> 
     </span>
     <span class='ocr_line' id='line_1_91' title="bbox 1341 1511 2456 1564; baseline 0.004 -16"><span class='ocrx_word' id='word_1_654' title='bbox 1341 1511 1389 1549; x_wconf 83' lang='lat' dir='ltr'><strong>Et</strong></span> <span class='ocrx_word' id='word_1_655' title='bbox 1418 1511 1569 1549; x_wconf 85' lang='lat' dir='ltr'><strong>celebre</strong></span> <span class='ocrx_word' id='word_1_656' title='bbox 1598 1521 1650 1549; x_wconf 82' lang='lat' dir='ltr'><strong>est</strong></span> <span class='ocrx_word' id='word_1_657' title='bbox 1680 1520 1916 1564; x_wconf 82' lang='lat' dir='ltr'><strong>praeceptuin</strong></span> <span class='ocrx_word' id='word_1_658' title='bbox 1946 1513 2075 1549; x_wconf 75' lang='lat' dir='ltr'><strong>datum</strong></span> <span class='ocrx_word' id='word_1_659' title='bbox 2108 1511 2274 1549; x_wconf 76' lang='lat' dir='ltr'><strong>Abrahae</strong></span> <span class='ocrx_word' id='word_1_660' title='bbox 2292 1542 2302 1561; x_wconf 91' lang='lat'><strong>,</strong></span> <span class='ocrx_word' id='word_1_661' title='bbox 2341 1524 2381 1552; x_wconf 82' lang='lat' dir='ltr'><strong>ut</strong></span> <span class='ocrx_word' id='word_1_662' title='bbox 2410 1515 2456 1553; x_wconf 85' lang='lat' dir='ltr'><strong>fi-</strong></span> 
     </span>
     <span class='ocr_line' id='line_1_92' title="bbox 1339 1564 2456 1618; baseline 0.004 -16"><span class='ocrx_word' id='word_1_663' title='bbox 1339 1564 1439 1603; x_wconf 85' lang='lat' dir='ltr'><strong>lium</strong></span> <span class='ocrx_word' id='word_1_664' title='bbox 1470 1579 1580 1602; x_wconf 82' lang='lat' dir='ltr'><strong>suum</strong></span> <span class='ocrx_word' id='word_1_665' title='bbox 1613 1566 1717 1603; x_wconf 81' lang='lat' dir='ltr'><strong>Isaac</strong></span> <span class='ocrx_word' id='word_1_666' title='bbox 1746 1565 1989 1613; x_wconf 83' lang='lat' dir='ltr'><strong>immolaret,</strong></span> <span class='ocrx_word' id='word_1_667' title='bbox 2020 1564 2132 1615; x_wconf 85' lang='lat' dir='ltr'><strong>cujus</strong></span> <span class='ocrx_word' id='word_1_668' title='bbox 2161 1574 2288 1604; x_wconf 74' lang='lat' dir='ltr'><strong>tamen</strong></span> <span class='ocrx_word' id='word_1_669' title='bbox 2311 1581 2456 1618; x_wconf 85' lang='lat' dir='ltr'><strong>praece-</strong></span> 
     </span>
     <span class='ocr_line' id='line_1_93' title="bbox 1341 1617 2458 1674; baseline 0.004 -18"><span class='ocrx_word' id='word_1_670' title='bbox 1341 1621 1396 1669; x_wconf 81' lang='lat' dir='ltr'><strong>pti</strong></span> <span class='ocrx_word' id='word_1_671' title='bbox 1427 1617 1740 1671; x_wconf 82' lang='lat' dir='ltr'><strong>adimpletionem</strong></span> <span class='ocrx_word' id='word_1_672' title='bbox 1770 1618 1875 1657; x_wconf 86' lang='lat' dir='ltr'><strong>Deus</strong></span> <span class='ocrx_word' id='word_1_673' title='bbox 1913 1620 1993 1671; x_wconf 84' lang='lat' dir='ltr'><strong>ipse</strong></span> <span class='ocrx_word' id='word_1_674' title='bbox 2022 1630 2118 1658; x_wconf 71' lang='lat' dir='ltr'><strong>noro</strong></span> <span class='ocrx_word' id='word_1_675' title='bbox 2148 1620 2327 1658; x_wconf 86' lang='lat' dir='ltr'><strong>mandato</strong></span> <span class='ocrx_word' id='word_1_676' title='bbox 2369 1635 2458 1674; x_wconf 87' lang='lat' dir='ltr'><strong>pro-</strong></span> 
     </span>
     <span class='ocr_line' id='line_1_94' title="bbox 1339 1670 1493 1710; baseline 0.006 -1"><span class='ocrx_word' id='word_1_677' title='bbox 1339 1670 1467 1709; x_wconf 85' lang='lat' dir='ltr'><strong>hibuit</strong></span> <span class='ocrx_word' id='word_1_678' title='bbox 1484 1699 1493 1710; x_wconf 86' lang='lat'><strong>.</strong></span> 
     </span>
    </p>

    <p class='ocr_par' dir='ltr' id='par_1_14' title="bbox 1334 1724 2458 3171">
     <span class='ocr_line' id='line_1_95' title="bbox 1394 1724 2455 1778; baseline 0.005 -15"><span class='ocrx_word' id='word_1_679' title='bbox 1394 1725 1460 1777; x_wconf 72' lang='lat'><strong>49.</strong></span> <span class='ocrx_word' id='word_1_680' title='bbox 1491 1724 1583 1778; x_wconf 87' lang='lat' dir='ltr'><strong>Obj.</strong></span> <span class='ocrx_word' id='word_1_681' title='bbox 1616 1725 1654 1763; x_wconf 86' lang='lat'><strong>5.</strong></span> <span class='ocrx_word' id='word_1_682' title='bbox 1697 1725 1811 1778; x_wconf 89' lang='lat' dir='ltr'><strong>plura</strong></span> <span class='ocrx_word' id='word_1_683' title='bbox 1839 1726 2067 1765; x_wconf 79' lang='lat' dir='ltr'><strong>Sanctorum</strong></span> <span class='ocrx_word' id='word_1_684' title='bbox 2104 1725 2259 1766; x_wconf 87' lang='lat' dir='ltr'><strong>Patrum</strong></span> <span class='ocrx_word' id='word_1_685' title='bbox 2289 1730 2455 1768; x_wconf 86' lang='lat' dir='ltr'><strong>testimo-</strong></span> 
     </span>
     <span class='ocr_line' id='line_1_96' title="bbox 1339 1779 2456 1831; baseline 0.004 -15"><span class='ocrx_word' id='word_1_686' title='bbox 1339 1780 1429 1827; x_wconf 87' lang='lat' dir='ltr'><strong>nia,</strong></span> <span class='ocrx_word' id='word_1_687' title='bbox 1460 1781 1526 1831; x_wconf 85' lang='lat' dir='ltr'><strong>qui</strong></span> <span class='ocrx_word' id='word_1_688' title='bbox 1557 1789 1712 1831; x_wconf 86' lang='lat' dir='ltr'><strong>aperte,</strong></span> <span class='ocrx_word' id='word_1_689' title='bbox 1744 1779 1804 1818; x_wconf 87' lang='lat' dir='ltr'><strong>vel</strong></span> <span class='ocrx_word' id='word_1_690' title='bbox 1835 1789 1954 1818; x_wconf 90' lang='lat' dir='ltr'><strong>totum</strong></span> <span class='ocrx_word' id='word_1_691' title='bbox 1984 1793 2077 1831; x_wconf 85' lang='lat' dir='ltr'><strong>opus</strong></span> <span class='ocrx_word' id='word_1_692' title='bbox 2105 1780 2274 1828; x_wconf 87' lang='lat' dir='ltr'><strong>honum,</strong></span> <span class='ocrx_word' id='word_1_693' title='bbox 2305 1781 2364 1818; x_wconf 87' lang='lat' dir='ltr'><strong>vel</strong></span> <span class='ocrx_word' id='word_1_694' title='bbox 2385 1782 2456 1821; x_wconf 87' lang='lat' dir='ltr'><strong>ali-</strong></span> 
     </span>
     <span class='ocr_line' id='line_1_97' title="bbox 1339 1833 2458 1885; baseline 0.004 -16"><span class='ocrx_word' id='word_1_695' title='bbox 1339 1835 1445 1883; x_wconf 78' lang='lat' dir='ltr'><strong>quod</strong></span> <span class='ocrx_word' id='word_1_696' title='bbox 1472 1833 1608 1870; x_wconf 76' lang='lat' dir='ltr'><strong>saltem</strong></span> <span class='ocrx_word' id='word_1_697' title='bbox 1638 1833 1729 1870; x_wconf 79' lang='lat' dir='ltr'><strong>boni</strong></span> <span class='ocrx_word' id='word_1_698' title='bbox 1750 1835 1875 1885; x_wconf 86' lang='lat' dir='ltr'><strong>operis</strong></span> <span class='ocrx_word' id='word_1_699' title='bbox 1896 1833 2051 1874; x_wconf 84' lang='lat' dir='ltr'><strong>initium</strong></span> <span class='ocrx_word' id='word_1_700' title='bbox 2071 1863 2081 1880; x_wconf 91' lang='lat'><strong>,</strong></span> <span class='ocrx_word' id='word_1_701' title='bbox 2110 1843 2235 1872; x_wconf 83' lang='lat' dir='ltr'><strong>nostro</strong></span> <span class='ocrx_word' id='word_1_702' title='bbox 2254 1833 2378 1873; x_wconf 87' lang='lat' dir='ltr'><strong>libero</strong></span> <span class='ocrx_word' id='word_1_703' title='bbox 2397 1850 2458 1874; x_wconf 90' lang='lat' dir='ltr'><strong>ar-</strong></span> 
     </span>
     <span class='ocr_line' id='line_1_98' title="bbox 1339 1886 2455 1938; baseline 0.004 -15"><span class='ocrx_word' id='word_1_704' title='bbox 1339 1886 1456 1923; x_wconf 81' lang='lat' dir='ltr'><strong>bitrio</strong></span> <span class='ocrx_word' id='word_1_705' title='bbox 1485 1886 1733 1923; x_wconf 78' lang='lat' dir='ltr'><strong>adscribunt.</strong></span> <span class='ocrx_word' id='word_1_706' title='bbox 1783 1887 1828 1925; x_wconf 78' lang='lat' dir='ltr'><strong>Et</strong></span> <span class='ocrx_word' id='word_1_707' title='bbox 1859 1888 1987 1938; x_wconf 86' lang='lat' dir='ltr'><strong>primo</strong></span> <span class='ocrx_word' id='word_1_708' title='bbox 2019 1886 2178 1926; x_wconf 78' lang='lat' dir='ltr'><strong>Hermas</strong></span> <span class='ocrx_word' id='word_1_709' title='bbox 2220 1889 2260 1926; x_wconf 91' lang='lat' dir='ltr'><strong>in</strong></span> <span class='ocrx_word' id='word_1_710' title='bbox 2291 1888 2455 1928; x_wconf 64' lang='lat' dir='ltr'><strong>Pastore</strong></span> 
     </span>
     <span class='ocr_line' id='line_1_99' title="bbox 1340 1939 2455 1993; baseline 0.004 -17"><span class='ocrx_word' id='word_1_711' title='bbox 1340 1943 1356 1990; x_wconf 87' lang='lat'>(</span> <span class='ocrx_word' id='word_1_712' title='bbox 1379 1939 1644 1977; x_wconf 68' lang='lat' dir='ltr'><strong>Similituiline</strong></span> <span class='ocrx_word' id='word_1_713' title='bbox 1675 1940 1777 1978; x_wconf 88' lang='lat' dir='ltr'><strong>VIII.</strong></span> <span class='ocrx_word' id='word_1_714' title='bbox 1800 1955 1917 1993; x_wconf 64' lang='lat' dir='ltr'><strong>num.</strong></span> <span class='ocrx_word' id='word_1_715' title='bbox 1938 1940 2010 1992; x_wconf 81' lang='lat'><strong>9.)</strong></span> <span class='ocrx_word' id='word_1_716' title='bbox 2041 1970 2066 1988; x_wconf 85' lang='lat'><strong>,‚</strong></span> <span class='ocrx_word' id='word_1_717' title='bbox 2097 1941 2274 1988; x_wconf 86' lang='lat' dir='ltr'><strong>Quorum</strong></span> <span class='ocrx_word' id='word_1_718' title='bbox 2302 1945 2427 1993; x_wconf 75' lang='lat' dir='ltr'><strong>inquit</strong></span> <span class='ocrx_word' id='word_1_719' title='bbox 2443 1974 2455 1993; x_wconf 87' lang='lat'>‚</span> 
     </span>
     <span class='ocr_line' id='line_1_100' title="bbox 1339 1994 2455 2044; baseline 0.002 -12"><span class='ocrx_word' id='word_1_720' title='bbox 1339 2023 1365 2042; x_wconf 91' lang='lat'>„</span> <span class='ocrx_word' id='word_1_721' title='bbox 1396 1994 1540 2032; x_wconf 58' lang='lat' dir='ltr'><strong>viderat</strong></span> <span class='ocrx_word' id='word_1_722' title='bbox 1571 1994 1755 2031; x_wconf 87' lang='lat' dir='ltr'><strong>Dominus</strong></span> <span class='ocrx_word' id='word_1_723' title='bbox 1786 2008 1899 2044; x_wconf 83' lang='lat' dir='ltr'><strong>puras</strong></span> <span class='ocrx_word' id='word_1_724' title='bbox 1928 2001 2068 2032; x_wconf 86' lang='lat' dir='ltr'><strong>mentes</strong></span> <span class='ocrx_word' id='word_1_725' title='bbox 2097 1995 2268 2043; x_wconf 83' lang='lat' dir='ltr'><strong>futuras,</strong></span> <span class='ocrx_word' id='word_1_726' title='bbox 2314 1996 2348 2032; x_wconf 73' lang='lat'><strong>8&lt;</strong></span> <span class='ocrx_word' id='word_1_727' title='bbox 2377 2010 2455 2035; x_wconf 90' lang='lat' dir='ltr'><strong>ser-</strong></span> 
     </span>
     <span class='ocr_line' id='line_1_101' title="bbox 1340 2047 2455 2102; baseline 0.001 -18"><span class='ocrx_word' id='word_1_728' title='bbox 1340 2077 1368 2096; x_wconf 87' lang='lat'><strong>„</strong></span> <span class='ocrx_word' id='word_1_729' title='bbox 1401 2049 1543 2085; x_wconf 86' lang='lat' dir='ltr'><strong>vituros</strong></span> <span class='ocrx_word' id='word_1_730' title='bbox 1574 2048 1608 2083; x_wconf 88' lang='lat' dir='ltr'><strong>ei</strong></span> <span class='ocrx_word' id='word_1_731' title='bbox 1640 2060 1685 2084; x_wconf 66' lang='lat' dir='ltr'><strong>ex</strong></span> <span class='ocrx_word' id='word_1_732' title='bbox 1715 2048 1799 2085; x_wconf 87' lang='lat' dir='ltr'><strong>totis</strong></span> <span class='ocrx_word' id='word_1_733' title='bbox 1829 2047 2079 2098; x_wconf 84' lang='lat' dir='ltr'><strong>praecordiis,</strong></span> <span class='ocrx_word' id='word_1_734' title='bbox 2110 2048 2188 2087; x_wconf 88' lang='lat' dir='ltr'><strong>illis</strong></span> <span class='ocrx_word' id='word_1_735' title='bbox 2217 2048 2351 2088; x_wconf 81' lang='lat' dir='ltr'><strong>tribuit</strong></span> <span class='ocrx_word' id='word_1_736' title='bbox 2371 2065 2455 2102; x_wconf 79' lang='lat' dir='ltr'><strong>poe-</strong></span> 
     </span>
     <span class='ocr_line' id='line_1_102' title="bbox 1341 2100 2451 2149; baseline 0.004 -12"><span class='ocrx_word' id='word_1_737' title='bbox 1341 2130 1366 2149; x_wconf 87' lang='lat'><strong>„</strong></span> <span class='ocrx_word' id='word_1_738' title='bbox 1396 2101 1596 2138; x_wconf 79' lang='lat' dir='ltr'><strong>nitentiain</strong></span> <span class='ocrx_word' id='word_1_739' title='bbox 1617 2103 1642 2122; x_wconf 71' lang='lat'><strong>‘⁶</strong></span> <span class='ocrx_word' id='word_1_740' title='bbox 1666 2127 1675 2137; x_wconf 94' lang='lat'><strong>.</strong></span> <span class='ocrx_word' id='word_1_741' title='bbox 1706 2100 1879 2139; x_wconf 87' lang='lat' dir='ltr'><strong>Secundo</strong></span> <span class='ocrx_word' id='word_1_742' title='bbox 1908 2101 1948 2140; x_wconf 90' lang='lat' dir='ltr'><strong>S.</strong></span> <span class='ocrx_word' id='word_1_743' title='bbox 1969 2101 2139 2140; x_wconf 81' lang='lat' dir='ltr'><strong>Justinus</strong></span> <span class='ocrx_word' id='word_1_744' title='bbox 2169 2101 2227 2140; x_wconf 89' lang='lat' dir='ltr'><strong>M.</strong></span> <span class='ocrx_word' id='word_1_745' title='bbox 2250 2103 2451 2143; x_wconf 81' lang='lat' dir='ltr'><strong>&#39;arbitratus</strong></span> 
     </span>
     <span class='ocr_line' id='line_1_103' title="bbox 1338 2153 2452 2206; baseline 0.004 -15"><span class='ocrx_word' id='word_1_746' title='bbox 1338 2164 1422 2202; x_wconf 84' lang='lat' dir='ltr'><strong>est,</strong></span> <span class='ocrx_word' id='word_1_747' title='bbox 1466 2156 1547 2192; x_wconf 90' lang='lat' dir='ltr'><strong>sine</strong></span> <span class='ocrx_word' id='word_1_748' title='bbox 1578 2153 1659 2191; x_wconf 78' lang='lat' dir='ltr'><strong>nlla</strong></span> <span class='ocrx_word' id='word_1_749' title='bbox 1688 2154 1802 2206; x_wconf 89' lang='lat' dir='ltr'><strong>plane</strong></span> <span class='ocrx_word' id='word_1_750' title='bbox 1829 2156 1950 2206; x_wconf 78' lang='lat' dir='ltr'><strong>gratia</strong></span> <span class='ocrx_word' id='word_1_751' title='bbox 1980 2168 2086 2206; x_wconf 87' lang='lat' dir='ltr'><strong>posse</strong></span> <span class='ocrx_word' id='word_1_752' title='bbox 2115 2153 2290 2194; x_wconf 88' lang='lat' dir='ltr'><strong>homines</strong></span> <span class='ocrx_word' id='word_1_753' title='bbox 2318 2167 2417 2195; x_wconf 89' lang='lat' dir='ltr'><strong>recte</strong></span> <span class='ocrx_word' id='word_1_754' title='bbox 2440 2189 2452 2206; x_wconf 92' lang='lat'>‚</span> 
     </span>
     <span class='ocr_line' id='line_1_104' title="bbox 1337 2206 2453 2261; baseline 0.004 -17"><span class='ocrx_word' id='word_1_755' title='bbox 1337 2206 1562 2259; x_wconf 83' lang='lat' dir='ltr'><strong>honesteque</strong></span> <span class='ocrx_word' id='word_1_756' title='bbox 1578 2209 1734 2254; x_wconf 82' lang='lat' dir='ltr'><strong>vivere3</strong></span> <span class='ocrx_word' id='word_1_757' title='bbox 1755 2210 1902 2246; x_wconf 86' lang='lat' dir='ltr'><strong>namin</strong></span> <span class='ocrx_word' id='word_1_758' title='bbox 1919 2207 2031 2260; x_wconf 73' lang='lat' dir='ltr'><strong>Apol.</strong></span> <span class='ocrx_word' id='word_1_759' title='bbox 2053 2208 2083 2247; x_wconf 91' lang='lat' dir='ltr'><strong>I.</strong></span> <span class='ocrx_word' id='word_1_760' title='bbox 2105 2209 2225 2261; x_wconf 85' lang='lat' dir='ltr'><strong>(alias</strong></span> <span class='ocrx_word' id='word_1_761' title='bbox 2241 2211 2289 2248; x_wconf 87' lang='grc' dir='ltr'><strong>ΙΙ.</strong></span> <span class='ocrx_word' id='word_1_762' title='bbox 2310 2224 2350 2249; x_wconf 87' lang='lat' dir='ltr'><strong>n.</strong></span> <span class='ocrx_word' id='word_1_763' title='bbox 2366 2210 2453 2260; x_wconf 73' lang='grc'><strong>46.)</strong></span> 
     </span>
     <span class='ocr_line' id='line_1_105' title="bbox 1339 2262 2453 2313; baseline 0.004 -16"><span class='ocrx_word' id='word_1_764' title='bbox 1339 2291 1365 2310; x_wconf 81' lang='lat'><strong>‚,</strong></span> <span class='ocrx_word' id='word_1_765' title='bbox 1395 2262 1672 2313; x_wconf 81' lang='lat' dir='ltr'><strong>Quicumque,</strong></span> <span class='ocrx_word' id='word_1_766' title='bbox 1703 2265 1785 2309; x_wconf 75' lang='lat' dir='ltr'><strong>uit,</strong></span> <span class='ocrx_word' id='word_1_767' title='bbox 1816 2275 1905 2299; x_wconf 88' lang='lat' dir='ltr'><strong>cnm</strong></span> <span class='ocrx_word' id='word_1_768' title='bbox 1937 2263 2106 2310; x_wconf 85' lang='lat' dir='ltr'><strong>ratione,</strong></span> <span class='ocrx_word' id='word_1_769' title='bbox 2136 2279 2180 2302; x_wconf 80' lang='lat' dir='ltr'><strong>ac</strong></span> <span class='ocrx_word' id='word_1_770' title='bbox 2211 2263 2327 2302; x_wconf 85' lang='lat' dir='ltr'><strong>verbo</strong></span> <span class='ocrx_word' id='word_1_771' title='bbox 2346 2267 2453 2302; x_wconf 85' lang='lat' dir='ltr'><strong>vixe—</strong></span> 
     </span>
     <span class='ocr_line' id='line_1_106' title="bbox 1338 2314 2454 2366; baseline 0.004 -14"><span class='ocrx_word' id='word_1_772' title='bbox 1338 2344 1364 2364; x_wconf 89' lang='lat'>„</span> <span class='ocrx_word' id='word_1_773' title='bbox 1394 2328 1434 2352; x_wconf 90' lang='lat' dir='ltr'><strong>re</strong></span> <span class='ocrx_word' id='word_1_774' title='bbox 1462 2314 1668 2353; x_wconf 73' lang='lat' dir='ltr'><strong>Christiani</strong></span> <span class='ocrx_word' id='word_1_775' title='bbox 1698 2324 1811 2363; x_wconf 86' lang='lat' dir='ltr'><strong>sunt,</strong></span> <span class='ocrx_word' id='word_1_776' title='bbox 1855 2318 2034 2366; x_wconf 85' lang='lat' dir='ltr'><strong>quamvis</strong></span> <span class='ocrx_word' id='word_1_777' title='bbox 2063 2314 2192 2364; x_wconf 84' lang='lat' dir='ltr'><strong>athei,</strong></span> <span class='ocrx_word' id='word_1_778' title='bbox 2236 2317 2270 2353; x_wconf 79' lang='lat'><strong>8&lt;</strong></span> <span class='ocrx_word' id='word_1_779' title='bbox 2308 2318 2454 2358; x_wconf 80' lang='lat' dir='ltr'><strong>nullius</strong></span> 
     </span>
     <span class='ocr_line' id='line_1_107' title="bbox 1338 2367 2451 2420; baseline 0.002 -14"><span class='ocrx_word' id='word_1_780' title='bbox 1338 2398 1364 2417; x_wconf 87' lang='lat'><strong>„</strong></span> <span class='ocrx_word' id='word_1_781' title='bbox 1397 2370 1551 2407; x_wconf 83' lang='lat' dir='ltr'><strong>numini</strong></span> <span class='ocrx_word' id='word_1_782' title='bbox 1581 2368 1742 2405; x_wconf 87' lang='lat' dir='ltr'><strong>cultores</strong></span> <span class='ocrx_word' id='word_1_783' title='bbox 1774 2367 1894 2405; x_wconf 87' lang='lat' dir='ltr'><strong>habiti</strong></span> <span class='ocrx_word' id='word_1_784' title='bbox 1924 2377 2033 2413; x_wconf 82' lang='lat' dir='ltr'><strong>snnt3</strong></span> <span class='ocrx_word' id='word_1_785' title='bbox 2062 2368 2194 2420; x_wconf 84' lang='lat' dir='ltr'><strong>quales</strong></span> <span class='ocrx_word' id='word_1_786' title='bbox 2223 2370 2320 2408; x_wconf 86' lang='lat' dir='ltr'><strong>inter</strong></span> <span class='ocrx_word' id='word_1_787' title='bbox 2339 2371 2451 2408; x_wconf 85' lang='lat' dir='ltr'><strong>Grae-</strong></span> 
     </span>
     <span class='ocr_line' id='line_1_108' title="bbox 1337 2421 2453 2475; baseline 0.003 -15"><span class='ocrx_word' id='word_1_788' title='bbox 1337 2452 1364 2470; x_wconf 88' lang='lat'><strong>„</strong></span> <span class='ocrx_word' id='word_1_789' title='bbox 1397 2435 1458 2460; x_wconf 89' lang='lat' dir='ltr'><strong>eos</strong></span> <span class='ocrx_word' id='word_1_790' title='bbox 1488 2422 1594 2459; x_wconf 84' lang='lat' dir='ltr'><strong>fuere</strong></span> <span class='ocrx_word' id='word_1_791' title='bbox 1625 2421 1821 2468; x_wconf 85' lang='lat' dir='ltr'><strong>Socrates,</strong></span> <span class='ocrx_word' id='word_1_792' title='bbox 1854 2421 2092 2467; x_wconf 81' lang='lat' dir='ltr'><strong>Heraclitus,</strong></span> <span class='ocrx_word' id='word_1_793' title='bbox 2131 2431 2244 2475; x_wconf 87' lang='lat' dir='ltr'><strong>atque</strong></span> <span class='ocrx_word' id='word_1_794' title='bbox 2272 2423 2318 2461; x_wconf 82' lang='lat' dir='ltr'><strong>iis</strong></span> <span class='ocrx_word' id='word_1_795' title='bbox 2346 2424 2453 2463; x_wconf 88' lang='lat' dir='ltr'><strong>simi-</strong></span> 
     </span>
     <span class='ocr_line' id='line_1_109' title="bbox 1339 2473 2453 2526; baseline 0.004 -14"><span class='ocrx_word' id='word_1_796' title='bbox 1339 2505 1366 2523; x_wconf 80' lang='lat'><strong>„</strong></span> <span class='ocrx_word' id='word_1_797' title='bbox 1397 2475 1449 2512; x_wconf 84' lang='lat' dir='ltr'><strong>les</strong></span> <span class='ocrx_word' id='word_1_798' title='bbox 1481 2475 1544 2526; x_wconf 73' lang='lat' dir='ltr'><strong>(a)</strong></span> <span class='ocrx_word' id='word_1_799' title='bbox 1568 2478 1592 2496; x_wconf 85' lang='lat'><strong>“</strong></span> <span class='ocrx_word' id='word_1_800' title='bbox 1611 2501 1621 2512; x_wconf 93' lang='lat'><strong>.</strong></span> <span class='ocrx_word' id='word_1_801' title='bbox 1661 2475 1791 2511; x_wconf 76' lang='lat' dir='ltr'><strong>&#39;I&#39;ertio</strong></span> <span class='ocrx_word' id='word_1_802' title='bbox 1819 2473 1995 2512; x_wconf 85' lang='lat' dir='ltr'><strong>Clemens</strong></span> <span class='ocrx_word' id='word_1_803' title='bbox 2024 2473 2136 2514; x_wconf 83' lang='lat' dir='ltr'><strong>Alex.</strong></span> <span class='ocrx_word' id='word_1_804' title='bbox 2168 2477 2282 2514; x_wconf 78' lang='lat' dir='ltr'><strong>fuisse</strong></span> <span class='ocrx_word' id='word_1_805' title='bbox 2311 2487 2453 2516; x_wconf 84' lang='lat' dir='ltr'><strong>veteres</strong></span> 
     </span>
     <span class='ocr_line' id='line_1_110' title="bbox 1336 2526 2450 2580; baseline 0.004 -15"><span class='ocrx_word' id='word_1_806' title='bbox 1336 2527 1583 2580; x_wconf 75' lang='lat' dir='ltr'><strong>philosophos</strong></span> <span class='ocrx_word' id='word_1_807' title='bbox 1613 2543 1634 2566; x_wconf 89' lang='lat' dir='ltr'><strong>a</strong></span> <span class='ocrx_word' id='word_1_808' title='bbox 1655 2526 1900 2578; x_wconf 82' lang='lat' dir='ltr'><strong>Philosophia</strong></span> <span class='ocrx_word' id='word_1_809' title='bbox 1928 2526 2150 2577; x_wconf 84' lang='lat' dir='ltr'><strong>justificatos</strong></span> <span class='ocrx_word' id='word_1_810' title='bbox 2167 2557 2178 2575; x_wconf 87' lang='lat'><strong>,</strong></span> <span class='ocrx_word' id='word_1_811' title='bbox 2207 2526 2339 2568; x_wconf 70' lang='lat' dir='ltr'><strong>scribii</strong></span> <span class='ocrx_word' id='word_1_812' title='bbox 2358 2531 2450 2569; x_wconf 86' lang='lat' dir='ltr'><strong>Lib.</strong></span> 
     </span>
     <span class='ocr_line' id='line_1_111' title="bbox 1334 2579 2450 2633; baseline 0.001 -13"><span class='ocrx_word' id='word_1_813' title='bbox 1334 2583 1364 2621; x_wconf 93' lang='lat' dir='ltr'><strong>I.</strong></span> <span class='ocrx_word' id='word_1_814' title='bbox 1395 2582 1673 2627; x_wconf 78' lang='lat' dir='ltr'><strong>Stromatum3</strong></span> <span class='ocrx_word' id='word_1_815' title='bbox 1704 2581 1737 2617; x_wconf 85' lang='lat'>&amp;</span> <span class='ocrx_word' id='word_1_816' title='bbox 1768 2581 1857 2620; x_wconf 87' lang='lat' dir='ltr'><strong>Lib.</strong></span> <span class='ocrx_word' id='word_1_817' title='bbox 1889 2581 2017 2618; x_wconf 77' lang='lat' dir='ltr'><strong>V11.“</strong></span> <span class='ocrx_word' id='word_1_818' title='bbox 2061 2579 2308 2633; x_wconf 82' lang='lat' dir='ltr'><strong>Philosophia</strong></span> <span class='ocrx_word' id='word_1_819' title='bbox 2337 2584 2450 2621; x_wconf 77' lang='lat' dir='ltr'><strong>Grae-</strong></span> 
     </span>
     <span class='ocr_line' id='line_1_112' title="bbox 1336 2633 2451 2687; baseline 0.001 -13"><span class='ocrx_word' id='word_1_820' title='bbox 1336 2666 1361 2685; x_wconf 87' lang='lat'><strong>„</strong></span> <span class='ocrx_word' id='word_1_821' title='bbox 1392 2651 1463 2684; x_wconf 86' lang='lat' dir='ltr'><strong>ca,</strong></span> <span class='ocrx_word' id='word_1_822' title='bbox 1492 2640 1636 2686; x_wconf 77' lang='lat' dir='ltr'><strong>inquit,</strong></span> <span class='ocrx_word' id='word_1_823' title='bbox 1667 2635 1771 2673; x_wconf 88' lang='lat' dir='ltr'><strong>velut</strong></span> <span class='ocrx_word' id='word_1_824' title='bbox 1801 2643 2019 2687; x_wconf 79' lang='lat' dir='ltr'><strong>praepurgat</strong></span> <span class='ocrx_word' id='word_1_825' title='bbox 2039 2663 2050 2682; x_wconf 85' lang='lat'><strong>,</strong></span> <span class='ocrx_word' id='word_1_826' title='bbox 2082 2633 2115 2669; x_wconf 75' lang='lat'><strong>8&lt;</strong></span> <span class='ocrx_word' id='word_1_827' title='bbox 2145 2645 2341 2687; x_wconf 81' lang='lat' dir='ltr'><strong>praeparat</strong></span> <span class='ocrx_word' id='word_1_828' title='bbox 2365 2638 2451 2674; x_wconf 87' lang='lat' dir='ltr'><strong>ani-</strong></span> 
     </span>
     <span class='ocr_line' id='line_1_113' title="bbox 1336 2687 2450 2740; baseline 0.001 -13"><span class='ocrx_word' id='word_1_829' title='bbox 1336 2719 1363 2739; x_wconf 89' lang='lat'><strong>„</strong></span> <span class='ocrx_word' id='word_1_830' title='bbox 1395 2705 1499 2728; x_wconf 79' lang='lat' dir='ltr'><strong>mam</strong></span> <span class='ocrx_word' id='word_1_831' title='bbox 1529 2690 1575 2726; x_wconf 91' lang='lat' dir='ltr'><strong>ad</strong></span> <span class='ocrx_word' id='word_1_832' title='bbox 1607 2690 1724 2727; x_wconf 86' lang='lat' dir='ltr'><strong>fidem</strong></span> <span class='ocrx_word' id='word_1_833' title='bbox 1755 2687 2042 2739; x_wconf 86' lang='lat' dir='ltr'><strong>accipiendam,</strong></span> <span class='ocrx_word' id='word_1_834' title='bbox 2072 2701 2187 2739; x_wconf 82' lang='lat' dir='ltr'><strong>supra</strong></span> <span class='ocrx_word' id='word_1_835' title='bbox 2215 2703 2333 2740; x_wconf 87' lang='lat' dir='ltr'><strong>quam</strong></span> <span class='ocrx_word' id='word_1_836' title='bbox 2351 2692 2450 2729; x_wconf 81' lang='lat' dir='ltr'><strong>veri-</strong></span> 
     </span>
     <span class='ocr_line' id='line_1_114' title="bbox 1335 2741 2450 2794; baseline 0.002 -14"><span class='ocrx_word' id='word_1_837' title='bbox 1335 2773 1362 2791; x_wconf 85' lang='lat'>„</span> <span class='ocrx_word' id='word_1_838' title='bbox 1393 2752 1446 2781; x_wconf 86' lang='lat' dir='ltr'><strong>tas</strong></span> <span class='ocrx_word' id='word_1_839' title='bbox 1475 2744 1730 2794; x_wconf 84' lang='lat' dir='ltr'><strong>cognitionem</strong></span> <span class='ocrx_word' id='word_1_840' title='bbox 1761 2741 1967 2780; x_wconf 76' lang='lat' dir='ltr'><strong>aedificat“</strong></span> <span class='ocrx_word' id='word_1_841' title='bbox 1986 2767 1995 2779; x_wconf 88' lang='lat'><strong>.</strong></span> <span class='ocrx_word' id='word_1_842' title='bbox 2040 2741 2186 2788; x_wconf 85' lang='lat' dir='ltr'><strong>Quarto</strong></span> <span class='ocrx_word' id='word_1_843' title='bbox 2214 2742 2255 2780; x_wconf 88' lang='lat' dir='ltr'><strong>S.</strong></span> <span class='ocrx_word' id='word_1_844' title='bbox 2286 2743 2450 2782; x_wconf 84' lang='lat' dir='ltr'><strong>Ambro-</strong></span> 
     </span>
     <span class='ocr_line' id='line_1_115' title="bbox 1335 2792 2450 2846; baseline 0 -12"><span class='ocrx_word' id='word_1_845' title='bbox 1335 2798 1412 2835; x_wconf 86' lang='lat' dir='ltr'><strong>sius</strong></span> <span class='ocrx_word' id='word_1_846' title='bbox 1441 2799 1478 2834; x_wconf 91' lang='lat' dir='ltr'><strong>in</strong></span> <span class='ocrx_word' id='word_1_847' title='bbox 1508 2797 1656 2835; x_wconf 84' lang='lat' dir='ltr'><strong>Lucam</strong></span> <span class='ocrx_word' id='word_1_848' title='bbox 1685 2796 1773 2834; x_wconf 90' lang='lat' dir='ltr'><strong>Lib.</strong></span> <span class='ocrx_word' id='word_1_849' title='bbox 1791 2793 1860 2832; x_wconf 86' lang='lat' dir='ltr'><strong>IX·</strong></span> <span class='ocrx_word' id='word_1_850' title='bbox 1891 2795 1944 2831; x_wconf 87' lang='lat' dir='ltr'><strong>sic</strong></span> <span class='ocrx_word' id='word_1_851' title='bbox 1973 2792 2166 2846; x_wconf 83' lang='lat' dir='ltr'><strong>loquitur:</strong></span> <span class='ocrx_word' id='word_1_852' title='bbox 2214 2794 2310 2833; x_wconf 86' lang='lat' dir='ltr'><strong>Non</strong></span> <span class='ocrx_word' id='word_1_853' title='bbox 2339 2801 2450 2835; x_wconf 84' lang='lat' dir='ltr'><strong>enim.</strong></span> 
     </span>
     <span class='ocr_line' id='line_1_116' title="bbox 1335 2845 2449 2899; baseline 0.001 -12"><span class='ocrx_word' id='word_1_854' title='bbox 1335 2849 1615 2889; x_wconf 70' lang='lat' dir='ltr'><strong>dormientibus</strong></span> <span class='ocrx_word' id='word_1_855' title='bbox 1644 2849 1776 2887; x_wconf 67' lang='lat' dir='ltr'><strong>divina,</strong></span> <span class='ocrx_word' id='word_1_856' title='bbox 1805 2845 2000 2899; x_wconf 81' lang='lat' dir='ltr'><strong>beneficia</strong></span> <span class='ocrx_word' id='word_1_857' title='bbox 2018 2878 2028 2896; x_wconf 84' lang='lat'><strong>,</strong></span> <span class='ocrx_word' id='word_1_858' title='bbox 2058 2849 2128 2887; x_wconf 75' lang='lat' dir='ltr'><strong>secl</strong></span> <span class='ocrx_word' id='word_1_859' title='bbox 2156 2848 2449 2889; x_wconf 70' lang='lat' dir='ltr'><strong>observantibus</strong></span> 
     </span>
     <span class='ocr_line' id='line_1_117' title="bbox 1335 2899 2450 2956; baseline 0.002 -16"><span class='ocrx_word' id='word_1_860' title='bbox 1335 2903 1600 2956; x_wconf 66' lang='lat' dir='ltr'><strong>‹leseruntur;</strong></span> <span class='ocrx_word' id='word_1_861' title='bbox 1630 2899 1791 2939; x_wconf 57' lang='lat' dir='ltr'><strong>&amp;J..V.</strong></span> <span class='ocrx_word' id='word_1_862' title='bbox 1823 2900 2092 2939; x_wconf 70' lang='lat' dir='ltr'><strong>Hexameron</strong></span> <span class='ocrx_word' id='word_1_863' title='bbox 2122 2918 2207 2954; x_wconf 87' lang='lat' dir='ltr'><strong>cap.</strong></span> <span class='ocrx_word' id='word_1_864' title='bbox 2227 2903 2290 2949; x_wconf 69' lang='lat'><strong>24.</strong></span> <span class='ocrx_word' id='word_1_865' title='bbox 2320 2903 2366 2942; x_wconf 87' lang='lat' dir='ltr'><strong>de</strong></span> <span class='ocrx_word' id='word_1_866' title='bbox 2381 2903 2450 2943; x_wconf 83' lang='lat' dir='ltr'><strong>Pe-</strong></span> 
     </span>
     <span class='ocr_line' id='line_1_118' title="bbox 1334 2954 2450 3010; baseline 0 -14"><span class='ocrx_word' id='word_1_867' title='bbox 1334 2966 1391 2996; x_wconf 78' lang='lat' dir='ltr'><strong>tro</strong></span> <span class='ocrx_word' id='word_1_868' title='bbox 1419 2967 1500 3010; x_wconf 88' lang='lat' dir='ltr'><strong>post</strong></span> <span class='ocrx_word' id='word_1_869' title='bbox 1527 2957 1763 3006; x_wconf 82' lang='lat' dir='ltr'><strong>negationem</strong></span> <span class='ocrx_word' id='word_1_870' title='bbox 1794 2955 1936 3006; x_wconf 89' lang='lat' dir='ltr'><strong>inquit:</strong></span> <span class='ocrx_word' id='word_1_871' title='bbox 1970 2954 2080 2994; x_wconf 69' lang='lat' dir='ltr'><strong>Idem</strong></span> <span class='ocrx_word' id='word_1_872' title='bbox 2095 2965 2235 2994; x_wconf 82' lang='lat' dir='ltr'><strong>tamen</strong></span> <span class='ocrx_word' id='word_1_873' title='bbox 2255 2966 2342 3007; x_wconf 83' lang='lat' dir='ltr'><strong>post</strong></span> <span class='ocrx_word' id='word_1_874' title='bbox 2359 2958 2450 3010; x_wconf 82' lang='lat' dir='ltr'><strong>gal-</strong></span> 
     </span>
     <span class='ocr_line' id='line_1_119' title="bbox 1334 3008 2449 3062; baseline -0.001 -12"><span class='ocrx_word' id='word_1_875' title='bbox 1334 3011 1362 3050; x_wconf 83' lang='lat' dir='ltr'><strong>li</strong></span> <span class='ocrx_word' id='word_1_876' title='bbox 1391 3020 1555 3049; x_wconf 75' lang='lat' dir='ltr'><strong>cantum</strong></span> <span class='ocrx_word' id='word_1_877' title='bbox 1570 3008 1720 3060; x_wconf 80' lang='lat' dir='ltr'><strong>fortior</strong></span> <span class='ocrx_word' id='word_1_878' title='bbox 1738 3037 1748 3055; x_wconf 85' lang='lat'><strong>,</strong></span> <span class='ocrx_word' id='word_1_879' title='bbox 1777 3010 1826 3048; x_wconf 71' lang='lat'><strong>&lt;9¹</strong></span> <span class='ocrx_word' id='word_1_880' title='bbox 1850 3009 1946 3059; x_wconf 78' lang='lat' dir='ltr'><strong>jam</strong></span> <span class='ocrx_word' id='word_1_881' title='bbox 1967 3008 2107 3062; x_wconf 73' lang='lat' dir='ltr'><strong>dignus</strong></span> <span class='ocrx_word' id='word_1_882' title='bbox 2131 3023 2249 3061; x_wconf 80' lang='lat' dir='ltr'><strong>quem</strong></span> <span class='ocrx_word' id='word_1_883' title='bbox 2274 3010 2449 3049; x_wconf 76' lang='lat' dir='ltr'><strong>Christus</strong></span> 
     </span>
     <span class='ocr_line' id='line_1_120' title="bbox 1334 3061 2449 3116; baseline 0 -14"><span class='ocrx_word' id='word_1_884' title='bbox 1334 3067 1531 3115; x_wconf 83' lang='lat' dir='ltr'><strong>aspiciat.</strong></span> <span class='ocrx_word' id='word_1_885' title='bbox 1574 3063 1630 3100; x_wconf 83' lang='lat' dir='ltr'><strong>Ac</strong></span> <span class='ocrx_word' id='word_1_886' title='bbox 1659 3061 1815 3099; x_wconf 83' lang='lat' dir='ltr'><strong>demum</strong></span> <span class='ocrx_word' id='word_1_887' title='bbox 1845 3063 1883 3100; x_wconf 90' lang='lat' dir='ltr'><strong>in</strong></span> <span class='ocrx_word' id='word_1_888' title='bbox 1913 3064 2078 3102; x_wconf 87' lang='lat' dir='ltr'><strong>secunda</strong></span> <span class='ocrx_word' id='word_1_889' title='bbox 2107 3064 2292 3116; x_wconf 79' lang='lat' dir='ltr'><strong>Apologia</strong></span> <span class='ocrx_word' id='word_1_890' title='bbox 2320 3063 2449 3102; x_wconf 88' lang='lat' dir='ltr'><strong>David</strong></span> 
     </span>
     <span class='ocr_line' id='line_1_121' title="bbox 1335 3114 2450 3171; baseline -0.002 -14"><span class='ocrx_word' id='word_1_891' title='bbox 1335 3132 1419 3171; x_wconf 87' lang='lat' dir='ltr'><strong>cap.</strong></span> <span class='ocrx_word' id='word_1_892' title='bbox 1441 3131 1500 3156; x_wconf 83' lang='grc' dir='ltr'><strong>ιι.</strong></span> <span class='ocrx_word' id='word_1_893' title='bbox 1517 3144 1543 3166; x_wconf 77' lang='lat'><strong>,‚</strong></span> <span class='ocrx_word' id='word_1_894' title='bbox 1572 3114 1746 3154; x_wconf 86' lang='lat' dir='ltr'><strong>Ecclesia</strong></span> <span class='ocrx_word' id='word_1_895' title='bbox 1760 3119 1885 3168; x_wconf 79' lang='lat' dir='ltr'><strong>inquit</strong></span> <span class='ocrx_word' id='word_1_896' title='bbox 1899 3146 1912 3165; x_wconf 81' lang='lat'><strong>,</strong></span> <span class='ocrx_word' id='word_1_897' title='bbox 1944 3118 2083 3156; x_wconf 86' lang='lat' dir='ltr'><strong>meruit</strong></span> <span class='ocrx_word' id='word_1_898' title='bbox 2110 3118 2272 3169; x_wconf 80' lang='lat' dir='ltr'><strong>gratiam</strong></span> <span class='ocrx_word' id='word_1_899' title='bbox 2293 3130 2314 3154; x_wconf 85' lang='lat' dir='ltr'><strong>a</strong></span> <span class='ocrx_word' id='word_1_900' title='bbox 2334 3115 2450 3155; x_wconf 84' lang='lat' dir='ltr'><strong>Chri-</strong></span> 
     </span>
    </p>

    <p class='ocr_par' dir='ltr' id='par_1_15' title="bbox 2338 3179 2393 3208">
     <span class='ocr_line' id='line_1_122' title="bbox 2338 3179 2393 3208; baseline -0.018 0"><span class='ocrx_word' id='word_1_901' title='bbox 2338 3179 2393 3208; x_wconf 62' lang='lat'><strong>520</strong></span> 
     </span>
    </p>
   </div>
   <div class='ocr_carea' id='block_1_10' title="bbox 1335 3252 2450 3487">
    <p class='ocr_par' dir='ltr' id='par_1_16' title="bbox 1335 3252 2450 3487">
     <span class='ocr_line' id='line_1_123' title="bbox 1337 3252 2450 3299; baseline -0.003 -9"><span class='ocrx_word' id='word_1_902' title='bbox 1337 3266 1433 3290; x_wconf 87' lang='lat' dir='ltr'><strong>mum</strong></span> <span class='ocrx_word' id='word_1_903' title='bbox 1458 3254 1645 3299; x_wconf 79' lang='lat' dir='ltr'><strong>propensi,</strong></span> <span class='ocrx_word' id='word_1_904' title='bbox 1671 3253 1789 3288; x_wconf 84' lang='lat' dir='ltr'><strong>eodem</strong></span> <span class='ocrx_word' id='word_1_905' title='bbox 1815 3254 1902 3286; x_wconf 83' lang='lat' dir='ltr'><strong>mire</strong></span> <span class='ocrx_word' id='word_1_906' title='bbox 1930 3253 2148 3298; x_wconf 72' lang='lat' dir='ltr'><strong>triumphant</strong></span> <span class='ocrx_word' id='word_1_907' title='bbox 2167 3275 2175 3283; x_wconf 86' lang='lat'><strong>.</strong></span> <span class='ocrx_word' id='word_1_908' title='bbox 2216 3252 2336 3285; x_wconf 73' lang='lat' dir='ltr'><strong>Solent</strong></span> <span class='ocrx_word' id='word_1_909' title='bbox 2365 3253 2450 3287; x_wconf 86' lang='lat' dir='ltr'><strong>item</strong></span> 
     </span>
     <span class='ocr_line' id='line_1_124' title="bbox 1336 3298 2449 3348; baseline -0.004 -14"><span class='ocrx_word' id='word_1_910' title='bbox 1336 3304 1436 3348; x_wconf 83' lang='lat' dir='ltr'><strong>plura</strong></span> <span class='ocrx_word' id='word_1_911' title='bbox 1456 3302 1530 3334; x_wconf 80' lang='lat' dir='ltr'><strong>loca</strong></span> <span class='ocrx_word' id='word_1_912' title='bbox 1548 3313 1587 3334; x_wconf 80' lang='lat' dir='ltr'><strong>ex</strong></span> <span class='ocrx_word' id='word_1_913' title='bbox 1605 3302 1731 3334; x_wconf 76' lang='lat' dir='ltr'><strong>Sancto</strong></span> <span class='ocrx_word' id='word_1_914' title='bbox 1748 3301 1888 3333; x_wconf 72' lang='lat' dir='ltr'><strong>Justino</strong></span> <span class='ocrx_word' id='word_1_915' title='bbox 1906 3301 2006 3334; x_wconf 74' lang='lat' dir='ltr'><strong>citari</strong></span> <span class='ocrx_word' id='word_1_916' title='bbox 2025 3300 2228 3344; x_wconf 78' lang='lat' dir='ltr'><strong>deprompta</strong></span> <span class='ocrx_word' id='word_1_917' title='bbox 2250 3310 2289 3331; x_wconf 73' lang='lat' dir='ltr'><strong>ex</strong></span> <span class='ocrx_word' id='word_1_918' title='bbox 2307 3298 2449 3342; x_wconf 47' lang='grc' dir='ltr'><strong>φακῇ,</strong></span> 
     </span>
     <span class='ocr_line' id='line_1_125' title="bbox 1335 3344 2448 3391; baseline -0.003 -9"><span class='ocrx_word' id='word_1_919' title='bbox 1335 3353 1378 3382; x_wconf 70' lang='lat'><strong>&lt;9¹</strong></span> <span class='ocrx_word' id='word_1_920' title='bbox 1403 3360 1555 3391; x_wconf 79' lang='lat' dir='ltr'><strong>respons.</strong></span> <span class='ocrx_word' id='word_1_921' title='bbox 1583 3350 1628 3381; x_wconf 81' lang='lat' dir='ltr'><strong>acl</strong></span> <span class='ocrx_word' id='word_1_922' title='bbox 1653 3347 1888 3386; x_wconf 71' lang='lat' dir='ltr'><strong>orthodoxos,</strong></span> <span class='ocrx_word' id='word_1_923' title='bbox 1915 3346 1972 3380; x_wconf 85' lang='lat' dir='ltr'><strong>sed</strong></span> <span class='ocrx_word' id='word_1_924' title='bbox 1999 3355 2134 3380; x_wconf 83' lang='lat' dir='ltr'><strong>certum</strong></span> <span class='ocrx_word' id='word_1_925' title='bbox 2158 3344 2260 3377; x_wconf 83' lang='lat' dir='ltr'><strong>modo</strong></span> <span class='ocrx_word' id='word_1_926' title='bbox 2278 3346 2448 3379; x_wconf 82' lang='lat' dir='ltr'><strong>&#39;omnibns</strong></span> 
     </span>
     <span class='ocr_line' id='line_1_126' title="bbox 1335 3391 2448 3439; baseline -0.004 -11"><span class='ocrx_word' id='word_1_927' title='bbox 1335 3404 1410 3433; x_wconf 77' lang='lat' dir='ltr'><strong>est,</strong></span> <span class='ocrx_word' id='word_1_928' title='bbox 1435 3407 1520 3439; x_wconf 86' lang='lat' dir='ltr'><strong>opus</strong></span> <span class='ocrx_word' id='word_1_929' title='bbox 1550 3393 1637 3427; x_wconf 87' lang='lat' dir='ltr'><strong>illud</strong></span> <span class='ocrx_word' id='word_1_930' title='bbox 1663 3395 1815 3427; x_wconf 82' lang='lat' dir='ltr'><strong>auctoris</strong></span> <span class='ocrx_word' id='word_1_931' title='bbox 1843 3405 1915 3426; x_wconf 76' lang='lat' dir='ltr'><strong>esse</strong></span> <span class='ocrx_word' id='word_1_932' title='bbox 1944 3392 2146 3437; x_wconf 69' lang='lat' dir='ltr'><strong>pelagiani.</strong></span> <span class='ocrx_word' id='word_1_933' title='bbox 2175 3392 2302 3426; x_wconf 85' lang='lat' dir='ltr'><strong>Confer</strong></span> <span class='ocrx_word' id='word_1_934' title='bbox 2329 3391 2448 3425; x_wconf 81' lang='lat' dir='ltr'><strong>admo-</strong></span> 
     </span>
     <span class='ocr_line' id='line_1_127' title="bbox 1336 3439 1967 3487; baseline -0.006 -11"><span class='ocrx_word' id='word_1_935' title='bbox 1336 3442 1401 3476; x_wconf 85' lang='lat' dir='ltr'><strong>nit.</strong></span> <span class='ocrx_word' id='word_1_936' title='bbox 1425 3441 1594 3487; x_wconf 60' lang='lat' dir='ltr'><strong>praeviam</strong></span> <span class='ocrx_word' id='word_1_937' title='bbox 1618 3439 1762 3475; x_wconf 84' lang='lat' dir='ltr'><strong>editoris</strong></span> <span class='ocrx_word' id='word_1_938' title='bbox 1788 3440 1943 3474; x_wconf 82' lang='lat' dir='ltr'><strong>Maurini</strong></span> <span class='ocrx_word' id='word_1_939' title='bbox 1959 3461 1967 3471; x_wconf 88' lang='lat'><strong>.</strong></span> 
     </span>
    </p>
   </div>
  </div>
 </body>
</html>
