2562 3694
0 2984 7 3061 ⁴0³„-

784 152 1165 198 REFELLITUR
1199 151 1673 195 PROBABILISMUS
1689 182 1700 194 .
2277 157 2325 196 61

99 251 167 292 per
195 237 268 277 sibi
297 236 507 289 eligendam
536 246 616 272 esse
645 231 894 279 arbitrantes,
924 234 1036 270 etiam
1057 233 1208 283 quando

101 292 179 330 alia
209 301 260 331 est
286 291 440 328 omniuo
469 295 574 325 tuta:
617 287 715 325 unde
744 286 961 324 concludit:
1009 299 1088 322 non
1117 298 1212 336 ergo

101 344 151 383 de
179 346 414 383 necessitate
442 349 592 390 oportet
619 343 802 378 tutiorem
840 339 983 391 eligere
1000 369 1010 386 ‚
1053 337 1212 387 quanio

99 401 224 435 etiam
251 395 336 432 alta
365 399 428 432 via.
457 403 515 432 est
544 402 654 437 tuta,-
697 393 730 429 ἃ
761 402 865 430 antea
895 393 1061 430 dixerat:
1106 392 1212 428 altas

96 456 274 497 oportet,
318 448 459 486 multos
487 447 641 499 ingredi
673 445 946 496 Religionem,
977 449 1016 481 in
1045 459 1124 495 qua
1153 453 1211 480 tu-

95 505 174 539 tius
202 504 356 548 vivitur,
385 514 509 551 quam
539 504 578 537 in
607 500 781 538 soeculo.
812 499 884 537 Sed
913 498 1064 550 quando
1090 499 1214 549 agitur

95 554 144 593 de
173 556 272 593 veris
299 554 455 602 dubiis,
498 553 539 592 S.
569 555 778 592 Antoninus
808 551 979 602 regulam
1010 550 1107 590 lianc
1136 565 1214 588 esse

98 609 282 660 praecepti
312 621 486 659 expresse
514 608 644 646 asserit
675 605 822 645 vid.‘n.
848 605 910 642 58.
942 605 983 642 lu
1011 603 1130 642 altero
1144 617 1212 641 au-

98 669 175 698 tem
203 660 287 698 loco
314 661 355 699 S.
386 660 530 698 Praesul
561 661 640 699 fere
676 659 852 698 eumdem
892 657 1005 695 babet
1033 671 1213 703 sensum;

84 727 236 765 nempe
265 728 353 752 cum
396 713 518 766 aliqui
558 712 798 765 probabilius
842 719 1042 764 putarent,
1091 713 1213 747 nescio

99 781 217 819 quem
256 776 491 805 contractum
522 780 599 805 esse
641 766 819 812 licitum,
861 763 911 801 ab
940 777 985 801 eo
1027 763 1216 801 abstinere

98 820 351 868 recusabant,
395 820 578 858 dicentes:
626 832 704 856 non
733 818 781 855 tle
809 817 949 854 salutis
978 820 1216 854 necessitate

100 873 174 911 ἃς.
203 882 240 912 at
270 887 358 911 vero
386 886 460 911 non
486 872 655 910 obstante
683 870 821 921 majori
852 869 919 908 illa
948 868 1217 921 probabilitate

99 925 142 964 S.
174 927 386 965 Antoninus
413 940 436 964 a
464 934 655 964 contractu
686 933 724 961 ut
753 923 1009 970 abstinerent,
1040 921 1214 959 hortaba-

99 987 188 1026 tur,
217 980 370 1018 dicens:
401 977 621 1017 timentium
651 986 732 1025 est,
762 989 814 1014 ne
843 975 891 1013 ibt
919 980 967 1013 sit
988 974 1104 1025 culpa.
1125 1004 1136 1022 ,
1165 975 1215 1015 Φ

101 1032 188 1070 ideo
216 1033 376 1071 consulo
416 1029 728 1070 abstinendum.
776 1030 819 1067 ln
851 1028 909 1066 his
950 1027 1100 1066 casibus
1145 1030 1217 1065 uti-

98 1099 175 1137 que
204 1085 406 1124 consilium
437 1093 516 1132 est,
546 1097 619 1122 nou
640 1090 877 1135 praeceptum
908 1082 1009 1119 viam
1041 1082 1215 1118 tutiorem

96 1139 265 1191 eligere.
307 1137 399 1176 vid.
445 1137 572 1175 Petrus
613 1135 796 1174 Ballerini
827 1134 999 1173 Praelect.
1032 1135 1060 1171 1.
1104 1135 1142 1172 in
1173 1135 1215 1172 S.

97 1193 336 1230 Antoninum
366 1189 405 1242 ᾗ.
438 1205 474 1243 7.

149 1242 215 1282 6ι.
243 1243 357 1282 Prob.
399 1244 572 1283 secundo
609 1245 813 1297 propositio
854 1250 981 1281 nostra
1010 1255 1054 1280 ex
1083 1242 1213 1281 Sanct.

95 1296 336 1349 Augustino,
365 1300 434 1350 qui
464 1299 553 1337 Lib.
584 1299 613 1335 1.
643 1297 707 1336 De
736 1297 931 1347 brzptt'srno
959 1304 1100 1334 contra.
1130 1296 1213 1334 Do-

99 1355 276 1388 nauseas
317 1364 403 1402 cap.
434 1351 472 1390 5.
501 1353 779 1404 quaestionem,
823 1351 868 1387 de
910 1364 985 1401 qua
1032 1350 1211 1400 agimus,

98 1403 255 1440 totidem
285 1403 364 1440 fere
394 1404 518 1442 verbis
548 1406 756 1455 proponit.
794 1404 942 1451 Quaerit
973 1417 1135 1454 nempe,
1165 1418 1212 1440 an

95 1465 296 1507 peccaret,
333 1457 402 1508 qui
431 1457 663 1509 baptismum
695 1471 716 1494 a
745 1457 952 1494 Donatistis
1000 1458 1210 1507 reciperet,

97 1508 275 1546 dubitans
303 1508 406 1546 licite
436 1524 553 1548 necne
595 1510 665 1561 ipsi
695 1510 912 1561 baptizent,
961 1523 1050 1547 cum
1081 1519 1206 1547 tamen

94 1560 251 1599 aliunde
279 1574 348 1612 pro
375 1572 477 1600 certo
507 1561 664 1608 lrabeat,
694 1561 926 1612 itrEcclesia
948 1561 1142 1599 Catltolica
1165 1561 1210 1598 li-

95 1614 168 1651 cite
196 1614 429 1665 baptismum
453 1614 738 1652 administrari.
771 1613 1026 1652 Probabilista
1044 1644 1053 1660 ,
1086 1624 1124 1651 ut
1141 1628 1210 1665 pu-

93 1669 158 1714 to,
208 1669 284 1705 suis
314 1668 518 1719 principiis
557 1666 747 1705 inhaerens
791 1669 921 1718 utique
957 1668 1212 1714 concederet,

93 1732 170 1757 uon
199 1733 384 1770 peccare,
413 1722 479 1772 qui
501 1720 739 1758 aDonatistis
769 1720 1003 1771 baptismum
1033 1720 1212 1770 suscipit,

96 1771 350 1823 probabiliter
378 1773 550 1823 judicans
579 1786 640 1812 eos
669 1773 773 1810 licite
803 1774 1019 1824 baptizare,
1064 1787 1130 1810 nec
1161 1781 1212 1809 te-

93 1826 179 1864 neri
207 1824 404 1864 hominem
435 1828 474 1864 in
491 1826 664 1865 Ecclesia
683 1825 876 1864 Catliolica
896 1826 1130 1877 baptismum
1149 1839 1212 1864 su-

93 1880 268 1930 scipere,
314 1881 494 1930 quamvis
522 1880 559 1918 id
591 1881 704 1919 tutius
732 1889 850 1929 esset.
896 1880 941 1916 At
971 1892 1061 1916 vero
1098 1879 1209 1929 longe

93 1929 204 1969 aliter
233 1931 466 1983 Augustinus
493 1933 653 1972 definit.
675 1960 700 1981 „
722 1933 910 1980 Etiamsi,
957 1935 1081 1983 inquit
1098 1962 1109 1980 ‚
1139 1932 1209 1969 du-

82 2010 122 2032 -„
149 1984 261 2022 bium
291 1983 474 2034 haberet,
501 2000 586 2025 »non
616 1986 698 2025 illic
727 1996 827 2025 recte
855 1986 1008 2037 accipi,
1037 1985 1137 2037 quod
1168 1985 1209 2022 in

96 2066 123 2085 ‚,
150 2037 349 2076 catholica
379 2037 551 2078 Ecclesia
580 2041 834 2092 reetetaccipi
857 2046 1002 2077 certum
1033 2037 1208 2084 haberet,

99 2118 125 2137 ‚,
153 2092 317 2140 graviter
347 2102 518 2142 peccaret
549 2094 588 2130 in
631 2088 744 2131 rebus
772 2093 819 2130 ad
860 2091 1019 2129 salutem
1068 2092 1208 2128 auimae

97 2171 124 2190 „
155 2144 431 2192 pertinentibus
474 2145 533 2182 vel
564 2158 608 2182 eo
635 2145 740 2192 solo,
783 2146 885 2196 quod
914 2146 1024 2181 certis
1066 2145 1209 2180 incerta

97 2224 124 2242 „
154 2195 351 2246 praeferret
371 2199 397 2217 “
416 2222 426 2233 .
457 2197 568 2235 Hanc
597 2207 723 2235 autem
744 2197 785 2235 S.
804 2198 1003 2247 Augustini
1035 2196 1207 2247 regulam

96 2261 211 2285 nemo
240 2261 312 2286 non
342 2249 443 2286 videt
471 2263 561 2288 cum
592 2250 660 2288 illa
687 2251 845 2288 omniuo
868 2263 1061 2300 pugnare,
1090 2264 1208 2299 quam

95 2299 363 2338 Probabilistae
393 2300 587 2350 statuunt{=
623 2304 818 2350 diceutes,
862 2304 900 2340 in
933 2302 1044 2339 rebus
1073 2303 1117 2340 ad
1148 2317 1208 2340 sa-

96 2351 216 2391 lutem
246 2355 386 2393 auimae
417 2356 690 2406 pertinentibus
719 2369 823 2408 posse
840 2369 906 2393 nos
935 2355 1066 2392 relicta
1095 2357 1205 2394 tutio—

94 2419 161 2454 re,
191 2406 372 2456 dubiam,
403 2407 436 2442 &
466 2408 707 2460 probabilem
736 2410 958 2448 minionem
987 2409 1115 2460 sequi.

146 2459 214 2499 62.
243 2459 332 2498 Duo
360 2469 466 2509 sunt,
496 2475 583 2514 quae
614 2464 660 2500 ad
691 2425 919 2500 eludendum
950 2470 1028 2499 tarn
1058 2461 1206 2500 illustre

91 2511 134 2552 S.
155 2515 212 2552 Au
243 2515 354 2552 ustini
384 2515 641 2554 testimonium
668 2516 873 2554 adversarii
891 2524 1100 2567 reponuut;
1129 2521 1206 2567 pri-

92 2579 186 2615 mo,
215 2592 221 2602 .
245 2594 256 2604 .
274 2566 422 2606 Patrem
453 2567 558 2620 loqui
587 2570 634 2606 de
664 2568 818 2606 homine
846 2577 1024 2619 operante
1053 2582 1096 2605 ex
1118 2582 1206 2606 con-

91 2620 248 2658 scientia
278 2623 444 2673 practice
473 2621 619 2670 dubia,
649 2624 748 2675 quod
778 2631 880 2660 certe
909 2636 983 2659 uon
1003 2620 1116 2668 licet;
1145 2635 1206 2659 se-

90 2671 220 2711 cundo
260 2676 320 2725 agi
363 2674 426 2713 bic
461 2674 508 2712 de
537 2675 784 2714 Sacramento
827 2676 1092 2727 baptismatis,
1138 2675 1204 2714 ubi

90 2733 236 2763 certum
266 2735 349 2776 est,
378 2729 553 2767 tutiorem
583 2739 727 2782 partem
758 2743 836 2767 esse
864 2729 1123 2780 sequendam.

143 2777 210 2817 63.
240 2779 383 2819 Verum
427 2786 558 2821 neutra
605 2785 796 2835 responsio
825 2783 903 2819 vim
946 2783 1061 2820 nostri
1091 2795 1203 2832 argu-

89 2833 207 2870 menti
236 2832 360 2872 tollit.
403 2833 487 2873 Non
515 2840 670 2886 primo,
702 2850 788 2874 nam
819 2835 859 2873 S.
891 2834 930 2872 P.
960 2848 1033 2873 non
1062 2834 1200 2882 docet,

87 2898 194 2936 posse
222 2899 291 2925 nos
319 2901 363 2925 ex
393 2889 591 2941 principiis
620 2888 770 2928 reflexis
799 2889 962 2927 dubium
991 2889 1199 2938 deponere,

86 2940 217 2991 itaque
247 2942 469 2978 sententiam
501 2945 630 2981 minus
650 2953 770 2981 tutam
802 2943 968 2993 practice
983 2940 1199 2978 sinedubio

88 2992 269 3044 amplecti
288 3024 298 3041 ‚
328 2994 432 3046 quod
458 3004 534 3032 erat
552 2998 622 3047 ipsi
643 2997 847 3036 dicendum
866 3026 876 3043 ,
906 2997 1041 3034 sicum
1060 2994 1198 3031 Proba-

87 3044 226 3085 bilistis
254 3050 433 3094 sentiret5
476 3048 539 3086 sed
567 3062 641 3087 uon
670 3049 787 3087 aliam
819 3051 859 3087 in
887 3061 957 3098 e0,
987 3063 1030 3088 ae
1060 3047 1197 3086 simili-

139 3227 188 3263 (α)
213 3228 309 3264 Alius
345 3232 490 3277 insignis
530 3235 624 3268 locus
665 3242 717 3269 est
743 3236 778 3268 S.
805 3235 949 3269 'I'ltomae
988 3232 1198 3278 Quodlibeto

86 3268 181 3304 Vm.
218 3284 284 3327 art.-
313 3279 365 3311 13.
405 3278 446 3312 ad
474 3281 768 3316 Probabilismum
809 3280 1096 3328 explodendum3
1137 3282 1197 3319 sed

86 3329 166 3351 cum
196 3320 381 3374 longiorem
408 3329 558 3369 postulet
585 3330 854 3374 explicationem
871 3353 882 3371 ,
907 3341 984 3362 eum
1011 3329 1196 3361 brt-vitatis

84 3376 191 3400 causa
216 3369 421 3411 omisimus3
459 3373 568 3409 videri
596 3381 712 3410 autem
739 3385 851 3421 potest
890 3375 980 3420 apud
1007 3377 1198 3409 Contense-

1278 232 1348 268 bus
1378 230 1527 267 casibus
1556 233 1711 268 ostendit
1742 233 1841 269 viam
1861 262 1871 279 ,
1900 247 2016 283 quam
2049 242 2085 270 ut
2107 233 2278 270 tutiorem
2311 247 2390 270 seu-

1279 285 1433 321 tentiam
1466 297 1670 334 sequamur
1689 310 1698 320 .
1743 285 1820 321 Nec
1850 286 2054 329 secun‹l.r‚·
2100 301 2186 324 nain
2217 286 2270 323 ibi
2300 298 2390 324 con-

1281 337 1458 374 troversia
1490 351 1560 374 non
1594 346 1671 373 erat
1701 337 1746 372 de
1777 336 1904 373 valore
1936 337 2139 387 baptismi,
2173 348 2208 375 ut
2241 348 2390 390 propte·

1280 403 1343 427 rea
1373 403 1521 426 necesse
1552 390 1645 426 soret
1674 391 1850 426 tutiorem
1895 399 2038 439 partem
2076 392 2285 440 amplecti,
2329 391 2390 428 sed

1281 442 1484 494 plusquam
1513 454 1658 480 certum
1689 452 1792 489 erat,
1823 441 1950 479 valide
1979 457 1999 478 a
2020 442 2219 480 Donatistis
2250 444 2390 495 baptis-

1283 509 1390 532 mum
1421 496 1704 542 administrari,
1735 494 1768 530 8<
1789 495 1912 533 solum
1941 496 2102 546 quaestio
2132 506 2235 542 erat,
2265 511 2311 532 an
2345 497 2390 533 ti-

1281 549 1354 586 cite
1384 550 1495 587 etiatn
1525 550 1876 594 administraretur3
1912 562 2000 600 quae
2030 549 2190 599 quaestio
2219 563 2240 585 a
2269 558 2392 586 nostra

1281 603 1459 653 praesenti
1500 603 1750 642 controversia
1778 616 1824 640 ne
1868 601 1986 640 latum
2031 615 2198 653 unguem
2240 601 2392 640 differre

1280 654 1458 695 videtur·

1336 707 1401 754 64.
1430 708 1544 747 l'rob.
1574 714 1688 748 tertt'o
1717 723 1761 747 ex
1790 708 1831 748 S.
1861 708 2037 757 Thoma,
2109 723 2194 746 uem
2225 709 2297 746 sibi
2327 709 2392 746 ad-

1282 763 1426 798 versari
1468 763 1644 802 nonnulli
1675 764 1770 801 iuter
1811 763 1992 800 doctiores
2021 724 2291 801 Prdlsabilistas
2320 764 2395 799 sin·

1283 827 1367 851 cere
1399 815 1581 862 fatentur,
1613 826 1652 854 nt
1682 815 1852 868 Vasquez
1880 816 1920 854 in
1956 829 1988 854 1.
2012 829 2049 853 2.
2078 815 2190 867 Disp.
2211 814 2277 853 62.
2307 829 2395 863 cap.

1288 878 1322 904 ι.
1354 869 1508 904 Azorius
1537 868 1650 907 Tom.
1681 870 1711 907 l.
1742 870 1831 907 Lib.
1862 882 1899 907 2.
1928 882 2015 921 cap.
2049 867 2110 906 16.
2139 868 2312 921 aliique.
2355 868 2396 906 ln

1282 919 1425 966 Quodl.
1457 920 1525 959 lX.
1555 931 1624 959 art.
1662 923 1719 960 15.
1752 922 1820 960 boc
1849 923 1976 960 statuit
2007 922 2264 974 principium:
2287 952 2311 970 ,‚
2342 923 2395 959 0-

1285 1000 1311 1019 „
1342 974 1441 1010 mnis
1469 977 1657 1026 quaestiO,
1688 977 1724 1013 iu
1753 990 1829 1029 qua
1857 976 1904 1014 de
1924 984 2077 1027 peccato
2108 974 2256 1012 mortali
2287 989 2394 1026 quae-

1285 1053 1311 1072 „
1343 1027 1436 1063 ritur
1457 1057 1467 1074 ,
1498 1029 1568 1066 nisi
1599 1042 1770 1080 expresse
1797 1030 1933 1067 veritas
1963 1028 2174 1076 habeatur,
2204 1029 2395 1080 periculo·

1285 1107 1310 1125 „
1340 1093 1376 1115 se
1405 1079 1702 1130 determinatur,
1731 1084 1822 1134 quia
1852 1095 1955 1120 error
1977 1112 1987 1128 ,
2017 1095 2093 1133 quo
2124 1094 2196 1119 uon
2225 1081 2395 1119 creditur

1285 1161 1311 1179 ‚,
1341 1146 1416 1170 esse
1446 1145 1644 1186 peccatum
1675 1136 1860 1183 mortale,
1888 1136 1987 1187 quod
2005 1145 2055 1172 est
2078 1144 2272 1187 peccatum
2298 1148 2397 1172 mor-

1284 1214 1310 1232 „
1340 1185 1444 1233 tale,
1488 1189 1754 1225 conscientiam
1798 1203 1871 1226 nou
1922 1198 2072 1226 excusat
2102 1203 2123 1224 a
2160 1197 2265 1234 toto,
2309 1188 2397 1224 licet

1283 1267 1310 1286 „
1344 1240 1435 1277 sorte
1464 1253 1486 1277 a
1508 1249 1609 1278 tauto
1625 1244 1649 1261 “
1674 1243 1760 1292 (a).
1792 1241 1872 1279 Hoc
1902 1250 2027 1278 autem
2044 1241 2084 1278 S.
2106 1240 2268 1277 'rhomae
2292 1242 2395 1291 prin-

1281 1293 1429 1344 cipium
1459 1306 1478 1330 e
1507 1293 1692 1333 diametro
1720 1296 1924 1347 opponitur
1959 1295 2152 1348 systemati
2182 1292 2397 1330 Probabili-

1281 1355 1420 1384 starum
1441 1377 1450 1394 ,
1496 1349 1532 1384 in
1565 1362 1641 1400 quo
1668 1351 1792 1386 omnis
1821 1349 1981 1400 quaestio
2011 1347 2224 1392 facillime,
2255 1345 2288 1382 8(
2319 1355 2398 1382 tuto

1281 1412 1324 1436 ex
1350 1401 1548 1451 principiis
1567 1402 1713 1439 reflexis
1728 1402 2025 1439 determinatur.
2056 1400 2297 1452 Prosepiitur
2322 1401 2397 1436 At.-

1279 1451 1423 1502 gelicus
1440 1482 1449 1499 ,
1480 1453 1512 1489 ἃ
1532 1455 1728 1506 inquirens
1744 1484 1754 1502 ‚
1785 1468 1831 1491 au
1852 1455 1963 1492 liceat
1994 1454 2132 1491 habere
2155 1455 2281 1505 plures
2299 1467 2398 1503 prse-

1281 1506 1420 1543 bendas
1437 1535 1446 1552 ,
1475 1512 1672 1555 praecc'pue
1701 1517 1836 1545 autem
1857 1538 1867 1554 ,
1900 1509 2050 1559 inquit:
2086 1537 2111 1553 „
2135 1506 2396 1543 t‘ericutwm

1281 1587 1306 1606 ‚,
1336 1569 1408 1607 est,
1441 1559 1506 1596 ubi
1538 1563 1675 1598 veritas
1703 1562 1885 1611 ambigua
1907 1573 1980 1607 est,
2011 1561 2111 1611 quod
2143 1561 2180 1597 in
2199 1559 2267 1595 bac
2289 1573 2391 1610 quw-

1281 1640 1307 1657 „
1338 1612 1458 1648 stione
1488 1614 1657 1650 accedit.
1701 1615 1799 1650 Cum
1830 1615 1934 1650 enim
1963 1614 2011 1650 ad
2043 1612 2252 1661 Tlteologos
2283 1622 2397 1662 pert:-

1283 1691 1308 1710 ‚,
1339 1671 1454 1710 neat,
1497 1665 1727 1716 inquantum
1757 1666 1940 1716 dependet
1970 1678 2012 1701 ex
2043 1664 2127 1714 jure
2156 1665 2308 1710 divino,
2338 1666 2399 1700 vol

1283 1744 1307 1762 „
1339 1728 1382 1751 ex
1413 1714 1499 1765 jure
1530 1717 1720 1765 naturali,
1751 1718 1784 1752 &
1813 1717 1859 1755 ad
1889 1716 2048 1755 Juristas
2079 1719 2304 1771 inquantum
2335 1717 2398 1754 de-

1282 1797 1308 1815 „
1338 1768 1475 1818 pendet
1505 1783 1549 1807 ex
1566 1769 1650 1820 jure
1671 1771 1831 1823 positivo
1851 1801 1859 1818 ,
1889 1772 2131 1808 inveniuntur
2154 1772 2190 1807 in
2212 1784 2253 1806 ea
2270 1770 2396 1807 'Pheru-

1282 1850 1307 1868 „
1339 1820 1414 1872 logi
1445 1821 1672 1874 Tlteologis‚
1701 1823 1736 1860 &
1765 1824 1918 1862 Juristae
1934 1824 2085 1861 Juristis
2113 1824 2299 1860 contraria
2317 1837 2398 1860 ser<

1280 1903 1306 1921 „
1336 1875 1405 1911 tire
1426 1877 1480 1912 “.
1531 1875 1645 1914 Porro
1673 1878 1827 1929 quaudo
1865 1878 2002 1914 veritas
2043 1877 2225 1927 ambigua
2257 1887 2333 1923 est,
2364 1878 2397 1912 8(

1277 1928 1525 1966 inveniuntur
1553 1938 1724 1968 auctores
1753 1930 1974 1967 auctoribus
2011 1932 2202 1968 contraria
2232 1933 2368 1967 sentire
2386 1960 2396 1976 ,

1278 1978 1394 2016 facile
1422 1994 1461 2017 se
1497 1982 1699 2032 expediunt
1730 1981 2022 2029 Probabilistae,
2069 1982 2103 2017 ἃ
2134 1983 2295 2020 fidenter
2324 1993 2398 2020 sta·

1278 2039 1418 2080 tuunt,
1463 2046 1568 2084 posse
1596 2048 1688 2081 nos,
1725 2049 1842 2087 quam
1875 2034 2093 2082 malumus,
2137 2045 2283 2086 partem
2314 2050 2396 2073 am-

1279 2084 1416 2134 plecti3
1446 2097 1572 2124 contra
1602 2088 1642 2124 S.
1661 2087 1828 2125 Thomas
1857 2087 1896 2124 tt
1923 2088 2187 2137 periculosum
2216 2101 2302 2126 esse
2331 2090 2394 2126 de-

1280 2136 1384 2183 fiuit3
1413 2139 1479 2190 qui
1510 2150 1636 2178 autem
1659 2140 1829 2193 periculo
1859 2143 2038 2192 peccandi
2070 2156 2108 2178 se
2128 2144 2315 2194 exponit,
2347 2145 2396 2180 si·

1279 2203 1325 2226 ne
1354 2191 1472 2229 dubio
1501 2203 1660 2244 peccat3
1702 2196 1801 2247 quod
1852 2196 2026 2244 superius
2058 2195 2156 2232 idem
2192 2195 2395 2247 Angelicus

1277 2242 1420 2281 Doctor
1448 2246 1733 2295 declaraverat,
1763 2248 1890 2286 dicens
1917 2247 2062 2295 Quodl.
2092 2248 2198 2285 Vlll.
2228 2260 2298 2286 art.
2334 2250 2393 2286 13.

1276 2301 1340 2344 qui
1371 2308 1563 2337 manente
1599 2299 1839 2338 dubitatione
1879 2301 2010 2350 plures
2055 2300 2292 2351 praebendas
2325 2301 2394 2338 ἰιι-

1275 2348 1335 2386 bet
1351 2381 1361 2398 ,
1389 2353 1605 2402 periculose
1625 2358 1837 2392 committit
1853 2384 1863 2401 ‚
1893 2354 1942 2394 &J
1962 2359 2018 2392 sic
2039 2354 2285 2405 proculdubio
2303 2368 2392 2405 pee-

1273 2413 1340 2440 cat
1357 2435 1368 2451 ‚
1399 2415 1528 2458 utpote
1543 2412 1676 2460 magis
1704 2421 1855 2445 amans
1871 2406 2107 2460 beneficium
2137 2410 2356 2459 temporale
2379 2439 2389 2454 ‚

1273 2470 1396 2508 quam
1425 2464 1629 2511 propriam
1657 2462 1854 2500 salutem.
1885 2459 2030 2499 Pariter
2059 2462 2200 2510 Quodl.
2223 2463 2289 2498 ΠΙ.
2320 2471 2391 2498 art.

1281 2523 1341 2548 ιο.
1372 2522 1571 2565 postquam
1611 2515 1814 2562 docuerat,
1835 2551 1838 2555 ,
1860 2515 1898 2552 iu
1930 2516 2002 2562 iis,
2049 2529 2139 2564 quae
2168 2527 2246 2551 uon
2274 2517 2391 2562 perti-

1275 2574 1370 2601 nent
1400 2565 1455 2604 αεὶ
1470 2565 1628 2619 fidem,
1658 2570 1716 2606 rel
1745 2568 1800 2606 ad
1829 2567 1946 2606 bonos
1963 2581 2091 2606 mores
2109 2598 2118 2614 ,
2149 2566 2295 2614 absque
2323 2580 2389 2614 pe-

1275 2618 1397 2655 riculo
1426 2620 1626 2659 auditores
1645 2631 1856 2672 utramque
1871 2625 2093 2671 opinionem
2118 2623 2221 2668 sequi
2251 2633 2387 2670 posse,

1274 2683 1548 2724 cousequenter
1576 2676 1711 2722 docet,
1755 2675 1864 2712 aliter
1896 2688 1973 2711 retu
2006 2688 2043 2709 se
2088 2672 2229 2709 habere
2260 2674 2299 2711 in
2331 2687 2388 2709 te-

1272 2723 1369 2772 bus,
1399 2741 1487 2778 quae
1520 2730 1708 2779 pertinent
1737 2727 1782 2763 ad
1814 2726 1928 2763 fidem
1949 2756 1958 2772 ,
1997 2725 2054 2762 vel
2086 2725 2131 2762 ad
2163 2725 2277 2762 bonos
2308 2740 2388 2762 uto-

1271 2789 1355 2823 res3
1399 2780 1432 2814 &
1461 2783 1587 2818 statuit
1619 2781 1687 2816 ltoc
1732 2781 1991 2830 principium:
2037 2778 2083 2816 Ιί
2114 2777 2225 2816 rebus
2263 2777 2387 2817 dubiis

1270 2842 1348 2866 non
1378 2842 1435 2870 est
1465 2833 1514 2871 de
1530 2833 1654 2885 jizcili
1669 2830 1924 2883 praestantius
1944 2845 2133 2870 assensus
2150 2860 2159 2870 .
2190 2833 2282 2869 ltem
2306 2833 2384 2881 Qu.

1271 2883 1339 2920 Ill.
1367 2885 1416 2924 de
1445 2888 1555 2924 malo
1583 2896 1653 2924 art.
1672 2900 1708 2936 7.
1738 2883 1831 2922 Non
1852 2894 1909 2921 est
1940 2883 2085 2935 absque
2112 2892 2385 2936 praesumptio-

1269 2948 1320 2991 ⁷¹5⁸
1337 2967 1347 2984 ‚
1379 2940 1500 2990 inquit
1517 2971 1526 2987 ,
1557 2939 1658 2988 quod
1676 2938 1819 2987 aliquis
1849 2936 1895 2974 ‹le
1916 2941 2108 2989 ignoratis
2136 2944 2382 2977 sententium

1254 2989 1396 3039 serat,
1424 2993 1474 3032 <9¹
1504 2996 1714 3038 maxime,
1745 2996 1785 3028 in
1815 2990 1948 3041 quibus
1976 2993 2192 3043 periculum
2222 2997 2382 3030 existit.

1267 3040 1414 3096 Nempe
1443 3059 1592 3098 semper
1619 3045 1692 3082 sibi
1736 3053 1908 3083 constans
1939 3045 2140 3098 Angelicus
2172 3060 2250 3085 rem
2282 3049 2381 3097 peri-

2265 3113 2330 3138 cu-

1266 3238 1362 3270 nium
1400 3231 1518 3269 Tlteol.
1555 3237 1679 3267 mentis
1706 3236 1747 3268 (9⁴
1784 3235 1902 3268 cordis
1930 3234 1967 3268 L.
1996 3235 2073 3268 Vtt.
2100 3234 2192 3266 Diss.
2221 3234 2277 3265 Ill.
2304 3242 2376 3273 ‘'ap-

1267 3295 1297 3315 2.
1327 3284 1360 3315 Ρ.
1387 3284 1578 3315 Concinam
1618 3282 1718 3315 Torn.
1747 3285 1790 3317 ll.
1831 3282 1963 3326 Apprtr.
2004 3284 2047 3316 nd
2074 3278 2190 3314 ssent.
2232 3279 2305 3311 Lib·
2336 3278 2375 3308 ll·

1267 3330 1360 3371 υἷες.
1387 3329 1446 3363 tv.
1473 3340 1548 3374 cap.
1576 3330 1608 3360 3.
1636 3329 1670 3361 Ρ.
1699 3329 1871 3368 Billuart,
1900 3330 2075 3371 aliosque·
