2562 3694
271 161 355 186 112

215 225 257 262 in
288 222 437 258 inferno
466 223 507 256 in
534 227 761 269 perpetuum
801 221 1007 270 puniendis
1030 253 1039 270 ‚
1090 224 1139 261 ita
1175 223 1328 260 subdit:

216 305 243 322 e:
294 274 471 324 Miidquid
499 273 545 310 de
576 273 715 325 populo
734 274 903 313 diximus
922 276 1137 324 Jdaeorum,
1169 275 1328 325 tropolo-

271 329 354 378 gice
384 326 515 364 referri
559 335 675 378 potest
704 328 750 365 ad
779 340 859 376 eos,
902 330 969 380 qui
1013 330 1144 367 saeculi
1182 328 1328 364 deliciis

270 381 470 432 occupati,
512 393 581 418 nec
610 382 851 432 respicientes
892 395 1008 434 opera
1037 382 1136 427 Dei,
1184 380 1327 430 captivi

215 464 240 482 „
271 433 462 471 ducuntur
492 434 530 470 in
553 443 776 485 peccatum,
807 434 839 470 8c
862 447 934 471 non
965 433 1102 471 liabent
1132 432 1325 470 scientiam

216 516 242 534 „
272 486 372 533 Dei3
403 485 436 522 ἃ
467 487 611 525 idcirco
631 488 933 525 ...detrahentur
963 488 1000 522 in
1029 484 1239 534 geliennam
1257 514 1267 532 ,
1298 486 1328 522 i-

213 570 240 588 „
270 539 387 593 bique
418 542 566 577 aeternis
596 541 827 578 cruciatibus
855 539 1044 589 deputati,
1092 539 1327 588 potentiam,

214 623 241 642 ‚,
273 592 305 628 ἃ
334 594 553 644 superbiam
572 595 723 631 miseria
753 600 934 636 cernent,
965 589 1332 628 &humilitatemu-

212 676 239 695 „
270 648 339 684 tari
362 648 407 685 ''.
452 647 538 684 Alia
567 647 652 683 satis
683 644 799 681 multa
830 642 944 692 liujus
981 645 1126 693 generis
1163 642 1244 681 loca
1273 645 1330 681 af-

213 701 306 737 ferri
328 709 503 751 possunt,
533 699 726 749 inquibus
746 695 785 732 S.
806 695 944 732 Doctor
975 709 1082 733 suam
1105 699 1328 735 sententiam

209 756 389 804 aperuit,
432 752 480 789 ab
507 751 711 788 orthodoxa
740 746 924 786 Ecclesia:
955 749 1126 787 doctrina
1157 750 1328 796 *nullate-

211 819 277 843 uus
306 807 492 843 dissonam
510 828 522 840 .

207 891 209 893 .
264 858 355 896 256.
384 857 515 907 Neque
544 868 633 892 vero
676 855 732 892 fas
761 863 812 893 est
853 855 981 894 dicere
1027 870 1117 894 cum
1148 856 1326 906 Petavio,

208 911 306 962 quod
324 913 394 947 etsi
409 908 500 945 alibi·
522 908 780 961 Hieronymus
802 913 1008 947 contraria
1026 909 1216 960 quoecliim
1231 915 1327 949 scria

204 967 349 1012 pserit,
379 975 458 998 non
487 970 627 999 tamen
658 961 842 1011 efficitur,
872 964 913 1002 in
942 962 1100 1014 objectis
1129 963 1222 1002 locis
1251 979 1324 1003 nou

204 1017 433 1053 existimasse
464 1029 597 1066 peenas
626 1015 895 1054 damnatorum
926 1029 1003 1053 esse
1045 1020 1323 1068 temporarias,

203 1082 303 1105 nam
333 1082 439 1118 scepe
466 1077 691 1120 pugnantes
729 1073 895 1107 invicem
938 1074 1158 1108 sententias
1205 1075 1324 1109 variis

202 1126 243 1159 z'n
274 1123 367 1160 locis
395 1135 539 1170 ponere
568 1127 763 1160 consuerit
786 1149 840 1161 ....
862 1123 947 1160 Non
976 1124 1133 1176 inquam
1166 1125 1203 1162 id
1222 1126 1324 1162 dice-

200 1188 242 1213 re
273 1176 327 1213 sas
357 1185 432 1221 est3
462 1176 571 1228 quasi
602 1189 691 1214 vero
720 1185 844 1214 tantus
865 1175 1050 1215 Ecclesiae
1074 1177 1213 1216 Doctor
1233 1179 1324 1216 Car-

201 1229 330 1267 neadis
359 1242 463 1267 more
492 1229 539 1266 de
567 1231 812 1268 sacrosanctis
855 1239 990 1268 nostrae
1019 1231 1111 1270 fidei
1141 1232 1325 1283 dogmati-

200 1281 273 1320 bus
302 1283 579 1335 disputaverit;
609 1284 712 1336 quod
741 1284 817 1336 piae
839 1283 1013 1324 fidelium
1042 1298 1151 1324 aures
1173 1285 1325 1325 horrent

199 1336 354 1374 audire.

259 1403 349 1440 227.
382 1389 494 1428 Dices
524 1404 613 1429 cum
642 1390 700 1429 JO.
722 1391 910 1430 Garnerio
940 1392 978 1430 in
1009 1392 1185 1444 Append.
1218 1394 1246 1431 Ι.
1277 1393 1324 1431 ad

199 1442 230 1480 Ῑ.
261 1441 302 1479 Ρ.
321 1442 437 1480 Marii
462 1443 712 1491 Mei-catoris,
746 1459 830 1495 pag.
859 1459 945 1495 117.
963 1475 973 1493 ,
1003 1446 1042 1482 S.
1067 1447 1324 1496 Augustinum

197 1497 238 1533 in
269 1494 500 1534 Enclztrtzlz‘o
526 1511 561 1535 c.
584 1496 650 1548 67.
680 1497 720 1535 S.
744 1498 980 1550 Hieronymo
1001 1499 1233 1550 Origenismi
1258 1513 1324 1536 no-

197 1558 274 1586 tam
304 1551 531 1601 impegisse,
575 1551 752 1602 quamvis
783 1552 894 1589 tacito
923 1551 1094 1603 ejusdem
1138 1554 1321 1601 nomine3

197 1603 323 1654 inquit
351 1604 477 1641 enim:
513 1634 538 1653 „
558 1604 771 1642 Creduntur
801 1619 822 1643 a
851 1606 1084 1657 quibusdam
1116 1607 1228 1644 etiam
1254 1607 1286 1644 -ii
1310 1637 1320 1656 ,

202 1685 227 1703 „
258 1657 323 1707 qui
354 1670 490 1694 nomen
521 1656 660 1695 Christi
691 1671 765 1695 non
797 1657 1046 1710 relinquunt:
1091 1658 1124 1693 &
1154 1658 1235 1710 ejus
1265 1660 1320 1697 la-

255 1722 366 1746 vacro
395 1711 433 1747 in
463 1710 639 1747 Ecclesia
675 1710 917 1761 baptizantur
938 1741 949 1758 ,
994 1725 1059 1748 nec
1087 1711 1137 1748 ab
1169 1726 1210 1748 ea
1242 1712 1321 1750 ullo

255 1760 481 1810 schismate,
511 1762 572 1799 vel
604 1761 738 1800 haeresi
762 1763 1048 1814 praeciduntur,
1079 1765 1117 1799 in
1147 1767 1318 1815 quantis-

256 1814 348 1851 libet
377 1814 583 1853 sceleribus
613 1817 765 1863 vivant,
796 1830 883 1867 qua:
917 1829 984 1853 nec
1013 1815 1160 1854 diluant
1192 1819 1318 1868 poeui-

255 1869 392 1915 tendo,
424 1881 490 1906 nec
521 1868 769 1919 eleemosynis
799 1869 1013 1914 redimant3
1044 1870 1103 1906 sed
1130 1870 1164 1907 iu
1195 1867 1317 1908 fisus=

252 1934 326 1971 que
355 1921 402 1958 ad
440 1920 620 1958 ultimum
668 1922 769 1958 diem
808 1922 1108 1972 pertinacissime
1146 1935 1318 1973 perseve-

253 1982 356 2020 rent,
400 1973 495 2012 salvi
525 1975 644 2012 futuri
674 1987 741 2025 per
771 1975 895 2024 ignem
916 2005 924 2020 ,
956 1974 1043 2011 licet
1074 1987 1142 2025 pro
1172 1978 1318 2026 magni-

251 2027 381 2064 tudine
401 2027 612 2065 facinorum
632 2057 642 2075 ,
673 2026 984 2078 flagitiorumque
1005 2028 1185 2064 diuturno
1201 2057 1211 2075 ,
1242 2041 1315 2066 non

251 2089 376 2118 tamen
400 2090 540 2119 aeterno
562 2083 645 2132 igue
667 2081 825 2132 puniri.
855 2081 929 2118 Sed
957 2081 1024 2132 qui
1047 2079 1116 2117 hoc
1134 2082 1314 2131 credunt,

251 2133 284 2169 8<
313 2143 437 2172 tamen
454 2133 640 2172 Catholici
665 2143 772 2180 suut,
803 2133 973 2172 humana
1001 2134 1167 2186 quadam
1196 2134 1314 2173 bene-

194 2217 220 2236 „
252 2188 414 2226 volentia
445 2187 541 2226 milii
572 2187 655 2226 falli
685 2188 886 2225 videntur.
917 2187 1015 2226 Nam
1038 2188 1225 2240 scriptura
1254 2189 1313 2228 di-

194 2270 220 2289 „
249 2243 339 2279 viua
369 2241 474 2280 aliud
502 2241 672 2280 consu-lta
702 2242 899 2294 respondet
919 2242 941 2257 '’
959 2268 969 2280 .

249 2294 339 2332 228.
372 2295 482 2346 Hesp.
501 2325 511 2343 ,
541 2309 680 2347 puram
699 2325 709 2343 ,
741 2305 949 2347 putamque
979 2295 1076 2334 lianc
1107 2308 1183 2333 esse
1213 2296 1313 2335 Gar-

192 2348 290 2385 nerii
319 2347 612 2396 divinationem,
642 2358 704 2385 aut
719 2350 971 2401 suspicionem
990 2379 1000 2397 ,
1031 2349 1312 2400 cujusnullum

190 2399 298 2438 aliud
340 2409 392 2438 est
434 2402 754 2449 fundamentum,
797 2417 914 2453 quam
952 2403 1053 2455 quod
1095 2405 1311 2455 putaverit,

191 2451 291 2491 hane
320 2453 456 2492 falsam
474 2484 485 2503 ,
516 2454 548 2490 ἃ
564 2455 786 2492 abnormem
806 2457 1016 2494 doctrinam
1039 2457 1160 2508 reipsa
1176 2472 1198 2495 a
1220 2457 1310 2494 Hie-

188 2519 355 2559 ronymo
383 2508 597 2560 adoptatam
627 2509 762 2556 fuisse,
809 2510 908 2561 quod
954 2510 1204 2548 falsissimum
1233 2525 1310 2549 esse

188 2573 278 2599 mox
308 2561 675 2600 demonstravimus.
705 2562 954 2614 Quamquam
985 2577 1073 2601 vero
1102 2563 1141 2602 S.
1161 2563 1199 2601 P.
1232 2566 1310 2602 Au-

189 2615 358 2665 gustinus
386 2615 545 2653 nomina
573 2628 705 2652 eorum
732 2615 1016 2654 Catliolicorum
1059 2631 1153 2669 quos
1183 2619 1310 2670 impu-

189 2667 348 2718 gnabat,
378 2669 651 2720 suppresserit,
682 2682 770 2706 cum
796 2677 920 2707 tamen
942 2669 1048 2708 illico
1077 2671 1241 2720 subdat,
1272 2686 1311 2709 se

190 2720 336 2758 librum
366 2722 411 2759 de
442 2721 526 2759 haec
555 2723 766 2774 quaestione
794 2724 986 2775 scripsisse
1007 2753 1017 2770 ,
1047 2724 1310 2775 cujustitulus

191 2782 240 2810 est
269 2774 332 2812 De
363 2774 467 2821 fide,
497 2775 546 2816 ἴθ’
575 2775 684 2815 honis
713 2774 914 2826 oporibu33
944 2790 988 2813 ex
1011 2776 1080 2814 hoc
1109 2779 1240 2815 eodem
1263 2778 1309 2817 li-

189 2824 260 2862 bro
287 2828 415 2879 colligi
444 2837 589 2881 potest,
631 2831 677 2868 de
707 2830 850 2882 quibus
878 2831 1103 2868 adversariis
1132 2831 1172 2869 S.
1202 2830 1309 2870 Pater

190 2876 336 2918 locutus
365 2884 436 2920 sit.
466 2883 553 2921 Jam
584 2897 673 2923 vero
702 2884 742 2921 in
770 2882 875 2922 laud.
897 2884 1016 2922 Libro
1035 2883 1100 2922 De
1116 2884 1229 2936 fide,
1259 2885 1309 2926 (Ψ

191 2929 299 2969 bonis
327 2935 500 2982 operibus
528 2950 602 2975 non
630 2936 754 2976 solum
772 2937 874 2975 hunc
895 2938 1149 2989 quorumdam
1171 2937 1308 2977 Catho-

190 2983 352 3022 licorum
384 3002 548 3042 errorem
578 2991 774 3039 confutat,
810 2992 874 3029 sed
903 2991 1024 3030 alium
1055 2991 1174 3028 inulto
1204 2990 1308 3045 pejo-

191 3052 295 3086 rem,
332 3052 440 3089 cujus
469 3053 565 3082 certe
595 3045 856 3097 Hieronymus
884 3059 1081 3097 nunquam
1113 3055 1308 3084 accusatus

187 3091 294 3135 Just,-
323 3103 453 3128 eorum
474 3109 635 3148 nempe,
665 3100 731 3150 qui
751 3098 948 3146 dicebant,
978 3099 1224 3137 admittendos
1253 3113 1308 3137 es·

188 3158 228 3183 se
264 3145 311 3181 ad
353 3143 548 3184 lavacrum
590 3153 881 3201 regenerationis
923 3152 1036 3190 etiam
1084 3165 1171 3202 eos,
1214 3154 1305 3205 qui:

188 3227 216 3248 „
246 3197 394 3236 Malam
413 3228 423 3246 ,
465 3207 688 3253 turpemque
718 3206 836 3242 vitam
866 3205 1129 3254 facinoribus,
1172 3206 1205 3242 &
1237 3206 1305 3244 fla-

192 3281 217 3300 „
246 3252 347 3302 gitiis
389 3252 676 3293 evidentissimis
711 3267 838 3296 notam
884 3267 1033 3296 mutare
1079 3259 1303 3308 noluerint,

192 3334 218 3354 υ
247 3312 360 3356 atque
389 3305 428 3342 in
458 3319 501 3343 ea
521 3318 559 3342 se
587 3319 886 3356 perseveraturos
915 3322 1044 3364 aperta
1074 3315 1187 3351 etiam
1217 3326 1305 3364 pro-

190 3387 217 3409 „
248 3358 403 3398 sessione
428 3357 726 3408 declaraverint,
756 3367 847 3412 quia
876 3375 1019 3405 retenta
1035 3366 1110 3406 fide
1124 3367 1306 3408 Christia-

215 357 241 377 27

213 410 240 428 9>

196 1736 224 1757 2>

197 1791 225 1809 57

197 1844 224 1864 2,

198 1897 222 1915 2)

195 1949 221 1969 22

196 2004 222 2022 ²>

193 2056 221 2076 2>

194 2110 220 2129 Β,

193 2163 219 2183 ’3

734 139 814 185 DE
849 141 942 185 Ac.
978 140 1131 186 HUM.
1165 140 1428 186 DISSERT.
1452 141 1530 186 IV.
1564 141 1691 186 CAP.
1715 145 1770 188 V.
1800 144 1926 189 APP.
1948 146 1983 189 Ι.

1398 250 1422 267 ,,
1453 234 1520 266 na,
1564 221 1644 257 sine
1673 236 1749 272 qua
1778 224 1815 260 in
1845 234 2029 262 aeternum
2061 223 2223 276 periret,
2266 223 2306 261 in
2335 223 2506 277 quolibet

1396 302 1422 320 „
1451 272 1591 310 scelere
1620 303 1630 321 ,
1675 276 1991 328 immunditiaque
2032 277 2314 329 permanserit,
2360 279 2509 316 salvum

1397 354 1423 373 „
1454 339 1542 363 euin
1574 326 1772 375 futurum,
1803 337 1997 380 tamquam
2032 332 2226 382 perignem
2243 330 2350 368 &c.’'
2369 357 2380 368 .
2411 332 2507 368 Haee

1394 386 1492 417 certe
1522 391 1593 417 non
1636 380 1761 417 docuit
1791 381 2070 432 Hieronymus:
2113 397 2185 421 non
2224 384 2338 435 igitur
2380 393 2509 422 contra

1388 445 1482 479 ¹eum
1514 433 1603 469 facit
1633 431 1730 469 liber
1747 432 1809 471 De
1826 433 1917 486 fide
1935 463 1946 483 ,
1973 434 2143 475 &bonis
2158 433 2334 489 operibus
2363 437 2411 475 ab
2428 437 2506 475 Au-

1396 486 1542 536 gustino
1571 486 1804 537 conscriptus
1820 513 1831 524 .

1454 551 1544 589 229.
1575 538 1667 588 Obj.
1689 548 1831 590 quarto
1859 539 2031 578 Petavius
2061 541 2205 590 verba,
2234 558 2321 595 quae
2351 543 2391 581 S.
2409 542 2501 580 Am⁶

1398 591 1545 628 brosius
1576 591 1689 628 habet
1717 593 1755 629 in
1786 592 1911 631 Serm.
1933 593 2024 631 XX.
2054 595 2093 631 in
2119 593 2367 635 Ps.CXV111.
2397 610 2506 634 num·

1401 645 1464 682 25.
1482 674 1492 691 ,
1525 644 1591 681 ubi
1623 646 1770 697 inquit:
1803 676 1828 693 „
1846 645 2032 684 Differtur
2051 647 2196 684 diaboli
2217 648 2405 698 judicium
2423 681 2432 698 ,
2466 658 2504 685 nt

1455 699 1499 734 sit
1529 711 1679 750 semper
1709 700 1746 736 in
1768 701 1895 749 poenis
1925 713 2037 747 reus,
2067 714 2216 750 semper
2245 702 2500 753 improbitatis

1399 780 1424 799 „
1455 764 1533 788 suae
1564 753 1720 789 innexus
1749 753 1915 800 catenis,
1958 754 2203 791 conscientiae
2245 767 2322 791 suae
2353 757 2390 792 in
2421 769 2506 809 per-

1397 832 1424 852 „
1454 813 1610 855 petuuin
1639 807 1814 843 sustineat
1843 807 1922 858 ipse
1950 805 2163 857 judicium.
2194 806 2280 843 Ideo
2308 808 2410 846 dives
2439 808 2505 847 ille

1395 886 1422 905 ,‚
1452 860 1490 895 in
1513 858 1741 910 Evangelio,
1771 859 1858 898 licet
1878 868 2073 911 peccator,
2103 859 2322 912 poenalibus
2354 872 2506 912 urgetur

1396 940 1422 959 „
1453 913 1649 960 aerumnis,
1667 921 1705 950 ut
1721 913 1831 951 citius
1852 914 1963 964 possit
1979 914 2151 951 evadere.
2173 913 2360 951 Diabolus
2381 923 2506 951 autem

1396 993 1422 1012 „
1453 979 1699 1017 nequaquam
1730 967 1944 1018 pervenisse
1977 967 2023 1004 ad
2057 966 2246 1016 judicium
2274 967 2507 1004 demonstra-

1393 1047 1419 1065 „
1451 1026 1510 1055 tur
1528 1048 1538 1065 ,
1568 1033 1813 1072 nequaquam
1837 1019 2095 1073 adliucpoenis
2116 1033 2193 1058 esse
2214 1019 2426 1071 subjectus,
2448 1022 2505 1057 ni-

1394 1100 1419 1119 „
1450 1072 1587 1123 siquas
1618 1074 1696 1124 ipse
1726 1082 1914 1111 tantorum
1944 1075 2116 1111 conscius
2154 1074 2364 1112 criminum
2394 1072 2505 1111 solvit

1395 1153 1420 1172 „
1453 1126 1592 1163 timore
1621 1136 1830 1179 perpetuo,
1861 1141 1906 1164 ne
1935 1127 2142 1179 aliquando
2171 1140 2325 1165 securus
2353 1129 2398 1164 sit
2419 1128 2468 1164 ''-

1449 1179 1538 1217 250.
1570 1179 1682 1232 Resp.
1714 1181 1962 1232 Quamquam
1990 1179 2139 1231 objecta
2169 1180 2285 1218 verba
2313 1180 2506 1218 obscurio-

1392 1243 1434 1267 ra
1463 1231 1659 1284 aliquanto
1687 1234 1783 1282 siut,
1815 1243 1939 1271 tamen
1970 1233 2003 1270 8<
2034 1247 2078 1270 ex
2108 1242 2305 1281 contextu,
2336 1234 2368 1270 ἃ
2400 1247 2442 1271 ex
2464 1248 2504 1271 a-

1392 1285 1454 1324 liis
1484 1284 1576 1323 locis
1605 1286 1847 1324 manifestum
1879 1295 1961 1334 est,
1991 1286 2097 1339 loqui
2127 1287 2166 1324 S.
2198 1286 2397 1324 Doctorem
2429 1300 2503 1324 non

1392 1338 1438 1375 de
1470 1340 1590 1389 poenis
1621 1339 1757 1376 inferni
1777 1369 1787 1387 ,
1835 1354 1928 1391 quas
1960 1348 2117 1376 aeternas
2145 1353 2222 1376 esse
2251 1342 2401 1387 statuit,
2438 1341 2503 1377 sed

1392 1391 1438 1427 de
1470 1393 1592 1441 poenis
1622 1393 1858 1443 purgatorii,
1901 1392 2042 1444 quibus
2071 1392 2243 1429 obnoxiae
2281 1402 2392 1428 erunt
2422 1392 2501 1430 itlae

1392 1444 1694 1482 Christianorum
1717 1446 1881 1493 animae,
1912 1459 1999 1497 quae
2032 1459 2075 1483 ex
2106 1445 2173 1482 hoc
2205 1445 2345 1482 mundo
2366 1455 2508 1484 exeunt

1392 1496 1600 1536 levioribus
1631 1501 1794 1550 peccatis
1822 1501 2105 1551 coinquinatae·
2144 1498 2243 1536 Nam
2273 1497 2388 1549 paulo
2418 1507 2503 1536 ante

1392 1566 1435 1589 ea
1465 1552 1580 1590 verba
1611 1552 1751 1591 Psalmi
1781 1552 1923 1591 „ludica
1946 1552 2143 1605 judicium
2173 1565 2333 1600 meum,
2378 1553 2426 1592 ὅ)
2455 1552 2502 1589 [ι’-

1389 1603 1483 1643 ῧεηι
1527 1619 1619 1654 me,
1661 1608 1707 1644 de
1736 1607 1883 1645 Sanctis
1913 1609 2088 1657 exponit,
2119 1606 2186 1657 qui
2224 1614 2349 1657 optant
2383 1620 2404 1642 a
2433 1618 2502 1642 suo

1389 1658 1641 1710 Redemptore
1670 1660 1862 1710 judicari,
1895 1668 1934 1696 ut
1962 1657 2236 1704 absolvantur3
2279 1668 2404 1710 postea
2434 1658 2501 1695 ad-

1387 1712 1465 1748 dit:
1512 1740 1537 1757 „
1568 1711 1649 1748 Non
1681 1712 1759 1749 vult
1790 1713 1975 1749 Dominus
2005 1725 2205 1749 commune
2234 1712 2379 1749 Sanctis
2409 1725 2499 1749 cum

1388 1793 1414 1811 „
1444 1763 1589 1800 diaboli
1618 1766 1727 1802 sociis
1756 1766 1988 1803 consortium
2019 1779 2093 1802 esse
2123 1763 2286 1815 judicii3
2324 1764 2501 1802 diabolus

1387 1845 1413 1864 „
1446 1818 1546 1854 enim
1567 1847 1576 1864 ,
1610 1816 1641 1852 8<
1672 1820 1832 1856 ministri
1863 1817 1943 1868 ejus
1974 1832 2062 1855 cum
2093 1817 2312 1854 hominibus
2334 1831 2408 1855 non
2432 1817 2500 1854 ssa-

1387 1898 1413 1918 „
1443 1869 1703 1921 gellabuntur:
1746 1881 1915 1923 separata
1944 1880 1996 1908 est
2034 1885 2172 1922 poena,
2218 1870 2285 1907 ubi
2315 1871 2424 1908 distat
2463 1871 2497 1907 8<

1387 1951 1412 1969 „
1442 1922 1556 1974 culpa
1578 1924 1624 1948 '²‘
1674 1925 1716 1962 In
1747 1925 1822 1963 fine
1851 1934 1975 1963 autem
2009 1925 2180 1976 ejusdem
2210 1924 2334 1962 Serm.
2364 1939 2400 1962 n.
2433 1923 2499 1962 58.

1384 1977 1438 2013 sic
1468 1990 1534 2014 nos
1564 1977 1752 2015 hortatur:
1783 2009 1808 2027 „
1838 1980 2026 2026 Scieutes,
2057 1979 2096 2015 iu
2128 1986 2312 2014 aeternum
2345 1991 2498 2015 mansu-

1387 2056 1413 2076 „
1443 2042 1485 2066 ra
1514 2028 1659 2080 judicia
1688 2034 1814 2069 omnia
1844 2031 2000 2083 justitiae
2032 2031 2132 2078 Dei,
2177 2044 2406 2078 caveamus,
2451 2044 2496 2067 ne

1386 2110 1411 2129 „
1441 2094 1555 2134 opera
1585 2094 1706 2122 nostra
1735 2085 1988 2136 displiceant,
2036 2084 2070 2120 ὃς
2109 2093 2295 2121 aeter-num
2330 2085 2496 2136 incipia-

1385 2163 1411 2183 „
1443 2149 1526 2173 inus
1554 2138 1681 2175 subire
1711 2136 1900 2189 judicium
1923 2139 1943 2153 '²

1439 2189 1529 2227 231.
1551 2189 1692 2228 Dices.
1722 2192 1762 2228 In
1790 2191 1940 2240 objecto
1969 2191 2181 2227 testimonio
2210 2190 2250 2228 S.
2273 2190 2496 2228 Ambrosius

1382 2242 1490 2280 affert
1520 2243 1740 2296 exemplum
1771 2244 1924 2291 divitis,
1969 2245 2035 2295 qui
2065 2243 2232 2295 sepultus
2274 2245 2312 2280 in
2345 2245 2496 2282 interno

1381 2296 1655 2345 cruciabatur,
1698 2307 1740 2335 ur
1769 2301 1881 2336 citius
1909 2306 2038 2348 posset
2068 2296 2263 2334 eradere:
2302 2309 2377 2334 non
2408 2310 2496 2348 ergo

1380 2349 1476 2388 solas
1507 2352 1736 2402 purgatorii,
1779 2352 1841 2389 sed
1871 2353 1984 2390 etiam
2016 2351 2155 2390 inferni
2185 2364 2320 2403 poenas
2348 2352 2495 2402 putavit

1381 2417 1458 2442 esse
1488 2404 1673 2443 finiendas
1690 2431 1699 2442 .
2323 2416 2330 2422 ·

1436 2458 1528 2496 252.
1558 2457 1697 2511 Resp.,
1741 2458 1854 2498 illum
1883 2460 2054 2498 Divitem
2073 2490 2083 2508 ,
2121 2457 2232 2510 cujus
2262 2458 2492 2496 mentionem

1379 2511 1469 2549 facit
1500 2512 1751 2560 Ambrosius,
1781 2527 1854 2552 non
1884 2528 1959 2551 esse
1990 2512 2204 2565 Epulonem
2223 2543 2233 2560 ,
2270 2513 2337 2564 qui
2367 2510 2494 2562 sepul-

1379 2573 1437 2602 tus
1467 2573 1518 2603 est
1550 2566 1586 2602 in
1616 2566 1791 2614 inferno,
1821 2567 1882 2605 sed
1912 2567 2082 2619 aliquem
2103 2565 2247 2612 alium,
2277 2565 2324 2602 ad
2354 2577 2494 2616 purga-

1377 2620 1463 2656 torii
1495 2632 1626 2670 poenas
1654 2619 1901 2668 damnatum,
1945 2630 1983 2657 ut
2020 2620 2117 2657 bene
2149 2626 2304 2656 monent
2333 2617 2494 2654 Benedi-

1377 2672 1663 2710 ctinieditores.
1695 2673 1911 2725 Epulonem
1943 2674 2042 2710 enim
2075 2680 2214 2710 aeterno
2235 2673 2312 2722 igni
2334 2671 2494 2708 damna-

1378 2734 1456 2762 tum
1489 2739 1592 2773 esse,
1622 2739 1692 2779 pro
1720 2736 1821 2764 certo
1851 2726 1963 2764 habet
1993 2726 2215 2764 Ambrosius
2245 2726 2283 2762 in
2313 2724 2494 2761 eumdem

1378 2777 1629 2818 fflCXVIII.
1660 2780 1784 2818 Serm.
1806 2780 1874 2818 Ill.
1911 2794 1950 2818 n.
1974 2794 2032 2830 ¹7·
2077 2779 2280 2830 inquiens:
2324 2806 2348 2826 ,‚
2382 2776 2493 2814 Alius

1379 2862 1405 2881 „
1434 2834 1500 2870 iste
1530 2841 1583 2871 est
1613 2835 1738 2885 ignis,
1782 2847 1858 2885 qno
1888 2842 2100 2872 exuruntur
2137 2840 2293 2884 peccata
2326 2844 2397 2869 non
2427 2842 2494 2867 vo-

1377 2915 1404 2936 „
1434 2886 1627 2935 luntaria,
1671 2888 1733 2924 sed
1763 2888 1943 2935 fortuita,
1987 2900 2102 2939 quein
2145 2887 2295 2938 paravit
2334 2882 2494 2922 servulis

1377 2970 1403 2989 „
1434 2941 1509 2978 suis
1537 2940 1623 2977 Jesu
1642 2969 1652 2987 ,
1696 2949 1735 2978 ut
1765 2953 1825 2978 eos
1854 2941 1903 2978 ab
1933 2943 2002 2978 ista
2039 2940 2359 2986 commoratione,
2403 2948 2492 2987 quae

1433 2995 1621 3046 permixta
1652 3001 1703 3030 est
1733 2996 1916 3041 mortuis,
1948 2993 2146 3031 emundet:
2178 2993 2275 3030 alius
2297 2992 2361 3029 ille
2382 2990 2490 3039 ignis,

1434 3060 1548 3098 quem
1570 3047 1764 3098 deputavit
1782 3046 1935 3085 diabolo
1951 3077 1960 3094 ,
1993 3047 2025 3083 ἃ
2046 3046 2188 3099 angelis
2210 3047 2290 3097 ejus
2308 3074 2318 3092 a
2347 3044 2392 3079 <le
2413 3053 2489 3092 (1110

1432 3100 1548 3138 dicit:
1578 3098 1733 3137 Intrate
1762 3104 1802 3137 in
1833 3105 1964 3153 ignem
1987 3111 2182 3138 aeternum
2201 3115 2216 3144 ;
2244 3110 2319 3149 quo
2347 3095 2410 3154 ille
2431 3094 2487 3131 di*-

1433 3166 1495 3191 res
1524 3152 1719 3202 ardebat,
1762 3156 1828 3206 qui
1859 3154 1995 3192 stillari
2024 3154 2098 3192 sibi
2135 3149 2340 3207 tie-Lazari
2370 3148 2486 3198 dlgltO

1375 3236 1401 3255 „
1434 3207 1608 3258 poscebat
1640 3206 1840 3246 humorem
1857 3209 1877 3223 '⁷
1896 3235 1905 3246 .
1939 3209 2142 3246 innumera
2170 3202 2337 3254 ejusdem
2363 3214 2481 3260 ’gene-

1373 3261 1424 3298 ris
1464 3270 1601 3312 praesto
1643 3271 1727 3299 sunt
1770 3262 1851 3300 loca
1881 3257 2176 3300 Mediolanensis
2205 3256 2390 3293 Antistius
2434 3254 2482 3291 ad

1373 3327 1578 3365 poenarum
1610 3315 1857 3353 infernalium
1888 3314 2134 3352 aeternitatem
2156 3309 2322 3346 dilucide
2344 3307 2483 3346 confir-

1375 3369 1579 3409 mandam.
1608 3367 1683 3407 Sed
1713 3368 1889 3421 pluribus
1916 3378 2009 3418 opus
2039 3376 2110 3403 non
2142 3373 2217 3403 est.
2250 3361 2351 3402 Illud
2379 3359 2484 3400 suffi-

2328 3421 2429 3459 ciat.

1399 727 1424 746 75

1377 3023 1402 3042 5)

1377 3076 1403 3095 22

1377 3128 1403 3148 >³

1377 3182 1403 3202 22
