2570 3745
562 174 1763 234 *stbkffiffistffiffes'nk*stffistffistststststststst‘kffae*
1772 177 1955 225 aava*

847 390 1659 458 TRACTATUS

342 640 535 721 DE
694 635 1330 715 GRATIA
1483 630 2171 710 CHRISTI

640 866 730 907 Vid-
763 866 806 906 S.
841 866 1023 908 Thomas
1059 878 1097 905 ι.
1131 878 1171 905 2.
1203 871 1359 916 quoest„
1392 876 1492 919 ¹09·
1520 876 1655 918 usque
1685 867 1744 907 ad
1778 863 1879 913 ¹¹4·

936 1043 985 1082 In
1013 1041 1193 1083 laudem
1223 1044 1369 1093 glorioe
1402 1048 1554 1094 gratiae
1584 1055 1701 1100 sure,
1733 1041 1895 1105 Ephes.
1926 1042 1963 1088 1.
1995 1047 2038 1089 6.

157 1433 328 1528 Nihil
356 1486 475 1539 magis
504 1484 699 1538 'Theologo
725 1484 981 1524 necessarium
1018 1484 1219 1535 existimo,

106 1555 225 1594 quam
253 1549 491 1586 accuratam,
520 1539 777 1598 omnibusque
805 1540 975 1576 numeris
1003 1537 1216 1576 absolutam

105 1596 237 1646 gratiae
267 1593 341 1632 Dei
370 1591 647 1644 cognitionem:
688 1604 782 1642 quia
817 1589 965 1642 aliquid
996 1589 1079 1640 ejus
1116 1592 1217 1629 veri-

106 1649 172 1686 tati
188 1675 208 1697 ,-
220 1645 520 1700 perfectionique
539 1642 738 1682 detrahere
751 1673 762 1692 ,
781 1643 925 1681 nedum
946 1643 1115 1682 divinam
1135 1642 1217 1695 glo-

105 1701 232 1749 riam,
261 1700 294 1737 &
323 1697 628 1738 beneficientiam
657 1695 880 1745 imminuit,
908 1697 971 1735 sed
1001 1698 1144 1744 etiam,
1175 1704 1216 1734 ut

106 1750 232 1792 Patres
244 1751 570 1804 Carthaginienses
585 1781 597 1800 ,
626 1764 671 1789 ac
690 1749 909 1790 Milevitani
926 1780 938 1799 ,
966 1763 1114 1789 necnon
1134 1763 1217 1788 ma·

106 1819 202 1858 gnus
228 1806 359 1859 gratiae
388 1805 526 1844 vindex
538 1804 774 1856 Augustinus
802 1804 1011 1843 rectissime
1037 1804 1217 1843 observa-

107 1868 219 1906 runt,
232 1858 518 1912 fundamenta
532 1857 640 1911 fidei
671 1856 911 1897 Christianae
937 1861 1072 1896 evertit
1100 1856 1218 1908 (vid.

106 1913 217 1964 epist.
259 1914 358 1953 inter
386 1912 545 1964 August.
580 1911 669 1964 175.
703 1910 792 1964 176.
834 1912 869 1949 ἃ
901 1910 991 1964 178.
1021 1910 1136 1949 Tom.
1168 1911 1219 1949 ll.

107 1964 212 2005 Edit.
241 1964 563 2015 PP.Maurin-).
592 1964 705 2013 Quod
732 1966 891 2018 quidem
919 1978 1035 2005 nemo
1062 1977 1220 2017 exagge-

108 2027 189 2058 rate
202 2020 348 2059 dictum
369 2018 538 2074 putabit,
566 2020 636 2072 qui
651 2017 711 2057 vel
731 2021 896 2070 cursim,
915 2019 1114 2072 obiterque
1133 2031 1220 2072 per-

107 2073 248 2126 pendat
275 2072 388 2126 hujus
416 2081 592 2113 tractatus
620 2074 895 2112 connexionem
916 2087 1007 2112 cum
1026 2075 1098 2122 iis,
1127 2084 1218 2126 quae

108 2126 156 2164 de
184 2126 331 2166 Divina
356 2128 536 2177 scientia,
573 2127 788 2175 voluntate,
825 2127 1088 2180 providentia,
1118 2139 1218 2179 prae-

108 2179 380 2228 destinatione3
408 2190 490 2220 tum
519 2181 632 2220 etiam
652 2180 980 2233 dejustificatione
999 2181 1112 2234 impii
1131 2211 1142 2229 ,
1171 2179 1218 2218 de

112 2235 248 2271 merito
265 2232 382 2286 justi,
410 2235 456 2273 de
476 2234 599 2273 libero
613 2234 773 2273 arbitrio
788 2265 800 2285 ,
827 2236 874 2274 de
893 2234 1099 2274 virtutibus
1113 2233 1218 2272 theo·

109 2284 242 2338 logicis
268 2286 367 2337 fide,
395 2302 487 2341 spe,
516 2288 549 2325 ἃ
576 2287 759 2328 charitate
775 2319 786 2338 ,
814 2289 862 2327 de
880 2289 1103 2328 contritione
1121 2318 1133 2336 ,
1162 2295 1218 2326 at-

108 2340 258 2378 tritione
277 2369 289 2389 ,
318 2339 352 2376 &
379 2343 630 2393 poenitentia,
672 2357 718 2381 ac
745 2343 792 2381 de
819 2344 930 2382 totius
955 2342 1220 2381 observatione

110 2391 152 2430 io
166 2390 376 2443 Theologia
393 2395 489 2428 tradi
504 2395 623 2433 solent
637 2421 650 2435 .
677 2395 765 2434 Uno
784 2396 901 2435 verbo
919 2397 1046 2435 dicam
1062 2425 1074 2445 ,
1093 2409 1218 2450 quan·

109 2452 149 2483 ta
178 2454 232 2483 est
260 2443 396 2496 religio
422 2453 573 2500 nostra,
603 2447 777 2486 achi-isti
804 2452 925 2501 gratia
937 2450 1122 2501 dependet
1139 2480 1150 2498 ‚
1166 2451 1218 2488 si-

107 2511 158 2537 ne
184 2511 288 2551 qua,
331 2510 403 2534 nec
431 2510 513 2547 ejus
542 2499 732 2548 profunda
760 2505 941 2551 mysteria.
968 2504 1110 2540 utiliter
1137 2517 1217 2540 cre-

107 2552 175 2599 di,
204 2563 325 2604 neque
352 2558 479 2588 sancta
500 2549 580 2600 ejus
600 2560 818 2603 praecepta,
848 2562 888 2590 ut
902 2563 1065 2605 oportet,
1095 2555 1218 2593 adim-

107 2604 207 2658 pleri
237 2602 448 2643 salutariter
478 2612 655 2655 possunt.
686 2603 797 2650 Quod
825 2608 1024 2658 perspicue
1050 2607 1100 2645 ab
1120 2607 1214 2646 Illu-

106 2659 293 2697 otrissimo
321 2655 428 2695 Petro
456 2656 674 2695 Lombardo
703 2657 882 2710 Archiep.
904 2660 1143 2699 Armachauo
1172 2662 1212 2700 in

103 2723 174 2752 nuo
200 2710 352 2760 Scripto
388 2710 637 2749 sanctissimo
664 2709 764 2749 Patri
793 2711 910 2749 Paulo
938 2712 988 2752 V.
1018 2713 1212 2763 exhibit03

108 2774 192 2803 tum
219 2780 242 2803 a
271 2764 313 2803 P.
343 2764 500 2803 Hieron.
529 2764 639 2817 Bapt.
667 2764 713 2801 de
744 2763 780 2802 la
809 2766 914 2804 muza
941 2765 990 2804 O.
1018 2766 1060 2805 Ρ.
1091 2767 1211 2808 iuLi·

104 2816 203 2857 bello
229 2818 455 2857 memoriali
483 2817 608 2856 eidem
637 2817 756 2856 Paulo
771 2817 821 2855 V.
849 2819 934 2856 dato
948 2832 1044 2856 anno
1069 2820 1210 2871 1612„

104 2869 266 2925 aliisque
294 2872 584 2911 demonstratum
615 2871 713 2910 fuit·-
761 2870 959 2924 Permagni
1001 2874 1115 2924 igitur
1154 2877 1211 2913 iu-

102 2932 241 2973 terest,
284 2927 324 2964 iu
354 2925 423 2964 hoc
451 2934 608 2963 tractatu
636 2938 792 2976 operam
834 2939 985 2964 omnem
1002 2955 1013 2973 ,
1052 2940 1095 2963 ac
1123 2926 1212 2965 dili-

100 2980 267 3030 gentiam
296 2978 534 3030 impendere,
564 2979 665 3030 quod
685 2992 748 3017 nos
762 2979 894 3017 eadem
910 2978 1117 3030 opitulante
1132 2980 1207 3019 Dei

100 3032 266 3078 Gratia,
294 3033 375 3069 siue
402 3044 480 3083 qua
506 3031 603 3070 nihil
634 3044 830 3084 possumus
846 3063 856 3081 ‚
887 3046 956 3085 pro
976 3034 1123 3071 viribus
1143 3048 1206 3072 co-

100 3084 285 3126 nabimur
300 3114 311 3133 ‚
331 3093 524 3137 totumque
542 3097 636 3138 opus
654 3086 869 3124 dividemus
889 3088 928 3124 in
950 3097 1072 3138 partes
1087 3089 1178 3125 duas
1194 3104 1204 3134 ;

96 3138 140 3178 in
169 3151 333 3191 quarum
361 3137 477 3177 altera
504 3138 549 3176 de
575 3139 697 3191 gratia
723 3140 865 3180 actuali
884 3154 1060 3194 agemus,
1090 3143 1129 3182 in
1150 3142 1205 3183 al-

97 3201 180 3236 tera
206 3193 253 3232 de
282 3191 495 3233 habituali.
635 3189 640 3195 ⁵

214 3403 451 3463 Gazzaniga
481 3409 612 3452 Theoi.
641 3410 755 3453 Tem.
774 3412 844 3455 v1.

1745 1485 1888 1526 ‘PARS
1916 1487 1949 1526 1.

1615 1589 1681 1629 De
1713 1591 1863 1630 Gratia
1892 1593 2072 1631 actuali.

1341 1708 1377 1736 ι.
1394 1669 1569 1741 Gratias
1596 1709 1736 1736 nomen
1751 1725 1765 1745 ,
1792 1696 1823 1736 si
1852 1699 1955 1736 vocis
1975 1695 2246 1750 etymologiam
2262 1707 2406 1750 specte-

1281 1762 1369 1788 mus
1385 1778 1397 1798 ,
1427 1749 1582 1801 proprie
1610 1749 1801 1802 siguificat
1819 1751 1859 1788 id
1875 1781 1887 1800 ,
1916 1752 2017 1803 quod
2033 1753 2148 1803 gratis
2167 1751 2299 1799 datur,
2329 1765 2404 1790 non

1283 1811 1413 1841 antem
1442 1803 1589 1841 meritis
1615 1804 1864 1855 rependitur;
1894 1805 1996 1843 unde
2024 1805 2065 1843 S.
2095 1803 2235 1844 Paulus
2265 1805 2405 1844 Doctor

1283 1857 1416 1910 gratiae
1445 1856 1494 1895 ad
1524 1855 1634 1895 Rom.
1665 1856 1737 1896 Xl.
1766 1857 1804 1897 6.
1834 1857 1877 1896 Sc·
1905 1868 2044 1897 autem
2062 1863 2225 1912 gratia,
2257 1860 2404 1912 iuquit,

1279 1912 1378 1965 jam
1405 1923 1488 1949 non
1515 1923 1570 1950 ex
1596 1910 1773 1963 operibus
1782 1925 1799 1957 ,-
1834 1912 2010 1964 alioquin
2037 1916 2175 1965 gratia
2197 1914 2293 1966 jam
2323 1925 2405 1950 non

1286 1974 1347 2004 est
1373 1967 1534 2019 gratia.
1563 1964 1680 2004 Porro
1708 1965 1805 2004 dona
1831 1968 1948 2018 gratis
1976 1981 1999 2004 a
2019 1966 2102 2005 Deo
2129 1966 2239 2005 nobis
2266 1965 2403 2005 collata

1286 2018 1454 2072 duplicis
1482 2028 1567 2058 sunt
1595 2021 1773 2072 generis,
1801 2033 1867 2058 seu
1896 2021 2066 2066 ordinis;
2096 2019 2174 2058 alia
2189 2021 2403 2070 naturalia,

1286 2072 1364 2110 alia
1391 2073 1725 2124 supernaturalia.
1768 2072 1889 2112 Primi
1930 2076 2078 2126 generis
2115 2083 2201 2111 sunt
2230 2075 2370 2111 creatio
2390 2104 2402 2122 ‚

1285 2126 1520 2164 conservatio
1548 2126 1582 2162 ἃ
1613 2125 1863 2176 hujusmodi:
1891 2140 2011 2178 quare
2039 2125 2216 2177 Synodus
2247 2125 2313 2163 V1.
2345 2141 2403 2164 οε-

1285 2181 1488 2218 cumenica
1518 2179 1640 2230 (Act.
1671 2177 1778 2230 xl.)
1820 2178 1994 2231 Angelos
2021 2191 2107 2217 esse
2150 2179 2402 2217 immortales

1285 2246 1355 2284 per
1381 2235 1562 2286 gratiam
1590 2231 1682 2270 dicit
1698 2247 1714 2277 ;
1744 2241 1994 2270 veruntamen
2023 2244 2113 2269 usus
2141 2232 2243 2283 apud
2275 2232 2309 2269 T
2314 2231 2401 2270 lieo-

1285 2287 1388 2340 logos
1416 2285 1607 2335 invaluit,
1637 2295 1677 2323 ut
1705 2286 1860 2324 nomine
1887 2286 2019 2337 gratiae
2049 2285 2148 2323 dona
2174 2285 2321 2325 ordinis
2339 2300 2402 2324 su·

1286 2340 1540 2394 pernaturalis
1556 2341 1708 2391 proprie
1722 2337 1756 2374 8(
1772 2337 2018 2390 peculiariter
2034 2338 2296 2391 designentur3
2311 2355 2399 2392 quae

1285 2407 1353 2433 nos
1381 2394 1427 2432 ad
1458 2395 1575 2432 vitam
1605 2402 1788 2430 aeternam
1818 2401 2072 2444 promovent,
2116 2393 2217 2431 unde
2245 2392 2286 2432 S.
2320 2396 2398 2431 Au«

1284 2449 1454 2499 gustiuus
1484 2445 1636 2498 (Epist.
1663 2460 1750 2498 ¹77.
1778 2445 1831 2484 al.
1855 2448 1922 2500 95.
1964 2448 2012 2485 ad
2042 2446 2222 2485 Innocen.
2258 2461 2298 2484 n.
2325 2447 2396 2497 7.)

1286 2530 1312 2550 ,‚
1342 2500 1420 2539 Etsi
1435 2501 1539 2538 enim
1556 2530 1568 2548 ,
1597 2504 1742 2552 inquit,
1770 2501 1938 2552 quadam
1969 2513 2043 2539 non
2065 2499 2315 2551 improbanda
2336 2513 2395 2537 ra·

1285 2583 1311 2602 ,‚
1342 2556 1439 2591 tione
1466 2554 1608 2592 dicitur
1634 2556 1755 2607 gratia
1784 2555 1887 2603 Dei,
1916 2569 1993 2606 qua
2024 2554 2137 2591 creati
2167 2566 2324 2600 sumus,
2355 2562 2395 2591 ut

1283 2636 1310 2655 „
1340 2605 1514 2646 nonnihil
1544 2621 1736 2656 essemus,
1765 2622 1836 2646 nec
1866 2619 2029 2646 essemus
2056 2604 2232 2656 aliquid,
2263 2615 2303 2643 ut
2331 2619 2393 2645 ca—

1281 2689 1309 2709 „
1337 2660 1481 2710 daver,
1522 2662 1623 2713 quod
1654 2675 1725 2699 non
1755 2662 1874 2707 vivit,
1915 2667 1979 2695 aut
2015 2656 2155 2704 arbor,
2185 2670 2273 2709 quae
2315 2672 2393 2699 non

1281 2741 1308 2763 „
1337 2715 1472 2763 sentit,
1502 2725 1565 2753 aut
1595 2729 1737 2768 pecus,
1765 2712 1865 2763 quod
1892 2723 1968 2748 non
1997 2708 2202 2762 intelligit,
2231 2712 2296 2750 sed
2326 2712 2392 2750 ho-

1279 2796 1307 2816 „
1337 2768 1487 2816 mines,
1515 2771 1584 2821 qui
1614 2769 1646 2805 8<
1678 2778 1864 2813 essemus,
1906 2762 1941 2800 8(
1970 2763 2215 2813 viveremus,
2245 2765 2280 2802 8<
2310 2780 2391 2804 sen-

1280 2849 1306 2869 „
1337 2822 1521 2870 tiremus,
1553 2823 1584 2858 &
1615 2819 1936 2868 intelligeremus3
1965 2815 2000 2853 ἃ
2028 2819 2076 2855 de
2105 2816 2175 2856 hoc
2205 2828 2304 2857 tanto
2323 2821 2389 2858 he-

1279 2902 1306 2922 ,‚
1335 2874 1475 2913 nefieio
1503 2874 1668 2912 Creatori
1698 2881 1823 2909 nostro
1863 2871 2002 2922 gratias
2044 2884 2155 2923 agere
2182 2873 2354 2911 valemus
2374 2905 2386 2924 ‚

1280 2955 1306 2975 ,‚
1336 2929 1436 2966 uude
1464 2930 1597 2966 merito
1625 2925 1658 2962 St
1688 2925 1756 2962 ista
1783 2926 1904 2978 gratia
1932 2925 2007 2962 dici
2031 2934 2146 2978 potes-t
2163 2956 2173 2973 ,
2203 2927 2294 2980 quia
2309 2940 2386 2968 uon

1280 3008 1307 3028 ‚,
1338 2982 1633 3032 praecedentium
1662 2977 1879 3031 aliquorum
1911 2978 2095 3018 bonorum
2124 2992 2284 3031 operum
2307 2994 2385 3018 me-

1274 3061 1301 3080 „
1331 3036 1437 3082 ritis,
1467 3034 1529 3071 setl
1557 3033 1718 3084 gratuita
1747 3032 1819 3070 Dei
1847 3032 2011 3071 bonitate
2039 3033 2175 3072 donata
2204 3042 2276 3079 est;
2307 3035 2385 3072 alia

1274 3112 1302 3134 „
1331 3098 1383 3125 est
1412 3098 1563 3133 tannen,
1592 3100 1668 3139 qua
1698 3087 1955 3139 praedestiuati
1978 3100 2183 3136 vocamur,
2212 3087 2383 3140 jusifica-

1273 3167 1301 3188 „
1331 3154 1443 3187 mur,
1472 3139 1759 3192 glorificamur.
1788 3143 1814 3163 “

1328 3207 1365 3232 2.
1396 3195 1529 3233 Gratia
1549 3205 1679 3235 -sumta
1710 3206 1777 3247 pro
1803 3194 1901 3234 dono
1928 3195 2205 3249 supernaturali
2240 3197 2379 3237 dividi-

1269 3255 1330 3284 tur
1358 3251 1485 3297 primo
1512 3249 1550 3289 iu
1579 3248 1813 3288 habitualem
1831 3279 1842 3297 ,
1872 3249 1905 3288 δι
1933 3249 2145 3299 actualem,
2176 3249 2301 3290 Prima
2317 3253 2379 3288 de-

1274 3301 1380 3340 finiri
1407 3312 1521 3355 potest
1563 3318 1607 3342 ex
1636 3304 1677 3343 S.
1707 3303 1856 3342 Tlioma
1892 3318 1925 3343 1.
1958 3319 1994 3343 2.
2037 3320 2075 3358 q.
2111 3318 2198 3343 1¹0.
2241 3316 2308 3343 art.
2341 3317 2378 3343 2.

1271 3385 1298 3407 ,‚
1328 3357 1450 3400 forma
1475 3359 1678 3412 quadam,
1708 3357 1769 3400 vel
1798 3358 1963 3410 qualitas
1981 3358 2277 3412 supernaturalis
2297 3359 2378 3397 ani-

1803 3422 1819 3449 1
2193 3440 2220 3461 „
2249 3424 2324 3450 111ae
