2562 3694
274 203 349 229 122

210 268 365 309 unitur,
407 265 640 301 existimasse
669 264 832 300 Heroem
876 261 987 301 illum
1018 263 1291 302 Maeliabaeum
1314 292 1324 309 ,

208 330 272 357 aut
304 317 388 356 ilios
417 319 560 355 milites
601 316 789 355 lethaliter
818 329 890 354 non
922 331 1094 368 peccasse
1123 317 1326 354 auferendo

206 372 341 424 templi
371 372 547 419 donaria,
576 380 639 408 aut
671 370 812 422 peccati
834 379 919 407 ante
949 380 1106 408 mortem
1128 368 1323 420 prenituis-

205 440 244 464 se
266 456 276 474 ,
308 435 346 463 ιιι
376 426 535 477 proinde
564 439 637 463 nou
667 433 785 461 essent
814 422 1007 470 solvendi,
1037 425 1110 459 nisi
1140 436 1162 456 a
1191 433 1322 470 pecca-

203 481 249 518 tis
279 478 519 527 venialibus,
557 488 621 516 aut
648 477 840 516 liberandi
869 492 891 512 a
919 474 1170 514 satisfactoriis
1188 502 1198 520 ,
1228 487 1323 525 quas

203 535 242 571 in
273 533 343 570 hac
364 534 440 570 vita
457 532 669 584 persolvere
698 546 772 569 non
795 538 993 579 potuerunt
1011 557 1020 573 ‚
1049 526 1150 577 quod
1173 540 1323 578 expres-

201 588 278 625 sius
314 587 487 625 innuitur
518 589 554 624 in
599 594 699 623 textu
742 595 897 634 graeCO,
947 582 1013 617 ubi
1053 580 1209 630 ponitur
1252 593 1323 618 vox

201 638 336 686 τελοιός
365 639 560 689 perfecte:
590 639 730 677 scilicet
749 648 892 684 rogasse
911 634 1064 671 Judaeus
1080 662 1090 680 ,
1123 642 1160 669 ut
1180 633 1320 671 admis-

201 705 286 729 sum
329 686 510 731 delictum
553 692 752 742 perfecte,
794 687 843 725 Θ
871 690 1034 723 omnino
1077 686 1318 725 aboleretur.

199 745 288 793 Quo
316 745 398 784 loco
425 747 547 783 obiter
576 740 940 787 animadvertimus,
977 740 1181 778 Novatores
1212 753 1319 778 euer-

200 801 312 836 maer
341 798 424 836 falli
442 828 452 845 ,
482 798 573 834 dum
603 794 763 842 volunt,
802 795 930 831 mortis
959 807 1114 846 poeuam
1144 793 1318 832 sufficere

198 853 244 888 ad
275 862 481 890 nostrorum
506 857 749 902 peccatorum
780 846 962 899 reliquias
991 846 1196 894 delendas,
1226 861 1317 885 cum

195 905 267 942 illa
296 918 368 941 uon
397 903 587 941 suffecerit
617 903 830 939 fortissimis
859 903 906 939 iis
923 899 1130 949 militibus,
1160 901 1229 952 qui
1247 914 1314 953 pro

193 957 388 1007 religionis
415 957 630 994 defensione
659 956 699 992 in
732 954 867 1006 praelio
895 955 1097 992 obierant.

250 1009 338 1060 298.
370 1009 480 1057 Quod
509 1013 644 1061 quinto
672 1008 756 1046 loco
785 1009 1041 1059 respondent,
1084 1020 1159 1045 non
1189 1006 1312 1047 solnm

191 1076 296 1100 mera
331 1071 385 1101 est
413 1064 624 1110 divinatio,
671 1061 778 1100 omni
821 1062 1068 1100 fundamento
1109 1062 1311 1108 destituta;

188 1117 251 1154 sed
281 1116 394 1154 etiam
425 1130 499 1155 nou
529 1124 645 1169 potest
673 1129 762 1154 cum
792 1128 898 1154 sacro
926 1123 1098 1153 contextu
1129 1115 1312 1153 concilia·

188 1172 250 1217 ri,
281 1170 348 1208 ubi
377 1171 543 1219 dicitur,
574 1168 766 1222 collegisse
780 1169 920 1207 Judarn
951 1169 1152 1206 duodecim
1184 1167 1309 1206 millia

187 1223 390 1261 drachmas
410 1226 552 1276 argenti
570 1254 580 1273 ,
612 1233 651 1261 ut
670 1222 894 1261 offerrentur
921 1236 990 1273 pro
1010 1226 1184 1273 peccatis
1205 1235 1309 1260 mor-

187 1286 341 1315 tuorum
358 1308 368 1325 ,
400 1291 472 1315 non
504 1291 572 1330 pro
600 1276 738 1315 affectu
756 1277 1008 1325 ostendendo,
1038 1277 1101 1315 sed
1122 1285 1162 1312 ut
1179 1289 1308 1326 apec—

186 1335 289 1369 catis
318 1331 550 1376 εοίναηιιινς
579 1345 719 1383 nempe
750 1339 788 1368 ut
818 1330 922 1368 Deus
951 1330 1121 1383 placatus
1151 1329 1308 1367 illorum

184 1385 388 1422 animabus
417 1394 616 1437 parceret,
658 1397 826 1436 quorum
865 1396 1025 1436 corpora
1059 1384 1181 1421 occidi
1210 1383 1309 1434 juste

182 1447 436 1490 permiserat.

242 1504 335 1544 299.
366 1491 557 1530 Postrema
587 1492 783 1543 responsio
812 1488 926 1529 facile
956 1488 1144 1528 refellitur
1174 1503 1218 1527 ex
1240 1503 1305 1538 eo,

183 1547 285 1597 quod
318 1546 461 1583 factum
482 1546 592 1584 Judae
613 1545 687 1583 viri
718 1545 913 1582 fortissimi
935 1543 1006 1582 fuit
1021 1559 1043 1580 a
1063 1553 1135 1581 toto
1165 1544 1307 1595 populo

181 1597 377 1636 laudatum
396 1630 406 1648 ,
437 1597 596 1651 ejusque
626 1597 802 1651 exemplo
829 1611 959 1635 omnes
975 1597 1029 1635 ad
1057 1610 1192 1648 preces
1212 1610 1306 1635 con-

182 1655 282 1689 versi
311 1662 577 1705 rogaverunt,
607 1662 647 1689 ut
676 1651 742 1699 id,
772 1651 872 1702 quod
888 1649 1059 1702 fuctum
1089 1659 1205 1699 erat,
1236 1650 1304 1690 de-

178 1705 342 1753 lictum,
371 1704 548 1743 oblivioni
576 1705 830 1748 traderetur,-
875 1705 907 1739 δι
936 1718 1067 1745 omues
1097 1706 1302 1755 pecuniam

180 1758 417 1796 contulerunt
446 1758 493 1796 ad
522 1758 712 1796 sacrificia
741 1770 810 1809 pro
845 1757 1034 1794 defunctis
1076 1757 1298 1794 offerenda:

178 1809 341 1848 Publica
370 1811 454 1850 haec
473 1812 697 1863 approbatio
718 1812 855 1848 invicte
885 1810 991 1847 nobis
1005 1811 1164 1848 ostendit
1193 1823 1297 1847 com-

176 1877 333 1902 munem
354 1865 578 1902 Judaeorum
595 1864 877 1915 persuasionem
896 1863 1104 1914 Purgatorii
1123 1893 1132 1910 ,
1164 1863 1197 1899 8(
1218 1864 1296 1900 suf-

173 1917 383 1967 fragiorum
401 1947 411 1965 ,
440 1917 581 1969 quibus
611 1916 782 1954 infelices
810 1915 891 1952 illae
920 1918 1063 1953 auimae
1094 1915 1297 1965 juventur.

228 1970 321 2008 500.
351 1970 488 2008 Dices.
511 1970 552 2007 Iu
568 1970 667 2020 Lege
687 1968 861 2007 Mosaica
877 1968 972 2005 nihil
991 1970 1181 2006 invenitur
1197 1983 1297 2019 prae-

175 2025 358 2076 scriptum
388 2024 434 2062 de
463 2022 685 2075 hujusmodi
727 2021 927 2060 sacrificiis
963 2034 1032 2073 pro
1063 2021 1262 2059 Defunctis
1284 2050 1295 2070 ,

172 2087 213 2114 ut
242 2092 264 2115 a
293 2079 458 2130 peccatis
492 2076 712 2114 solvantur:
754 2076 856 2128 quod
898 2087 986 2126 ergo
1034 2075 1124 2112 fecit
1151 2074 1294 2123 Judas,

171 2133 328 2183 proprio
356 2132 540 2170 arbitratu
571 2131 687 2178 fecit,
731 2139 770 2167 ut
797 2141 870 2166 non
900 2130 1014 2181 possit
1056 2127 1155 2167 trahi
1184 2129 1224 2166 in
1256 2143 1293 2166 e-

170 2184 371 2236 xemplum
401 2184 636 2224 doctrinale.

225 2238 318 2276 501.
349 2239 485 2290 Resp.,
526 2253 570 2276 ea
598 2236 869 2290 comprehendi
898 2235 969 2275 sub
999 2235 1080 2288 lege
1122 2236 1292 2287 generali

169 2290 216 2328 de
244 2291 444 2331 sacrificiis
471 2305 541 2344 pro
582 2293 747 2343 peccatis
783 2292 893 2328 totius
923 2289 1084 2341 populi,
1127 2304 1291 2342 quaeque

169 2344 373 2396 proderant
403 2358 474 2383 nou
506 2344 757 2397 praesentibus
784 2344 1066 2391 tautummodo,
1096 2344 1160 2381 sed
1175 2345 1291 2382 etiam

169 2395 418 2436 absentibus.
449 2397 509 2436 Ab
538 2398 609 2437 hoc
640 2397 782 2450 populo
810 2400 913 2435 enim
945 2412 1017 2435 nou
1039 2397 1291 2436 censebantur

169 2449 313 2500 alieni,
354 2453 423 2503 qui
451 2465 541 2490 cum
571 2453 707 2503 pietate
735 2452 1001 2489 dormitionem
1039 2460 1287 2503 acceperant:

167 2504 285 2542 variis
315 2513 439 2544 tamen
469 2506 591 2543 modis
620 2503 863 2557 peculiariter
891 2518 1024 2542 curam
1042 2517 1108 2556 pro
1130 2506 1287 2543 mortuis

166 2551 379 2604 babebant3
409 2559 510 2596 unde
540 2557 637 2596 illud
667 2557 1040 2610 Ecclesiastici(qui
1069 2559 1171 2595 circa
1192 2567 1284 2596 tem-

167 2623 261 2662 pora
290 2611 559 2651 Machabaeica
588 2613 727 2650 vixisse
761 2611 927 2649 creditur
958 2612 971 2660 )
1003 2625 1087 2663 cap.
1109 2610 1195 2649 VII.
1219 2612 1285 2663 57.

166 2663 334 2703 Mortuo
362 2677 442 2704 non
471 2664 675 2717 prohibeas
703 2669 910 2717 gratiam,
948 2679 1084 2716 nempe
1123 2664 1285 2703 eleemo-

168 2731 305 2769 synas,
336 2733 465 2772 preces
483 2750 492 2768 ,
524 2718 558 2755 ἃ
586 2718 776 2757 sacrificia
806 2719 870 2769 (a)
890 2745 900 2756 .

222 2771 313 2810 502.
342 2772 434 2825 Obj.
477 2776 606 2824 primo
646 2772 766 2811 verba
795 2771 936 2810 Psalmi
965 2770 1146 2810 CXXVI.
1187 2771 1287 2810 Cum

173 2821 318 2863 dederit
347 2826 497 2865 dilectis
517 2830 597 2864 suis
616 2839 803 2864 somnum
819 2855 830 2874 ,
861 2838 954 2864 ecce
970 2824 1182 2863 haereditas
1202 2826 1285 2864 Do-

169 2880 298 2921 7721'712'5
327 2880 430 2920 nulla
459 2894 547 2933 ergo
576 2889 626 2919 est
646 2893 754 2918 mora
782 2881 879 2917 inter
893 2888 1054 2918 mortem
1074 2878 1284 2931 justorum,

168 2941 374 2982 eorumque
403 2934 663 2974 haereditatem
696 2936 733 2972 in
763 2933 889 2972 coelo.
989 2980 991 2982 Ι

225 2981 318 3021 505.
348 2985 457 3040 Resp.
475 3019 486 3036 ,
517 2991 640 3040 reipso
663 2988 882 3026 immediate
911 2996 991 3039 post
1010 2996 1168 3024 mortem
1185 3001 1285 3040 prae-

170 3042 224 3072 sto
251 3048 328 3073 esse
356 3036 610 3080 haereditatem
640 3041 773 3094 gloriae
816 3040 997 3090 caelestis,
1040 3055 1129 3092 quae
1158 3044 1288 3079 statim

167 3101 238 3141 per
265 3093 434 3142 supremi
454 3094 472 3130 J
480 3095 596 3134 udicis
623 3097 846 3135 seutentiam
875 3094 953 3133 illis
982 3095 1286 3135 irrevocabiliter

218 3248 271 3285 (α)
295 3246 489 3290 Antiquam
508 3269 518 3288 ,
545 3249 575 3279 &
601 3259 816 3286 constantem
829 3251 1031 3286 Judaeorum
1058 3249 1290 3285 traditionem

176 3291 220 3326 de
247 3293 452 3336 Purgatorio
476 3291 725 3329 demonstravit
759 3308 875 3332 noster
901 3299 937 3332 P.
964 3300 1137 3332 Henricus
1163 3310 1181 3331 a
1208 3299 1290 3331 Por-

170 3346 208 3372 ta
244 3338 280 3371 in
319 3340 390 3372 suis
428 3338 745 3374 Exercitaetombus
782 3355 901 3379 contra
936 3345 1184 3379 Theodericum
1216 3345 1289 3379 lla-

171 3386 372 3428 cli-spaniam
397 3388 460 3418 ὅτε.
487 3383 629 3419 Mediol.
660 3387 759 3429 1758.
841 3391 978 3424 Judaeos
1003 3404 1068 3437 pro
1085 3392 1233 3424 mortuis
1253 3404 1291 3425 o-

172 3441 251 3465 rare
276 3431 520 3473 consuevisse,
546 3429 655 3468 tradit
679 3432 787 3468 etiam
813 3436 913 3481 Hugo
937 3438 1080 3473 Grotius
1106 3440 1142 3472 in
1159 3439 1290 3474 Annot.

686 184 767 227 DE
800 183 937 227 ACT.
972 183 1127 227 HUM.
1161 183 1426 227 DISSERT.
1450 183 1527 227 IV.
1560 183 1690 226 CAP.
1715 185 1770 228 V.
1804 187 1930 229 APP.
1953 188 2008 230 II.

1392 261 1660 313 adjudicatur,
1699 263 1786 300 licet
1816 277 1887 300 non
1915 265 2020 304 illico
2048 268 2101 306 eis
2129 266 2319 306 tribuatur
2339 297 2349 315 ,
2379 268 2409 306 si
2438 266 2509 308 ali*

1394 330 1470 367 qua
1498 316 1645 353 obstent
1683 317 1979 366 impedimenta:
2022 323 2114 372 quia
2141 320 2237 358 nillil
2277 325 2508 373 coinquina-

1392 378 1477 405 tum
1507 368 1679 406 introibit
1708 373 1749 405 in
1770 382 1940 420 regnum
1959 374 2166 411 coelorum:
2196 375 2338 414 Textus
2356 374 2507 413 hebrai-

1391 436 1457 459 cus
1495 421 1605 460 habet
1637 428 1702 467 τΠῚ
1736 430 1766 465 Π
1798 427 1852 459 sic
1871 422 1979 460 dabit
1996 450 2006 462 .
2049 427 2225 465 Ceterum
2248 429 2348 466 idem
2369 428 2410 466 S.
2431 428 2508 466 Rex

1390 475 1517 513 David
1549 478 1586 513 in
1618 475 1676 512 Ps.
1698 475 1822 513 LXV.
1851 475 1968 526 justQ
2004 479 2054 514 ita
2090 478 2282 531 loquentes
2329 482 2507 520 inducit:

1394 526 1666 566 Trunsivimus
1694 541 1762 579 per
1789 533 1922 580 ignem
1946 559 1956 577 ,
1985 530 2034 570 C
2050 543 2228 581 ‹ztyie.1.rtz‚
2257 535 2306 575 (ἓν
2336 534 2507 573 eduxisti

1389 595 1462 619 νιος
1491 586 1531 618 in
1561 581 1813 633 refrigeriwtz
1831 609 1842 619 .
1871 583 1972 630 Quas
1995 584 2111 622 verba
2126 586 2331 636 Origenes,
2360 589 2506 639 aliique

1391 636 1538 673 nobiles
1560 636 1780 686 interpretes
1808 636 1853 672 de
1883 650 1981 687 aqua
2010 637 2218 689 baptismi,
2249 639 2282 675 &
2311 641 2503 692 ignel'iir-

1387 690 1521 739 gatorii
1565 689 1859 727 intellexeruut.
1903 690 1943 727 S.
1976 691 2199 728 Ambrosius
2227 691 2348 730 Serm.
2370 695 2432 732 ΙΙΙ.
2463 697 2505 733 ιιι

1387 742 1486 781 l’sal.
1516 742 1694 780 CXVHI.
1724 742 1800 779 Per
1830 756 2011 794 aquam,
2042 745 2192 794 inquit,
2223 753 2263 781 ut
2292 745 2504 785 abluantur

1384 805 1556 846 peccatu.
1577 811 1588 833 .·
1619 809 1689 846 per
1719 800 1853 848 ignem
1873 827 1882 844 ,
1913 805 1954 832 ut
1982 808 2207 834 exurantur
2224 824 2234 835 .

1440 849 1532 897 504.
1562 850 1655 902 Obj.
1697 849 1895 889 secundo.
1940 849 2182 889 Ecclesiastes
2212 850 2283 889 IX.
2319 863 2378 889 10.
2406 853 2501 892 diei-

1385 911 1469 941 tur:
1492 934 1518 953 „
1540 904 1822 956 Quodcumque
1853 912 1968 956 potest
1991 904 2115 942 facere
2146 919 2280 942 manus
2309 913 2372 942 tua
2389 935 2399 953 ‚
2442 908 2500 944 iu-

1383 986 1409 1005 „
1437 966 1577 995 stanter
1605 970 1789 1009 operare,
1819 958 1910 1009 quia
1941 971 2007 995 nec
2036 971 2158 1009 opus,
2188 971 2258 996 nec
2281 961 2400 1006 ratio,
2430 973 2502 998 nec

1382 1040 1408 1058 ,‚
1438 1012 1618 1063 sapientia
1646 1020 1756 1049 erunt
1785 1011 1887 1062 apud
1909 1011 2068 1059 inferos,
2098 1025 2175 1063 quo
2195 1019 2233 1048 tu
2251 1024 2429 1064 properas
2451 1013 2471 1027 ’⁷
2488 1039 2502 1052 .

1382 1063 1544 1102 Nullum
1576 1066 1703 1117 itaque
1731 1073 1899 1116 superest
1930 1066 1968 1102 in
1997 1064 2114 1102 altera
2145 1066 2221 1102 vita
2250 1078 2317 1115 pro
2339 1066 2502 1116 peccatis

1381 1119 1618 1156 remedium.
1648 1117 1696 1155 Et
1725 1117 1866 1156 clarius
1895 1131 1980 1170 cap.
2003 1118 2071 1156 Xl.
2104 1118 2143 1156 5.
2174 1117 2215 1155 St
2239 1117 2428 1167 ‚ceciderit
2457 1120 2502 1156 li-

1378 1184 1504 1223 gnum
1533 1171 1587 1209 ad
1616 1181 1820 1220 αιιςινιιηι,
1850 1180 1919 1208 aut
1947 1169 2003 1208 acl
2029 1172 2256 1223 aquilonem
2274 1202 2283 1220 ,
2314 1184 2500 1222 quocum-

1378 1238 1451 1276 que
1481 1226 1563 1263 loco
1592 1225 1774 1263 ceciderit
1792 1255 1802 1272 ‚
1844 1224 1892 1262 ibi
1921 1229 2024 1269 erit;
2066 1225 2208 1277 quibus
2247 1225 2373 1263 verbis
2402 1227 2500 1265 desi-

1377 1287 1515 1330 gnatur
1544 1281 1775 1330 perpetuitas
1804 1287 1918 1316 status
1938 1277 2092 1317 alterius
2114 1280 2201 1316 vitae
2219 1309 2229 1327 ‚
2258 1281 2411 1317 omniuo
2427 1282 2501 1318 iin-

1377 1331 1600 1378 mutabilis,
1630 1331 1846 1382 cujusmodi
1875 1344 1949 1369 non
1977 1341 2028 1369 est
2058 1331 2327 1382 Purgatorius.

1430 1385 1523 1422 505.
1555 1384 1670 1436 Resp.
1700 1385 1746 1421 ad
1775 1388 1974 1435 primum,
2004 1384 2059 1421 ibi
2089 1385 2221 1431 docet,
2250 1386 2351 1436 quod
2381 1387 2499 1425 veris-

1375 1437 1515 1475 simum
1547 1448 1618 1486 est,
1656 1446 1768 1489 atque
1797 1437 1846 1474 ab
1874 1436 2052 1474 omnibus
2082 1436 2283 1489 Tlieologis
2313 1439 2497 1488 traditur,

1375 1502 1454 1542 post
1485 1491 1582 1529 hanc
1612 1491 1729 1529 vitam
1760 1489 1912 1528 nullum
1950 1489 2119 1542 amplius
2147 1504 2223 1528 esse
2252 1489 2382 1528 locum
2418 1506 2498 1529 me-

1375 1546 1466 1591 rit03
1505 1545 1602 1582 unde
1640 1545 1756 1582 etiam
1798 1545 1941 1582 animae
1985 1544 2173 1596 justorum
2206 1545 2246 1581 in
2278 1543 2497 1595 Purgatorio

1373 1611 1451 1637 non
1481 1606 1671 1636 merentur
1700 1597 1803 1649 apud
1820 1596 1970 1645 Deum,
2001 1597 2064 1635 sed
2092 1598 2216 1635 solum
2246 1598 2425 1649 patiendo
2439 1599 2495 1637 di-

1373 1653 1475 1690 vinae
1507 1651 1661 1702 justitiae
1692 1650 1949 1689 satisfaciunt:
1981 1659 2135 1702 possunt
2163 1665 2184 1688 a
2205 1651 2336 1699 nobis,
2365 1654 2431 1704 qui
2455 1654 2495 1692 in

1372 1705 1436 1742 via
1465 1718 1617 1751 sumus,
1647 1705 1694 1741 ad
1714 1703 2022 1741 satisfaciendum
2045 1704 2181 1741 nostris
2210 1704 2400 1756 suffragiis
2428 1706 2493 1744 ad-

1366 1755 1523 1807 juvari.
1567 1758 1607 1795 S.
1638 1758 1845 1808 Gregorius
1887 1755 1989 1807 Papa
2033 1756 2103 1794 lib.
2127 1755 2194 1794 IV.
2226 1756 2336 1794 Dml.
2367 1772 2401 1796 c.
2425 1759 2491 1810 59·

1367 1819 1564 1862 postquam
1595 1809 1693 1858 hoc,
1743 1809 1776 1844 81
1805 1810 1885 1847 alia
1916 1809 2059 1847 similia
2088 1810 2376 1861 Scripturarum
2407 1811 2491 1850 loca

1363 1872 1720 1909 commemorasset,
1751 1865 1801 1900 ita
1829 1864 1980 1902 subdit:
2024 1859 2095 1899 Ex
2123 1861 2255 1915 quibus
2284 1868 2491 1902 sententiis

1365 1926 1550 1964 constat,
1580 1921 1672 1967 quia
1702 1917 1831 1967 qualis
1860 1916 1949 1953 hinc
1979 1920 2137 1967 quisque
2167 1917 2394 1969 egreditur,
2425 1927 2488 1955 ta-

1369 1969 1415 2005 lis
1444 1973 1485 2007 in
1516 1970 1659 2018 judicio
1689 1979 1984 2020 praesentatur.
2025 1969 2174 2008 Deinde
2205 1984 2291 2007 vero
2320 1971 2490 2009 couside—

1365 2034 1452 2060 rans
1495 2019 1614 2062 alium
1650 2023 1804 2070 locum,
1848 2023 1915 2061 ubi
1944 2021 2118 2061 Salvator
2151 2024 2269 2071 dicit,
2309 2021 2488 2076 blasphe-

1364 2077 1485 2113 miam
1515 2080 1552 2116 in
1581 2077 1762 2115 Sanctum
1794 2077 1982 2128 Spiritum
2012 2091 2137 2128 neque
2165 2078 2206 2114 in
2237 2076 2306 2114 hoc
2343 2077 2487 2116 saeculo

1363 2131 1503 2169 remitti
1524 2160 1536 2178 ,
1564 2144 1686 2183 neque
1704 2132 1742 2168 in
1764 2131 1893 2167 futuro
1910 2161 1919 2177 ‚
1951 2131 2004 2168 sic
2026 2129 2194 2181 colligit:
2224 2129 2273 2167 In
2301 2143 2381 2181 qua
2396 2144 2485 2168 sen—

1361 2187 1488 2221 tentia
1509 2182 1627 2220 (iuttzr
1651 2184 1839 2235 intelligi,
1869 2183 2070 2232 quasdam
2100 2184 2236 2233 culpas
2257 2188 2297 2220 in
2319 2183 2388 2221 hoc
2409 2197 2486 2222 3·ae-

1361 2237 1467 2285 culo‚
1498 2235 1698 2288 qicasdanz
1714 2249 1801 2273 vero
1818 2239 1858 2272 ιη
1874 2235 2019 2287 futuro
2047 2249 2161 2285 posse
2190 2238 2356 2275 laxari.
2399 2236 2486 2275 Post

1359 2300 1487 2328 autem
1530 2290 1671 2328 clarius
1713 2290 1906 2341 explicat,
1950 2287 1998 2326 de
2026 2294 2185 2339 porris,
2229 2293 2484 2343 minimisque

1358 2348 1533 2395 peccatis
1562 2343 1602 2381 id
1618 2343 1719 2396 fieri
1747 2356 1887 2392 posse.
1958 2388 1965 2391 μ

1413 2397 1506 2437 506.
1540 2397 1641 2435 Alter
1671 2397 1912 2435 Ecclesiastae
1941 2394 2045 2435 locus
2087 2398 2343 2435 communiter
2373 2396 2485 2436 intel-

1353 2450 1487 2503 ligitur
1515 2452 1561 2489 de
1578 2452 1754 2489 sententia
1783 2451 1892 2489 finali
1923 2452 2106 2502 praemii,
2135 2451 2196 2490 vel
2228 2451 2413 2504 supplicii
2431 2465 2484 2488 ae-

1353 2506 1478 2551 terni3
1517 2506 1570 2542 ita
1599 2514 1639 2542 ιιι
1667 2517 1870 2556 nunquam
1900 2504 1985 2542 fieri
2021 2506 2160 2556 possit,
2193 2513 2231 2542 ιιι
2265 2505 2407 2557 aliquis
2435 2518 2481 2543 ex

1356 2558 1575 2609 Aquilone,
1617 2572 1695 2610 qua
1733 2558 1771 2594 in
1799 2567 1948 2610 'parte‚
1991 2567 2079 2595 teste
2108 2558 2148 2595 S.
2181 2557 2390 2609 Augustino
2419 2573 2481 2610 ep.

1352 2611 1456 2650 CXI.
1486 2613 1533 2650 ad
1562 2611 1797 2649 Honoratum
1816 2640 1826 2659 ,
1871 2611 2133 2663 intelliguntur
2161 2611 2341 2663 reprobi,
2380 2620 2480 2649 trau-

1353 2674 1428 2702 seat
1458 2666 1505 2703 ad
1536 2665 1743 2713 Austrum,
1787 2665 1854 2702 ubi
1885 2674 1994 2701 erunt
2025 2664 2165 2702 electi.
2211 2663 2320 2702 Nihil
2351 2673 2480 2704 autem

1353 2716 1445 2757 hinc
1474 2718 1603 2771 colligi
1633 2727 1752 2771 potest
1782 2726 1911 2756 contra
1941 2717 2204 2769 purgatorium
2228 2747 2238 2765 ,
2268 2719 2309 2756 in
2338 2732 2416 2770 quo
2442 2733 2480 2756 e-

1353 2770 1441 2810 lecti
1471 2786 1543 2811 non
1576 2771 1686 2824 plene
1706 2772 1858 2824 purgati
1887 2770 2114 2823 aliquandiu
2146 2773 2287 2808 morari
2311 2772 2480 2810 debent.

1409 2826 1502 2877 507.
1531 2826 1624 2878 Obj.
1654 2829 1796 2864 tertio.
1828 2824 1918 2877 Sap.
1941 2825 2006 2863 111.
2033 2825 2248 2863 1.dicitur:
2278 2822 2480 2863 fastorum,

1353 2883 1508 2918 anima?
1536 2884 1578 2917 in
1606 2893 1733 2917 manu
1762 2878 1840 2916 Dei
1868 2888 1989 2916 sunt:
2031 2879 2080 2920 ὠ·
2110 2892 2190 2916 ηοη
2228 2887 2367 2931 tanget
2395 2880 2479 2917 illos

1355 2942 1600 2972 tormentum
1629 2935 1769 2971 mortis
1793 2958 1849 2970 ....
1870 2933 1920 2972 (90
1947 2941 2038 2970 sunt
2067 2936 2108 2970 in
2135 2945 2237 2983 pace
2255 2959 2266 2971 .
2296 2934 2389 2971 Item
2412 2932 2481 2970 lV.

1356 3002 1393 3039 7.
1422 2987 1554 3025 Iustus
1583 2996 1748 3034 autem,
1778 2990 1812 3023 si
1841 2996 1968 3023 morte
1995 2995 2297 3037 proeoccupatus
2312 2985 2443 3038 fuerit
2465 3014 2475 3032 ‚

1353 3045 1395 3078 in
1424 3039 1632 3092 refrigerio
1661 3045 1757 3078 erit:
1800 3053 1888 3092 quaa
1918 3052 2009 3079 vera
2037 3054 2111 3079 non
2141 3049 2287 3088 essent,
2317 3042 2347 3078 si
2376 3039 2474 3089 ipso-

1353 3108 1439 3133 rum
1469 3097 1611 3133 animae
1641 3095 1862 3147 purgatorio
1890 3095 1977 3145 igue
2006 3103 2296 3147 torquerentur.

2332 3143 2354 3156 0—

2330 3144 2424 3183 008.

1357 3252 1404 3285 acl
1430 3250 1623 3285 Cassandri
1638 3250 1793 3286 Consule.
1820 3250 1862 3285 ad
1889 3260 1955 3285 art.
1976 3261 2029 3283 20.
2056 3254 2087 3282 δι
2113 3247 2219 3282 alibi·
2247 3246 2312 3280 Sed
2337 3248 2473 3292 plenius

1359 3298 1394 3331 id
1418 3297 1608 3332 ostendunt
1633 3298 1759 3343 Joseph
1794 3297 1835 3331 ‹le
1862 3298 1984 3332 Voisin
2021 3297 2056 3328 in
2083 3295 2253 3327 Prooemfo
2279 3293 2320 3326 ad
2346 3295 2474 3340 Pugio-

1358 3359 1430 3378 nem
1440 3346 1536 3388 fidei
1556 3347 1683 3389 Rayin.
1704 3346 1874 3384 Martini,
1895 3347 1926 3376 &
1946 3342 2176 3374 Bartoloccius
2197 3342 2229 3372 in
2250 3341 2356 3375 Bibli.
2383 3343 2471 3376 Rak-

1358 3393 1475 3425 binica
1502 3392 1536 3423 P.
1566 3392 1608 3424 11.
1633 3392 1782 3424 Dissert.
1810 3393 1868 3423 ΙΗ-
1913 3386 1993 3421 Vid.
2030 3388 2136 3420 etiam
2162 3387 2266 3420 Card.
2293 3389 2391 3423 Cotti
2418 3388 2474 3422 De
2499 3401 2502 3404 ·

1358 3437 1449 3474 Vera
1474 3438 1611 3473 Christi
1636 3437 1804 3472 Ecclesia
1830 3437 1931 3471 Tom.
1952 3434 1994 3467 ss.
2023 3441 2089 3469 art.
2117 3446 2170 3468 10.
2198 3437 2229 3477 §-
2263 3446 2316 3469 11.
