2570 3745
290 159 346 202 50

236 267 249 287 3
277 236 390 288 Ipse,
419 234 504 280 ait,
532 232 736 286 aspirando
762 247 826 272 uos
842 236 1052 287 praevenit,
1083 244 1122 273 ut
1143 234 1333 283 velimus,

215 276 248 340 ζ,
276 288 342 338 qni
373 285 591 336 adjuvando
604 287 872 340 subsequitur,
899 301 948 327 ue
969 290 1130 326 inaniter
1149 288 1335 328 velimus.

217 371 245 391 3,
274 340 313 377 S,
345 338 465 377 Rern.
495 342 570 389 (in
603 339 739 380 Tract.
767 341 814 379 de
842 350 966 394 grat.,
997 339 1031 376 8(
1061 341 1132 380 lib.
1152 341 1234 380 arb.
1264 353 1334 379 ca-

214 423 243 443 „
271 396 339 443 pit.
366 392 465 439 15.);
493 394 682 443 conatus,
712 398 857 445 inquit,
891 393 1004 432 liberi
1034 394 1186 433 arbitrii
1205 395 1252 433 ad
1267 395 1335 432 bo-

215 474 242 496 „
271 459 394 492 num,
425 445 459 481 81
486 448 580 485 cassi
610 457 723 496 suut,
752 449 783 486 si
812 448 974 498 agratia
988 459 1064 486 non
1081 447 1331 499 adjuventur,

211 529 242 550 a,
270 498 305 535 ἃ
334 498 430 538 1111111
459 509 564 548 sunt,
593 502 623 538 si
654 515 729 539 11011
759 503 971 539 excitentur
990 526 1003 537 .
1040 500 1248 551 Denique,
1278 513 1329 537 ne

212 582 241 602 ,‚
270 551 449 606 infinitus
478 557 555 591 sim
571 584 583 601 ‚
612 553 800 606 Synodus
815 554 1074 592 Araust'camz
1094 552 1149 593 ll.
1175 567 1270 592 can.
1286 565 1328 604 9.

210 633 240 656 „
269 609 328 644 tta
355 610 523 644 statuit:
551 608 710 656 Quoties
737 608 839 647 bona
867 609 1041 659 agimus,
1072 607 1180 645 Deus
1205 608 1246 645 in
1264 618 1327 643 no-

211 688 240 708 „
269 658 354 708 bis,
384 668 497 712 atque
523 661 725 699 nobiscum
741 690 753 709 ,
781 669 823 698 ut
850 673 1053 712 operemur
1079 669 1256 712 operatur
1276 661 1327 695 “2

211 711 323 751 Unde
352 722 479 763 patet,
507 726 586 766 quo
611 727 722 752 sensu
752 714 871 753 verba
898 714 1052 751 canonis
1081 713 1206 752 ultimi
1227 711 1330 750 acci-

206 765 356 818 pienda
384 768 486 812 sint;
527 775 569 805 ut
612 780 749 819 nempe
775 766 947 806 Christus
974 765 1154 804 auxiliari
1185 764 1328 803 intelli-

208 827 347 871 gantur
374 821 491 857 etiam
517 821 636 872 gratia
664 821 950 872 praeveniente,
978 818 1013 854 8<
1034 821 1222 858 excitante
1239 831 1329 868 eos,

210 884 308 924 quos
336 871 524 911 habituali
551 887 620 911 sua
647 875 770 925 gratia
797 871 1050 911 sanctificavit
1069 897 1084 910 0

273 925 361 964 160.
390 925 549 976 Quaeres⁷
578 927 768 975 secundo,
802 938 984 977 quaenam
1015 925 1057 963 111
1083 937 1199 977 opere
1227 925 1327 964 bono

209 978 283 1017 sint
313 986 435 1029 partes
463 979 620 1030 gratiae,
650 977 685 1014 8t
712 992 895 1031 quaenam
922 977 1039 1017 liberi
1067 977 1245 1018 arbitrii?

270 1031 359 1071 161.
389 1032 502 1084 Resp.
530 1032 573 1071 S.
602 1031 772 1070 Thomas
800 1034 816 1084 (
839 1046 872 1070 1.
895 1044 931 1070 2.
952 1045 992 1084 q.
1019 1045 1106 1072 111.
1135 1043 1205 1072 art.
1224 1033 1326 1072 mad

213 1095 250 1122 3.
280 1085 372 1122 Vid.
401 1086 515 1122 etiam
531 1083 716 1124 Lect.111.
744 1100 830 1138 sup.
845 1100 880 1124 c.
898 1085 950 1124 X.
980 1100 1042 1139 ep.
1057 1085 1104 1124 ll.
1120 1087 1168 1124 ad
1183 1087 1325 1136 Con),

205 1144 338 1174 ’soram
365 1142 636 1187 operationem
652 1142 851 1189 pertinere
877 1139 933 1178 ad
958 1143 1162 1192 gratiam.
1194 1141 1234 1178 Id
1255 1154 1323 1178 au-

206 1197 285 1228 tem
315 1205 337 1229 a
365 1193 544 1244 magistro
573 1206 640 1231 suo
656 1192 867 1245 Augustino
894 1193 1108 1243 didicerat,
1139 1193 1206 1232 ubi
1237 1193 1324 1231 ubi·

205 1258 283 1296 que
314 1252 458 1293 totum,
499 1246 601 1298 quod
632 1248 671 1284 in
699 1247 809 1285 nobis
838 1254 891 1284 est
919 1246 1063 1285 boumn
1081 1277 1092 1294 ‚
1134 1261 1214 1285 esse
1240 1247 1325 1286 Deo

207 1297 249 1336 in
279 1299 444 1348 acceptis
472 1300 713 1338 referendum
743 1300 927 1352 praedicat
947 1325 960 1338 .
988 1330 1014 1350 ‚,
1043 1300 1121 1338 Nos
1148 1301 1238 1352 ergo
1259 1314 1324 1339 voe

209 1379 236 1399 ,‚
266 1349 415 1398 lunius,
445 1355 567 1403 inquit
596 1353 670 1404 (de
695 1353 795 1391 dono
821 1367 967 1405 persev.
997 1367 1088 1405 cap.
1115 1354 1173 1393 13.
1192 1355 1231 1403 ),
1260 1354 1324 1392 sed

207 1431 238 1453 :³
267 1403 371 1442 Deus
400 1405 440 1443 in
470 1406 577 1443 nobis
594 1414 772 1457 operatur
800 1406 835 1443 ἃ
864 1406 980 1445 velle:
1022 1420 1090 1445 nos
1120 1420 1206 1458 ergo
1234 1419 1323 1458 ope-

208 1484 237 1505 „
266 1469 398 1495 ramur
418 1487 430 1505 ,
471 1459 534 1495 sed
564 1458 669 1496 Deus
696 1460 735 1498 in
763 1459 875 1497 nobis
901 1467 1080 1510 operatur
1109 1458 1143 1495 8<
1169 1460 1323 1510 operari

209 1537 236 1558 „
267 1522 336 1558 pro
362 1509 464 1547 bona
492 1511 710 1550 voluntate.
739 1512 823 1549 Hoc
851 1512 960 1550 nobis
976 1511 1126 1564 expedit
1140 1513 1321 1560 credere,

207 1590 235 1611 3,
265 1560 299 1596 ἃ
327 1562 469 1600 dicere:
498 1561 569 1600 hoc
596 1572 648 1602 est
678 1565 814 1615 pium,
844 1562 917 1602 hoc
945 1573 998 1603 est
1025 1579 1183 1614 verum,
1212 1574 1253 1604 ut
1275 1567 1322 1605 sit

204 1643 235 1666 3,
263 1612 449 1663 humilis,
479 1614 513 1652 8t
541 1616 729 1655 submissa
756 1617 962 1667 confessio,
1000 1617 1034 1655 8:
1063 1619 1173 1657 detur
1200 1628 1322 1658 totum

204 1697 233 1718 3,
263 1667 370 1706 Deo.
400 1668 447 1706 Id
472 1668 640 1721 denique
667 1670 722 1708 ad
738 1670 874 1723 fidem
903 1670 1103 1710 Ecclesiae
1126 1676 1295 1722 pertinet
1305 1688 1321 1717 ;

204 1750 231 1771 ‚,
257 1733 360 1759 nam
375 1721 561 1773 Synoclus
574 1723 833 1762 Araustcana
860 1737 955 1762 can.
975 1726 1043 1762 ult.
1074 1729 1132 1763 ita
1158 1731 1321 1765 statuit:

205 1804 231 1825 7,
260 1773 384 1813 Nemo
398 1775 512 1815 habet
526 1777 742 1830 quidquam
756 1778 846 1816 boni
864 1808 876 1826 ‚
905 1779 979 1817 nisi
998 1779 1130 1817 datum
1151 1781 1185 1818 ei
1207 1781 1321 1819 fuerit

207 1858 234 1877 „
262 1828 447 1881 desnper;
476 1830 527 1870 <9⁶
553 1843 649 1869 can.
672 1843 736 1869 22.
764 1831 888 1869 Nemo
916 1831 1029 1871 habet
1057 1833 1105 1871 de
1132 1846 1219 1883 SUO,
1248 1835 1320 1873 nisi

200 1910 233 1931 „
262 1884 531 1932 mendacium,
559 1883 593 1921 St
622 1893 821 1937 peccatum
851 1888 903 1925 “.

265 1935 353 1975 162.
384 1937 463 1976 Nec
491 1947 616 1976 tamen
646 1939 888 1977 inferendum
916 1948 996 1988 est,
1025 1939 1195 1980 libe-rum
1215 1940 1320 1981 arbi-

205 1989 323 2027 §rium
354 1990 454 2029 nihii
481 1994 639 2031 omniuo
664 2006 803 2044 agere,
832 1992 865 2028 8(
885 1994 1000 2032 instar
1016 1994 1196 2034 inanimis
1215 2005 1320 2034 trun-

204 2043 243 2080 ci
272 2057 311 2081 se
339 2043 500 2090 habere3
529 2046 856 2098 quemadmodum
885 2046 960 2085 sibi
988 2047 1039 2086 ab
1067 2047 1197 2101 aliquo
1216 2049 1324 2102 obje-

205 2102 311 2133 ctum
342 2097 458 2135 fuisse
485 2098 527 2136 S.
556 2099 772 2138 Bernardus
807 2108 937 2138 narrat
979 2102 1130 2151 (initio
1154 2103 1245 2141 Lib.
1275 2103 1325 2142 cle

205 2158 314 2201 grat.
343 2150 392 2190 (9
421 2151 484 2189 lib.
513 2152 654 2202 arb.):
682 2183 708 2201 „
739 2153 843 2202 Quid
872 2161 912 2190 tu
932 2167 1020 2205 ergo
1038 2157 1229 2208 operaris,
1260 2166 1324 2196 aut

208 2231 235 2250 3„
265 2203 358 2255 quid
390 2206 576 2243 mercedis
603 2220 752 2258 speras,
781 2206 840 2244 vel
859 2209 1011 2260 praemii
1029 2237 1040 2256 ,
1069 2210 1099 2247 si
1128 2217 1248 2248 totum
1270 2212 1325 2250 fa-

209 2282 236 2302 „
264 2257 315 2293 cit
344 2256 448 2295 Deus
468 2258 526 2297 “2
554 2260 712 2299 Certum
739 2268 792 2298 est
821 2262 953 2309 enim,
980 2261 1029 2300 ad
1055 2275 1151 2314 opus
1178 2263 1326 2303 bonum

210 2308 322 2345 etiam
344 2308 510 2348 liberum
531 2311 701 2351 hominis
714 2313 918 2353 arbitrium
933 2329 1183 2355 concurrere.
1213 2317 1327 2365 Quod

208 2360 249 2399 iu
276 2361 451 2401 Concilio
478 2363 589 2404 Trid.
618 2366 817 2406 definitum
846 2377 900 2407 est
927 2368 1029 2408 Sess.
1056 2369 1127 2409 IV.
1156 2384 1192 2410 c.
1223 2372 1260 2411 5.
1291 2370 1325 2408 81

187 2422 195 2427 ”
211 2426 297 2453 ean.
318 2414 357 2460 4.

269 2467 358 2507 165.
388 2469 458 2510 His
487 2474 691 2525 expositis,
720 2475 883 2527 quaestio
900 2477 1047 2528 oritur,
1076 2478 1263 2532 quidnam
1285 2479 1326 2518 in

207 2532 322 2573 opere
350 2522 452 2561 bono
484 2528 647 2577 gratiae,
688 2530 876 2580 quidnam
913 2529 1036 2570 libero
1075 2533 1233 2571 arbitrio
1261 2535 1325 2572 tri-

208 2572 409 2615 buendum
437 2578 512 2617 sit.
548 2581 592 2618 In
622 2595 698 2634 qua
726 2583 883 2634 quidem
911 2586 1121 2634 quaestione
1147 2586 1245 2625 illud
1286 2601 1327 2624 o-

209 2629 365 2668 mnibus
393 2641 539 2671 certum
555 2642 630 2684 est,
660 2636 828 2687 primam
848 2637 1136 2687 excitationem,
1166 2655 1232 2679 seu
1248 2642 1326 2692 pri-

206 2693 320 2719 mum
352 2685 646 2726 indeliberatum
675 2689 882 2728 voluntatis
921 2700 1071 2729 motum
1100 2706 1180 2730 esse
1206 2703 1326 2731 totum

210 2737 344 2794 gratiae
373 2740 551 2779 excitanti
581 2741 828 2781 tribuendum
845 2773 856 2792 ,
885 2758 962 2797 qua
990 2744 1097 2783 Deus
1123 2745 1242 2785 nullis
1259 2759 1326 2784 no-

210 2795 296 2825 stris
324 2793 490 2840 meritis,
518 2794 552 2831 ἃ
584 2809 629 2832 ex
659 2795 738 2834 solo
763 2810 846 2835 snae
866 2797 1070 2838 voluntatis
1083 2801 1245 2851 gratuito
1259 2800 1327 2838 be-

211 2840 404 2902 neplacito
435 2858 498 2883 nos
525 2847 573 2885 ad
601 2849 698 2888 bene
724 2851 963 2903 operandum
993 2855 1150 2902 excitat,
1180 2854 1327 2905 allicit,

213 2904 347 2955 :nvttat
364 2926 374 2943 ,
406 2899 582 2952 viresque
609 2903 761 2952 tribuit,
790 2904 935 2957 quibus
961 2905 1056 2945 bene
1075 2910 1223 2959 operari
1245 2923 1327 2962 pos-

212 2961 354 3008 simus.
384 2949 483 2996 Quae
513 2964 637 2992 autem
667 2967 795 3008 postea
822 2971 1126 3011 consequuntur,
1156 2962 1327 3002 volunta·

210 3007 258 3061 tis
288 3015 483 3060 consensus
512 3009 642 3056 gratiae
673 3013 852 3061 vocanti,
893 3012 1024 3052 volitio
1052 3015 1143 3054 boni
1161 3046 1171 3064 ,
1215 3026 1328 3070 atque

208 3065 293 3106 :psa
323 3057 492 3108 ejusdem
523 3058 612 3097 boni
635 3066 830 3113 executio,
861 3065 1092 3108 haecomnia
1120 3069 1258 3109 debent
1273 3082 1325 3110 to-

210 3115 248 3145 ta
269 3112 402 3160 gratiae
425 3111 541 3149 tribui
560 3143 570 3161 ‚
602 3112 634 3149 81
655 3124 726 3153 tota
748 3120 861 3157 etiam
877 3120 1000 3159 libero
1014 3122 1192 3162 arbitrio.
1222 3124 1325 3163 Prae-

208 3161 337 3219 eiare,
384 3163 416 3200 81
445 3168 601 3204 omnino
629 3168 676 3205 ad
706 3181 867 3210 mentem
896 3174 937 3212 S.
969 3175 1169 3228 Augustini
1200 3178 1326 3219 fidelis

207 3229 290 3265 ejus
319 3217 531 3271 discipulus
551 3219 592 3258 S.
613 3220 797 3261 Bernard.
827 3226 866 3264 in
899 3226 1034 3268 Tract.
1067 3229 1116 3270 (le
1142 3243 1252 3285 grat.
1271 3238 1322 3275 (9-

205 3267 268 3308 tib.
285 3270 423 3309 arbitr.
444 3287 530 3325 cap.
557 3273 618 3320 14.
649 3273 759 3314 Deus
776 3308 786 3324 ‚
817 3278 940 3330 inquit
971 3285 1089 3331 „tria
1118 3285 1228 3335 haec,
1255 3288 1321 3327 bo-

205 3353 234 3374 „
263 3338 358 3385 uum
389 3328 580 3387 cogitare,
609 3328 710 3367 velle
729 3361 739 3378 ‚
770 3330 954 3383 perficere
982 3347 1161 3390 operatur
1182 3343 1222 3379 in
1253 3355 1320 3380 no·

205 3404 234 3427 n
260 3376 345 3418 bis:
372 3392 547 3433 prunum
575 3383 745 3435 profecto
761 3385 843 3427 siue
857 3386 967 3428 nobis
982 3403 994 3436 3
1021 3395 1235 3436 secundum
1254 3407 1319 3436 no-

771 151 851 199 DE
887 153 1119 200 GRATIA
1153 154 1201 199 P.
1232 155 1270 200 1.
1317 153 1584 200 DISSERT.
1620 155 1681 198 II.
1727 156 1857 201 CAP.
1890 156 1969 201 Vi.

1403 264 1429 283 „
1457 232 1637 278 biscum3
1664 236 1825 275 tertium-2
1844 250 1912 288 per
1940 248 2019 275 nos»
2038 235 2129 276 facit
2149 262 2161 276 .
2189 236 2230 276 Si
2250 236 2408 291 quidem
2436 239 2514 280 im.-

1402 317 1429 336 „
1457 286 1639 324 mittendo
1664 287 1814 328 bonam
1832 290 2100 342 cogitationem
2120 305 2185 329 nos
2203 293 2413 344 praevenit:
2440 293 2515 331 im-

1402 370 1429 390 „
1459 339 1647 376 mutando*
1669 342 1785 380 etiam
1813 343 1958 382 malam
1987 343 2314 384 voluntatemsibi
2335 359 2402 398 per
2423 358 2516 383 con-

1402 422 1428 442 „
1457 405 1618 430 sensum·
1638 391 1783 446 jungit:
1820 397 2066 435 ministrando
2100 398 2138 433 Se
2163 402 2359 438 consensui
2391 397 2517 436 facul-

1402 476 1429 495 „
1458 453 1601 493 tatem,
1630 446 1822 499 forisper.
1844 465 1863 488 a
1895 459 2019 488 ertum
2047 461 2327 502 opusnostrum
2345 452 2516 491 internae

1399 527 1425 548 υ
1454 498 1582 550 opifex
1613 499 1848 540 innotescit..
1905 512 1918 541 t
1947 507 2127 541 iterum:
2149 505 2284 543 Gratia
2313 505 2386 542 Dei
2417 504 2515 542 libe-

1397 581 1424 602 „
1453 564 1548 588 rum»
1571 552 1706 589 excitat
1734 554 1938 594 arbitrium
1955 585 1967 604 ‚
1995 571 2087 596 cum
2107 559 2266 596 seminat
2279 559 2515 609 cogitatuum

1396 634 1426 656 ,5
1452 613 1554 642 sanat
1572 634 1582 653 ‚
1612 606 1902 644 cumdmmutat
1921 609 2102 650 affectum
2118 625 2130 658 ;
2160 611 2309 650 roborat
2326 640 2337 659 ,
2368 619 2408 648 ut
2427 624 2516 663 per-

1397 688 1430 709 „
1453 658 1566 696 ducat
1593 657 1799 696 adactum
1823 672 1833 695 ι
1873 671 2022 710 servat,
2051 678 2106 702 ne
2127 666 2262 703 sentiat
2289 664 2483 703 defectum
2501 688 2518 706 .

1396 742 1427 762 „
1455 711 1514 749 Ac
1541 709 1735 749 demum:
1776 710 1862 749 Non
1892 715 2041 762 partim·
2059 719 2207 768 gratia,
2246 719 2388 771 partim
2418 717 2518 757 libe-

1395 796 1424 816 ,‚
1451 778 1540 802 rum
1569 764 1775 803 arbitrium
1795 795 1807 814 ,
1846 765 1909 803 sed
1939 774 2057 805 totum
2087 771 2238 823 singula
2266 785 2382 825 opere
2413 771 2516 809 indi.

1395 848 1423 869 „
1452 818 1814 870 viduo-peragunt.
1842 818 2169 871 Totumsquidem
2199 823 2298 874 hoc,
2329 825 2364 862 81
2393 832 2519 864 totum

1396 901 1426 922 ,‚
1454 871 1522 910 ilia
1538 886 1557 918 ς’
1578 872 1643 910 sed
1672 881 1720 910 ut·
1741 879 1862 925 totum
1889 872 1929 911 in
1958 872 2048 922 illo,
2078 875 2137 913 sic
2161 884 2353 916 totumnex
2369 876 2440 916 illo
2459 880 2486 900 “
2502 903 2519 917 0

1455 924 1555 971 164.,
1572 925 1684 973 Quod
1713 926 1871 978 quidem
1892 940 1962 965 nec
1984 937 2036 965 ent
2052 928 2297 980 intelligibile
2314 959 2326 977 ,
2355 944 2423 968 nec
2444 931 2519 971 mi-

1394 992 1484 1018 rum
1514 979 1635 1018 videri
1665 979 1804 1029 debet,
1832 993 1923 1018 cunt
1952 982 1993 1019 in
2022 982 2201 1021 omnibus
2230 983 2353 1021 causis
2382 982 2521 1021 subor-

1394 1033 1534 1072 dinatis
1560 1034 1732 1085 quotidie
1759 1034 1907 1072 accidat
1927 1058 1952 1072 0.
1981 1034 2024 1072 Id
2061 1035 2213 1088 explico
2251 1035 2428 1088 exemplo
2457 1036 2519 1088 pi-

1392 1096 1540 1132 cturae,
1582 1100 1673 1139 quae
1700 1087 1916 1140 &pectore
1944 1089 2139 1139 procedit,
2183 1087 2216 1125 8t
2246 1104 2268 1127 a
2300 1088 2516 1142 penicillo,

1392 1153 1468 1178 non
1494 1142 1621 1193 operis
1649 1142 1856 1193 partitione
1873 1171 1884 1189 ,
1914 1141 2037 1194 quasi*
2052 1142 2202 1194 aliquid
2222 1157 2244 1180 a
2260 1144 2404 1195 pictore
2425 1142 2518 1192 fiat,

1392 1193 1427 1230 &
1456 1206 1533 1231 non
1563 1208 1585 1231 a
1615 1194 1826 1245 penicillo,
1855 1203 1920 1234 aut
1939 1204 2093 1234 contra:
2124 1197 2188 1234 sed
2205 1205 2276 1234 tota
2294 1197 2443 1248 pictura
2461 1205 2519 1235 est

1392 1262 1415 1285 a
1444 1248 1614 1299 pictore,
1645 1255 1842 1300 tamquam
1872 1264 1894 1286 a
1923 1262 2039 1287 causa
2068 1250 2307 1302 principali,
2347 1259 2421 1288 tota
2452 1250 2517 1288 iti·

1392 1300 1532 1339 denia
1560 1301 1744 1352 penicillo
1760 1314 1783 1350 ,f
1801 1311 1841 1339 ut
1869 1317 1893 1340 a
1921 1316 2034 1340 causa
2061 1301 2367 1342 instrumentali:
2396 1303 2433 1340 &
2463 1303 2520 1342 ita

1392 1352 1518 1405 piane
1538 1361 1668 1392 totum.
1688 1369 1781 1406 opus
1810 1355 1956 1392 bonum
1985 1365 2039 1391 est
2067 1370 2090 1393 a
2120 1356 2202 1393 Deo
2230 1366 2407 1396 movente
2425 1386 2436 1405 ,
2480 1356 2517 1397 8⁶

1390 1405 1610 1457 applicante
1638 1417 1802 1444 nostram
1823 1406 2083 1453 voluntatem3
2113 1415 2231 1445 totum
2253 1411 2393 1446 iterum
2413 1423 2435 1446 a
2450 1421 2518 1446 νοω

1390 1458 1558 1506 luntate,
1588 1468 1785 1511 tamquam
1815 1474 1837 1497 a
1865 1473 1979 1498 causa
1994 1459 2159 1499 secunda
2176 1490 2187 1509 ‚
2218 1461 2356 1514 primae
2377 1461 2516 1499 suber-2

1390 1511 1549 1558 dinata3
1579 1525 1669 1550 cum
1699 1512 1768 1551 hoc
1790 1521 1917 1551 tamen
1933 1515 2185 1562 discrimine,
2215 1515 2318 1567 quod
2348 1514 2515 1566 penicil-

1390 1563 1502 1614 lum,
1532 1573 1661 1617 utpote
1690 1568 1984 1606 instrumentum
2014 1569 2215 1617 inanime,
2260 1569 2376 1607 unice
2400 1583 2426 1606 a
2456 1569 2516 1620 pi-

1388 1626 1491 1656 ctore
1511 1628 1684 1658 movetur
1700 1634 1710 1665 ;
1740 1621 1916 1658 voluntas
1935 1629 2064 1658 autem
2081 1631 2207 1660 nostra
2224 1652 2235 1669 ,
2265 1635 2356 1673 quae
2371 1631 2425 1660 est
2446 1634 2515 1674 po-

1387 1673 1504 1710 tentia
1532 1675 1683 1721 activa,
1713 1671 1746 1708 ἃ
1775 1672 1918 1721 libera,
1948 1676 2071 1712 active
2085 1695 2096 1721 5
2141 1673 2176 1710 &
2206 1674 2329 1712 libere
2358 1691 2397 1713 se
2427 1688 2510 1712 mo·-

1389 1733 1450 1763 vet
1472 1752 1482 1763 .
1512 1724 1702 1772 Quamvis
1729 1725 1770 1764 S.
1792 1726 1961 1764 Thomas
1990 1728 2184 1778 explicans
2213 1728 2315 1766 illud
2336 1727 2512 1781 Apostoli

1390 1779 1453 1829 (l.
1482 1779 1568 1817 Cor.
1585 1778 1762 1828 xmo.)
1814 1779 1891 1831 Qut
1919 1790 2106 1830 operatur
2134 1785 2276 1818 ornm'a
2305 1786 2347 1818 in
2377 1785 2509 1819 omni·-

1387 1831 1482 1880 bus,
1527 1841 1566 1870 ut
1598 1832 1735 1884 majori
1766 1833 1939 1885 emphasi
1970 1835 2163 1885 energiam
2192 1834 2338 1872 divinae
2370 1848 2504 1873 causa·-

1385 1884 1503 1924 litatis
1521 1887 1776 1939 significaret,
1805 1916 1833 1935 „
1852 1886 2053 1938 Operatur
2066 1889 2228 1935 omnia,
2258 1888 2408 1941 inquit,
2430 1891 2510 1926 sic-

1387 1968 1415 1989 „
1443 1948 1484 1977 ut
1524 1944 1659 1991 prima
1698 1953 1828 1978 causa
1855 1954 2002 1979 creans
2036 1944 2287 1991 operationes
2308 1968 2318 1979 .
2362 1940 2421 1979 Ne
2449 1950 2510 1981 ta*

1386 2022 1415 2042 ‚‚
1445 2007 1534 2031 men
1563 1994 1653 2033 aliae
1682 2008 1809 2033 causae
1832 1995 2031 2038 videantur
2048 2008 2128 2032 esse
2148 1994 2357 2047 superfluae
2378 2025 2389 2043 ,
2418 1995 2513 2033 suh»

1393 2076 1420 2095 ,2
1448 2047 1527 2086 dit:
1555 2047 1604 2086 In
1629 2047 1810 2086 omnibus
1826 2063 1842 2092 ,·
1870 2049 1964 2101 quia
1982 2050 2020 2086 in
2036 2049 2159 2086 causis
2177 2049 2416 2087 secundariis
2430 2050 2510 2100 pri-

1392 2131 1419 2149 „
1449 2116 1514 2140 ma
1541 2114 1655 2141 causa
1681 2111 1858 2155 operatur
1875 2106 1929 2140 “.
1960 2102 2200 2153 (Commeut.
2231 2103 2271 2140 in
2300 2102 2404 2141 huuc
2435 2101 2513 2142 loc.

1394 2151 1484 2193 Vid.
1513 2156 1630 2195 etiam
1664 2170 1697 2195 1.
1727 2171 1767 2210 p.
1781 2171 1822 2208 q.
1843 2155 1932 2195 105.
1959 2164 2030 2194 art.
2055 2156 2119 2202 5.;
2154 2168 2187 2193 1.
2209 2168 2246 2194 2.
2268 2169 2308 2208 q.
2329 2168 2418 2207 ¹09·
2434 2164 2516 2196 art·

1399 2222 1434 2246 1.
1463 2210 1497 2246 81
1527 2209 1623 2248 alibi
1642 2211 1655 2260 )
1673 2236 1687 2249 .

1454 2262 1542 2302 165.
1573 2263 1669 2302 Haec
1697 2263 1745 2302 ad
1774 2271 1941 2302 mentem·
1969 2262 2010 2301 S.
2032 2262 2196 2310 'Thomae
2216 2276 2333 2312 vera,
2362 2275 2513 2316 germa-

1395 2330 1524 2369 naque
1551 2326 1604 2355 est
1632 2319 1892 2369 interpretatio
1920 2318 2139 2356 communis
2154 2317 2337 2356 Ecclesiae
2359 2316 2516 2368 phrasi,

1394 2371 1497 2422 quod
1527 2379 1646 2410 totum
1675 2385 1769 2424 opus
1796 2371 1943 2409 bonum
1972 2372 2019 2408 sit
2048 2371 2131 2409 Deo
2158 2370 2409 2409 tribuendum
2439 2381 2515 2408 non

1394 2436 1502 2474 vero,
1540 2433 1581 2462 ut
1610 2424 1762 2464 Molina
1790 2425 2036 2470 autumavit,
2080 2424 2147 2475 qui
2177 2433 2379 2476 postquam
2407 2424 2514 2474 inge·

1393 2490 1471 2516 nue
1499 2479 1691 2517 confessus
1719 2486 1792 2526 est,
1822 2477 1897 2515 sibi
1927 2476 2037 2515 valde
2065 2475 2268 2515 difficilem.
2294 2492 2372 2516 esse
2391 2477 2437 2515 ad
2456 2479 2514 2515 in-

1392 2531 1642 2583 telligendam
1659 2533 1885 2580 motionem,
1902 2529 1936 2567 81
1950 2529 2251 2582 applicationem
2265 2530 2378 2577 hanc,
2393 2543 2513 2581 quam

1396 2584 1447 2623 D.
1478 2585 1648 2624 Thomas
1676 2588 1716 2624 in
1742 2586 1867 2625 causis
1893 2583 2066 2623 secundis
2096 2583 2166 2632 (in
2200 2582 2423 2620 Concordia
2442 2596 2514 2634 qu.

1400 2638 1462 2685 14.
1491 2648 1564 2678 art.
1592 2640 1651 2679 15.
1680 2641 1822 2693 disput.
1846 2637 1909 2677 25.
1930 2638 1972 2687 )‚
2015 2635 2233 2684 contendit,
2277 2636 2403 2674 Deum
2421 2666 2432 2684 ,
2474 2634 2510 2672 ἃ

1395 2691 1594 2731 hominem
1624 2707 1703 2731 esse
1731 2695 1823 2732 duas
1853 2688 2031 2744 partiales
2058 2703 2189 2728 causas
2230 2691 2360 2743 operis
2383 2689 2511 2735 bon·i;

1396 2748 1724 2799 quemadmodum
1750 2748 1827 2785 duo
1854 2744 2039 2782 trahentes
2067 2744 2196 2782 navim
2214 2773 2225 2791 ,
2263 2757 2427 2796 quorum
2465 2756 2510 2781 u-

1395 2801 1482 2839 nius
1512 2802 1569 2841 vis
1597 2814 1671 2840 non
1700 2800 1881 2851 recipitur
1909 2799 1950 2835 in
1965 2796 2068 2846 alio,
2098 2797 2160 2835 sed
2177 2800 2376 2850 utriusque
2393 2799 2433 2836 in
2455 2796 2510 2835 ef-

1396 2855 1524 2901 fectu3
1554 2854 1589 2891 81
1618 2868 1706 2893 vere
1733 2853 1899 2900 dicitur,
1929 2860 2049 2890 totum
2080 2859 2223 2889 motum
2241 2853 2347 2890 navis
2367 2865 2445 2890 esse
2459 2850 2510 2889 ab
2566 2863 2567 2877 ¹

1395 2918 1582 2960 utroque,
1611 2906 1860 2956 partialitate
1888 2917 2048 2953 caune,
2077 2917 2157 2942 non
2171 2906 2425 2957 partialitate¹
2450 2903 2509 2957 ef-

1383 2962 1555 3014 sectus;
1583 2962 1673 3012 quia
1702 2958 1797 2997 nihil
1829 2968 1880 2997 est
1909 2960 1949 2997 in
1978 2960 2158 2998 tractione
2178 2962 2311 3007 navis,
2341 2959 2443 3013 quod
2463 2961 2510 2996 sit

1395 3016 1444 3054 ab
1474 3026 1549 3052 uno
1576 3012 1805 3051 trahentium
1826 3043 1835 3061 ‚
1876 3012 1909 3048 81
1938 3027 2012 3052 11011
2041 3014 2087 3051 sit
2117 3013 2232 3052 simul
2263 3014 2312 3052 ab
2341 3013 2415 3050 alio
2445 3013 2511 3063 (i-

1393 3068 1476 3106 hid.
1494 3097 1505 3116 ,
1534 3080 1601 3119 qn.
1626 3066 1690 3105 25.
1719 3076 1789 3104 art.
1808 3067 1844 3105 5.
1875 3066 1909 3103 8(
1942 3068 1977 3106 5.
2007 3068 2150 3120 disput.
2186 3082 2219 3106 1.
2240 3065 2383 3105 memb.
2405 3063 2444 3103 6.
2463 3066 2476 3113 )
2495 3089 2512 3103 0

1393 3121 1506 3169 Non,
1536 3122 1696 3173 inquam
1716 3152 1726 3169 ,
1757 3120 1841 3160 haec
1871 3121 2076 3174 explicatio
2103 3122 2271 3159 arridere
2286 3129 2427 3172 potest;
2459 3119 2508 3156 si-

1393 3175 1551 3228 quidem
1577 3189 1626 3216 ea
1653 3176 1818 3214 admissa
1835 3205 1845 3224 ,
1884 3178 2056 3229 sequitur
2084 3173 2312 3222 manifeste,
2344 3183 2507 3211 nostram

1390 3232 1696 3280 cooperationem
1725 3242 1800 3267 non
1830 3244 1909 3267 esse
1936 3234 2066 3282 gratiae
2110 3227 2286 3266 effectum
2325 3226 2508 3280 quemad-

1388 3283 1546 3321 modum
1575 3284 1681 3321 nisus
1713 3285 1826 3321 unius
1856 3283 2022 3324 hominis
2052 3284 2096 3322 ad
2130 3282 2350 3320 trahendam
2377 3283 2507 3319 navim

1388 3349 1461 3373 non
1490 3346 1542 3374 est
1572 3337 1726 3376 effectus
1756 3340 1855 3375 nisu-1
1885 3338 2063 3377 alterius:
2092 3337 2421 3389 adeoquealiqtiid
2442 3350 2508 3379 nos

1385 3388 1559 3442 habere,
1587 3392 1690 3445 quod
1718 3407 1740 3432 a
1769 3392 1852 3434 Deo
1881 3406 1957 3434 nou
1985 3393 2249 3444 acceperimus
2266 3422 2277 3441 ,
2307 3400 2439 3430 conta-a
2457 3407 2504 3431 ,ae

2367 3456 2453 3494 per·
