2562 3694
985 97 1066 141 DE
1099 93 1489 141 PURGATORIO
1508 124 1522 136 .

83 183 142 222 nis
172 183 364 230 inveniet,
393 183 458 235 qui
492 194 536 217 ue
565 185 629 217 aut
659 191 734 216 non
764 178 1004 226 morientur,
1041 186 1105 215 aut
1134 186 1205 215 sta-

83 237 153 274 tim
198 244 390 288 resurgent
421 195 565 285 (qlide
594 232 694 270 dicta
724 245 808 283 snp.
841 246 877 269 n.
914 244 999 268 iol.
1031 230 1045 276 )
1087 230 1208 268 nullis

83 287 293 342 Purgatorii
315 288 438 339 poenis
466 295 573 323 erunt
592 285 770 323 obnoxii:
802 298 889 336 ergo
911 298 976 321 nec
997 283 1086 330 alii3
1116 297 1205 322 cuin

83 341 191 381 nulla
218 355 268 394 ap
297 348 400 378 areat
429 339 596 390 alicujus
625 339 859 376 discriminis
889 338 984 375 ratio
1006 364 1017 376 .

138 394 230 446 374.
295 407 396 444 esp.,
426 395 603 445 quamvis
632 392 679 430 de
710 393 755 429 iis
778 391 999 430 hominibus
1027 389 1126 428 nihil
1150 404 1206 427 re-

82 444 251 485 velatum
273 446 489 484 inveniatur
505 477 516 493 ,
545 459 670 498 neque
701 446 739 481 in
756 444 955 496 Scriptura
974 473 985 490 ‚
1017 458 1143 496 neque
1166 444 1204 480 in

81 497 301 538 Traditione
318 529 329 546 ,
354 513 399 537 ex
419 499 595 550 analogia
614 508 739 536 tamen
757 508 857 535 certo
877 497 1106 535 concludere
1124 509 1207 548 pos-

78 563 211 590 cumus
232 583 242 600 ‚
274 553 424 591 eosdem
454 555 567 590 etiam
599 560 802 604 purgatum
835 552 879 588 iri
905 566 923 588 a
944 549 1209 602 piacularibus

77 605 266 654 maculis,
296 607 325 644 si
355 619 451 659 quas
479 605 642 652 habent,
672 603 731 642 vel
762 605 949 642 inanima
969 602 1046 642 sola
1068 616 1110 640 eo
1126 603 1212 641 bre·

77 658 234 697 vissimo
255 668 424 711 tempore
441 689 450 707 ‚
481 672 557 711 quo
585 667 755 710 separata
776 672 797 695 a
819 670 977 711 corpore
1006 657 1096 703 erit,
1126 671 1210 708 gra-

77 711 192 750 vitate
223 725 429 764 poenarum
459 711 657 766 supplente
688 711 908 749 earumdem
939 711 1208 757 diuturnitate,

77 763 139 803 vel
170 766 293 804 etiam·
316 779 384 819 per
423 765 679 805 universalem
722 763 1059 816 conflagrationem
1090 763 1205 800 simul

76 831 167 857 cum
196 832 382 872 corpore3
427 818 488 858 vel
518 821 632 857 etiam
677 818 831 859 fortasse
860 817 1006 855 Sanctis
1047 817 1205 853 interce-

77 871 284 921 dentibus,
313 873 534 912 eorumdem
564 885 700 925 poenas
730 884 806 908 esse
834 886 855 908 a
876 871 1007 908 divina
1036 869 1204 908 clemen-

75 926 129 964 tia
158 925 421 965 condonandas
438 952 450 964 .

132 978 291 1026 Quaeres
320 983 448 1031 primo
467 1009 479 1028 ,
520 992 702 1032 quaenam
732 978 804 1025 sit,
835 990 952 1030 quain
982 976 1136 1028 gravisi,
1167 977 1202 1012 8<

75 1045 193 1084 quain
224 1033 402 1071 diuturna
432 1032 644 1084 Purgatorii
678 1029 823 1083 poeua?

131 1085 223 1136 575.
256 1085 397 1138 Βοῦς»,
436 1098 483 1124 ex
510 1086 708 1123 communi
741 1084 820 1121 sere
848 1083 1023 1120 omnium
1055 1091 1202 1120 senten-

72 1138 126 1176 tia
142 1167 152 1185 ,
182 1152 260 1176 esse
281 1140 404 1190 ignem
423 1164 432 1176 .
462 1138 707 1190 Disputatum
738 1137 893 1188 quidem
914 1135 982 1173 hac
1003 1137 1048 1172 do,
1068 1150 1104 1172 rc
1127 1138 1198 1173 snit

68 1191 110 1229 in
138 1190 310 1230 Concilio
341 1190 560 1230 Florentino
587 1204 676 1228 cum
706 1190 853 1228 Graecis
872 1219 882 1237 ,
921 1191 988 1242 qui
1019 1189 1198 1240 Purgato-

70 1245 173 1281 rium
205 1256 278 1282 non
302 1245 427 1296 ignem
458 1243 660 1291 volebant,
691 1253 729 1280 ut
749 1243 956 1281 obscurum
987 1244 1194 1295 quemdam

67 1294 227 1344 locum,
255 1297 519 1346 cruciatibus,
548 1297 582 1333 ὃς
611 1295 810 1334 doloribus
838 1295 995 1347 plenum
1015 1322 1024 1332 .
1056 1296 1197 1349 Dispu-

67 1351 160 1387 tatio
179 1358 306 1389 tamen
335 1363 412 1388 non
432 1351 498 1388 diu
527 1350 702 1397 duravit,
733 1349 766 1386 δι
789 1352 829 1388 in
858 1349 936 1387 fine
956 1349 1119 1387 Concilii
1141 1351 1198 1388 sic

69 1401 203 1441 Graeci
231 1403 279 1440 de
307 1402 529 1455 Purgatorio
564 1402 680 1441 locuti
709 1411 818 1440 sunt:
867 1402 981 1452 Qum!
1008 1402 1164 1452 quidem
1183 1433 1194 1451 ,

68 1459 149 1494 sive
168 1459 293 1509 ignis,
323 1460 402 1494 sive
421 1455 660 1504 obscuritas,
690 1459 767 1494 sive
787 1454 919 1504 turbo,
949 1460 1026 1493 sire
1055 1455 1095 1493 itl
1126 1469 1196 1509 ge-

67 1521 144 1546 mis
172 1509 282 1547 aliut!
311 1513 388 1558 sit,
418 1523 497 1548 non
526 1519 714 1560 putamus
742 1509 896 1561 referre
913 1536 924 1547 .

123 1562 215 1614 576.
246 1561 418 1602 Ecclesia
459 1562 556 1601 nihil
588 1564 658 1601 hac
688 1563 734 1600 de
765 1576 805 1601 re
833 1563 997 1600 definire
1042 1561 1195 1610 voluit,

64 1615 109 1654 in
129 1617 208 1654 suis
227 1624 352 1654 tamen
383 1615 564 1668 precibus
584 1616 733 1652 videtur
754 1615 917 1654 voluisse
936 1617 1066 1654 omnia
1087 1629 1191 1653 tom-

93 1668 324 1717 tenende-re,
353 1668 448 1707 dum
476 1676 560 1707 orat
589 1668 739 1714 Deum,
771 1676 810 1705 ut
840 1668 900 1705 det
930 1668 1010 1705 illis
1039 1670 1189 1705 anima-

61 1682 136 1760 {us
156 1720 356 1775 refrigerii
376 1720 511 1761 sedem
524 1752 535 1771 ‚
564 1724 702 1773 quietis
723 1719 1007 1759 beatitudinem
1025 1749 1035 1768 ,
1065 1720 1114 1760 <9⁶
1135 1721 1190 1757 lu-

63 1778 187 1813 mint's
215 1776 446 1814 claritatem
463 1802 476 1814 .

120 1828 212 1880 577.
242 1829 444 1881 Quidquid
475 1842 565 1868 vero
591 1830 637 1867 sit
665 1829 713 1866 de
740 1827 926 1881 qualitate
954 1840 1158 1880 poenarum
1177 1856 1191 1875 ‚

62 1881 230 1920 dubitari
261 1894 331 1920 non
361 1891 500 1934 potest,
532 1881 618 1920 illas
639 1896 715 1920 esse
743 1883 1007 1933 gravissimas-3
1037 1895 1127 1918 nam
1149 1879 1188 1918 S.

59 1936 295 1987 Augustinus
326 1936 364 1972 in
394 1935 493 1974 Psal.
521 1935 732 1974 XXI-(Vn.
763 1936 913 1987 inquit:
943 1964 968 1983 „
999 1933 1101 1981 Quia
1131 1934 1190 1970 di-

61 2018 89 2040 „
118 1990 245 2036 citur,
277 1987 416 2027 Salvus
436 1993 534 2037 erit,
565 1988 667 2040 quoti
683 2000 754 2040 per
783 1992 918 2040 ignem
936 2017 948 2036 ,
978 1987 1189 2025 contemni-

60 2071 89 2092 „
119 2051 178 2080 tur
209 2040 274 2080 ille
303 2042 400 2095 ignis
420 2069 494 2082 .....
522 2043 674 2094 gravior
703 2051 831 2080 tamen
861 2043 930 2079 erit
962 2040 1025 2078 ille
1056 2041 1153 2091 ignis
1175 2068 1188 2086 ‚

60 2124 89 2142 „
118 2109 236 2147 quarn
264 2095 455 2148 quidquid
485 2105 602 2149 potest
631 2095 746 2144 homo
774 2096 850 2146 pati
873 2097 910 2132 in
940 2093 1011 2131 hac
1040 2095 1117 2130 vita
1138 2092 1158 2107 '³
1176 2118 1188 2129 .

57 2147 106 2186 Et
135 2148 177 2188 S.
205 2148 414 2200 Gregorius
451 2149 553 2200 Papa
589 2150 629 2186 in
660 2147 800 2186 I¹s.111.
830 2145 1188 2184 Poenitentialium:

55 2198 206 2250 *Illitrnj
236 2203 388 2254 inquit,
418 2204 694 2238 transitoriiim
725 2205 859 2251 ignem
888 2203 998 2237 omni
1027 2197 1188 2236 tribula-

57 2257 165 2292 tione
185 2257 342 2292 oestimo
360 2258 548 2302 praesenti
568 2253 916 2292 intolerabiliorem
929 2279 938 2290 .
961 2253 1008 2291 Et
1024 2252 1065 2290 S.
1081 2251 1187 2290 Tho-

57 2321 142 2347 mas
169 2308 209 2345 in
238 2307 306 2345 lV.
336 2307 516 2346 Sentent.
555 2307 732 2352 Distinet.
768 2320 829 2344 12.
868 2307 1015 2354 Quaest.
1051 2319 1085 2343 ι.
1113 2315 1186 2344 art.

57 2368 97 2400 ἰ.
128 2361 342 2399 rationibus
372 2361 533 2414 prohat,
551 2375 716 2413 ‚poenam
747 2359 956 2412 Purgatorii
985 2358 1183 2398 excedere

53 2422 219 2452 'omnem
247 2426 412 2464 poenam
433 2418 544 2452 istius
565 2417 675 2452 vitae.
705 2414 969 2462 Quamobrem
990 2422 1092 2451 recte
1106 2412 1181 2452 Ec-

53 2468 172 2506 clesia
199 2467 300 2506 filios
328 2481 415 2506 suos
441 2467 662 2506 adhortatur
689 2468 734 2506 ad
766 2481 880 2519 opera
916 2467 1182 2505 satisfactionis

50 2522 95 2560 in
117 2521 188 2561 hac
209 2522 285 2560 vita
304 2522 515 2560 exercenda
532 2552 543 2570 ‚
575 2522 720 2560 maxim
775 2535 822 2558 ue
839 2521 966 2559 studio
984 2533 1179 2560 cominen-

50 2575 163 2613 ‹latur
193 2574 519 2629 indulgentiarum
551 2589 659 2624 usus,
690 2534 834 2628 qiiiims
859 2574 941 2612 illae
961 2587 1087 2626 poenae
1118 2589 1179 2613 re-

49 2625 230 2666 laxantur
249 2655 262 2667 .
909 2640 913 2643 ·

105 2681 199 2732 578.
228 2681 288 2720 De
315 2682 474 2722 illarum
504 2696 707 2736 poenarum
728 2683 929 2720 duratione
955 2683 1059 2721 varie
1089 2684 1178 2735 opi·

48 2742 191 2772 uantur
218 2734 431 2788 Theologi.
460 2736 558 2776 Sunt
577 2738 642 2789 qni
673 2737 862 2788 neminem
887 2735 982 2773 ultra
1011 2736 1142 2774 decem
1163 2767 1174 2785 ,

48 2795 115 2824 aut
143 2789 278 2839 viginti
307 2803 427 2829 annos
455 2791 496 2829 in
524 2789 745 2842 Purgatorio
772 2790 929 2827 detineri
960 2802 1064 2841 posse
1094 2791 1175 2827 exi·

48 2841 202 2878 sument
220 2870 232 2888 ,
259 2843 378 2893 quia,
407 2845 585 2896 inquiunt
607 2873 618 2891 ‚
646 2843 852 2881 clementia
882 2842 954 2880 Dei
985 2855 1057 2879 non
1077 2845 1172 2894 pati-

46 2901 113 2930 tur
139 2895 282 2932 amicos
310 2908 398 2934 suos
429 2896 556 2935 multo
572 2906 744 2949 tempore
761 2911 782 2934 a
802 2909 871 2934 suo
889 2904 1087 2947 conspectu
1109 2909 1170 2933 co-

46 2943 176 2987 hiberi
193 2973 207 2986 .
235 2945 384 2986 Verum
410 2949 440 2987 si
462 2949 548 2988 haec
567 2951 667 2989 ratio
679 2949 820 2988 valeret
837 2980 851 2998 ‚
880 2950 992 2988 nimis
1013 2948 1171 3000 longum

46 2999 240 3039 videretur
269 3002 385 3040 etiam
412 3003 579 3054 spatium
609 3004 772 3055 viginti,
801 3002 860 3042 vel
891 3003 1022 3040 decem
1052 3015 1170 3040 anno-

46 3064 136 3092 1·an
153 3079 168 3092 .
198 3052 338 3093 'Satius
362 3064 416 3093 est
441 3055 572 3094 dicere
611 3057 649 3094 id
679 3056 765 3094 Deo
791 3055 863 3094 soli
900 3065 1033 3094 notum
1064 3070 1140 3094 esse
1157 3086 1168 3104 ,

45 3107 112 3156 qui
142 3108 185 3146 in
210 3121 399 3156 numero,
436 3109 630 3160 pondere,
669 3109 704 3145 &
733 3122 909 3148 mensura
935 3111 1065 3147 omnia.
1093 3109 1171 3147 dis-

46 3160 152 3209 ponit
166 3186 182 3200 .
206 3160 308 3201 Sane
327 3164 358 3201 si
378 3162 486 3201 Deus
505 3175 550 3201 ex
572 3162 811 3216 inscrutabili
832 3161 1067 3213 judiciorum
1084 3175 1172 3200 suo·

104 3297 153 3332 (α)
183 3306 214 3326 ¹-
239 3306 273 3328 2.
297 3307 420 3342 qnaest.
446 3299 501 3332 55.
528 3307 594 3331 art.
614 3299 646 3340 4.
663 3320 674 3339 ,
705 3299 767 3332 ubi
792 3307 909 3332 tamen
936 3298 1100 3333 observat
1129 3300 1171 3333 iis

44 3339 166 3373 'Verbis
186 3353 196 3371 ε
221 3354 377 3386 qnmnque
404 3345 500 3379 Dens
526 3350 562 3379 in
586 3347 686 3379 nohis
710 3356 888 3390 operatur,
928 3342 1171 3378 definitionem

46 3387 213 3430 restringi
238 3387 281 3423 ad
306 3391 455 3428 virtutes
479 3393 612 3427 infusas
629 3405 642 3434 ἦ
665 3393 694 3427 si
712 3404 830 3428 autem
847 3405 887 3427 ea
905 3392 1012 3427 verba
1029 3391 1172 3426 deman-

2263 103 2336 142 131

1275 187 1361 212 rum
1393 173 1530 225 abysso
1560 176 1677 226 potuit
1707 176 1862 215 Sanctos
1893 177 1979 215 Vet.
2010 177 2246 216 Testamenti
2277 191 2298 215 a
2328 192 2394 215 suo

1276 236 1477 278 conspectu
1508 241 1636 264 arcere
1681 244 1747 279 per
1776 230 1901 268 millia
1931 244 2119 269 annorum
2139 262 2148 277 ‚
2200 245 2320 283 usque
2347 232 2393 269 tul

1273 280 1410 318 Christi
1435 282 1775 329 resurrectionem,
1807 292 1845 320 nt
1875 287 2088 322 communis
2109 285 2394 335 'l'lntologorui'n

1274 334 1406 384 opinio
1436 332 1574 381 habet,
1606 347 1718 371 eccur
1748 347 1821 372 non
1842 339 1973 386 poterit
2004 341 2117 376 etiam
2151 349 2332 385 iustorum
2355 354 2392 374 a·

1275 389 1395 425 nimas
1424 387 1464 424 in
1486 385 1699 438 Purgatorii
1729 401 1879 425 carcere
1908 391 2074 428 detincre
2096 386 2292 444 quousque
2311 391 2393 429 red-

1275 440 1366 478 dant
1396 441 1647 478 novissimnm
1678 441 1956 492 quadrantem?

1333 494 1424 544 370.
1467 493 1567 532 Sane
1599 507 1758 545 magnus
1788 494 2019 544 Augusnnus
2063 510 2130 546 pro
2161 498 2286 535 Matr-,-
2327 511 2393 534 sua

1280 545 1433 584 Monica
1457 577 1466 594 2
1514 557 1599 585 ante
1628 547 1721 595 3o.,
1769 546 1802 581 8(
1844 547 2011 598 amplius
2052 563 2168 586 {UtUOS
2206 561 2391 588 mortuam

1282 599 1409 637 Deum
1437 600 1594 649 orabat,
1623 600 1793 652 aliosque
1823 609 1861 638 nt
1892 614 1959 652 pro
1987 615 2029 638 ea
2059 614 2238 649 orarent,
2276 616 2398 649 maio-

1282 665 1361 690 rem
1395 655 1432 690 in
1465 655 1622 692 niodum
1651 653 1871 692 hortabatur
1894 680 1904 692 .
1948 653 2049 691 Hinc
2081 657 2191 692 etiam
2223 656 2395 693 licen-³52

1279 707 1413 756 probat
1441 708 1703 746 anniversaria
1741 719 1810 758 pro
1841 706 2038 744 Defunctis
2071 709 2233 745 instituta
2253 737 2263 754 ,
2305 722 2393 759 (μιᾶς

1276 758 1326 796 ab
1349 762 1429 811 ipso
1449 759 1680 800 Tertulliani
1703 770 1872 812 tempore
1894 771 2097 799 memorata
2122 761 2366 798 inveniuntur
2382 787 2393 798 .

1275 814 1536 860 Quamobrem
1558 814 1765 864 justissime
1791 814 1841 851 ab
1863 813 2078 852 Alexandro
2101 813 2185 852 Vll.
2217 815 2389 866 praescri-

1274 874 1338 916 pta
1370 868 1441 904 suit
1474 866 1539 904 illa
1571 869 1775 920 propositio
1804 882 1843 905 n.
1872 867 1937 912 45.
1982 867 2170 904 Anneium
2213 870 2391 919 legatum

1270 931 1340 968 pro
1369 923 1515 957 anima
1546 922 1725 959 relictam
1755 934 1834 958 non
1864 920 1982 958 durat
2011 920 2126 970 plns,
2169 934 2292 971 quarn
2322 933 2393 970 per

1271 971 1409 1012 decem.
1440 987 1570 1011 annos
1587 1001 1596 1011 .

1324 1026 1483 1074 Quaeres
1511 1027 1700 1066 secundo.
1750 1027 1888 1066 Utrum
1921 1028 2074 1066 Animae
2106 1029 2143 1065 in
2174 1026 2395 1080 l’urgatorio

1267 1090 1382 1117 certa:
1413 1083 1483 1119 sint
1515 1081 1560 1119 de
1587 1096 1655 1119 sna
1684 1080 1838 1119 salute?

1323 1133 1415 1172 580.
1450 1132 1589 1186 Hesp„
1638 1135 1826 1172 Lutherus
1853 1134 2008 1186 quando
2037 1134 2146 1172 initio
2187 1135 2244 1173 sui
2275 1133 2391 1172 schis-

1269 1189 1379 1225 matis
1412 1186 1676 1238 l'urgatorium
1696 1187 1918 1226 admittebat
1938 1196 2007 1226 art.
2025 1186 2090 1225 33.
2120 1189 2299 1239 negavit,
2328 1202 2391 1225 eas

1270 1253 1349 1278 esse
1377 1240 1423 1278 de
1452 1255 1517 1279 sua
1548 1240 1667 1278 salute
1695 1254 1864 1287 secura33
1893 1242 2070 1293 quamvis
2100 1251 2222 1292 postea
2244 1248 2388 1278 seuten-

1267 1294 1318 1330 tia
1348 1304 1490 1332 mutata
1521 1292 1788 1345 purgatorium
1818 1296 1946 1347 ipsum
1975 1293 2196 1332 sustulerit.
2228 1294 2299 1332 llle
2327 1307 2387 1330 ar-

1266 1346 1405 1384 ticulus
1436 1345 1593 1386 Lutheri
1626 1349 1698 1386 suit
1729 1362 1801 1386 una
1831 1362 1920 1386 cum
1951 1349 2087 1385 ceteris
2127 1360 2148 1384 a
2177 1348 2302 1385 Leone
2334 1346 2387 1385 X.

1265 1400 1512 1451 reprobatus.
1558 1401 1605 1439 Et
1634 1401 1789 1453 quidem
1821 1402 1982 1448 merito,
2010 1404 2138 1450 primo
2167 1402 2268 1439 enim
2297 1414 2388 1438 cum

1263 1455 1386 1491 statim
1405 1464 1488 1506 post
1509 1465 1666 1492 mortem
1688 1455 1940 1507 sitl)<eqtiatiir
1959 1453 2148 1504 judicium
2168 1485 2178 1502 ,
2201 1468 2387 1506 unaquae-

1262 1520 1339 1556 qne
1366 1509 1495 1546 anima
1514 1508 1623 1545 debet
1644 1509 1891 1546 decretoriam
1914 1507 2055 1558 judicis
2074 1509 2296 1545 sententiani
2318 1522 2388 1544 au-

1263 1559 1345 1597 dire
1365 1591 1374 1608 ,
1406 1561 1583 1600 videlicet
1613 1570 1675 1599 aut
1705 1562 1958 1600 damnationis
1988 1569 2170 1608 aeternae,
2202 1570 2264 1599 ant
2286 1560 2386 1598 salu-

1264 1614 1335 1660 tis,
1379 1615 1457 1652 sive
1487 1615 1708 1652 immediate
1735 1615 2041 1666 consequendae,
2090 1616 2170 1652 sive
2214 1625 2291 1664 post
2321 1615 2386 1650 de-

1261 1665 1382 1702 bitam
1424 1681 1578 1704 suarum
1622 1667 1826 1718 culparum
1858 1669 2151 1718 purgationem.
2198 1665 2386 1704 Praeterea

1261 1719 1384 1754 sciunt
1415 1720 1587 1756 infelices
1615 1718 1695 1755 illae
1726 1721 1869 1756 animae
1907 1721 1946 1756 in
1976 1718 2196 1769 Purgatorio
2223 1718 2385 1756 detentae

1258 1782 1296 1806 se
1327 1770 1452 1808 Deum
1483 1770 1527 1810 eit
1561 1780 1636 1810 toto
1665 1772 1780 1809 corde
1808 1771 1994 1823 diligere3
2025 1786 2130 1824 spem
2163 1770 2302 1809 habent
2325 1786 2384 1809 re-

1258 1824 1322 1874 gni
1355 1823 1544 1872 caelestis,
1589 1824 1623 1861 8(
1653 1824 1859 1875 Purgatorii
1900 1839 2032 1877 poenas
2063 1826 2245 1876 patienter
2273 1826 2384 1864 susti-

1261 1886 1374 1922 nent3
1416 1892 1505 1929 quae
1535 1878 1664 1915 omnia
1694 1878 1896 1925 conciliari*
1922 1892 1994 1915 non
2025 1887 2175 1929 ponunt
2205 1893 2294 1916 cum
2324 1880 2383 1917 in-

1258 1931 1484 1968 certitudine
1513 1931 1677 1969 coelestis
1706 1932 1983 1968 Beatitudinis.
2031 1931 2100 1968 His
2128 1931 2311 1968 accedunt
2339 1945 2382 1968 o-

1259 1983 1420 2020 rationes
1449 1984 1636 2022 Ecclesiae
1657 2013 1668 2031 ‚
1698 1985 1840 2036 quibus
1869 1984 1908 2021 in
1938 1984 2092 2021 Canone
2122 1983 2253 2022 Missae
2283 1985 2380 2023 dici-

1256 2043 1317 2073 tnr
1338 2050 1398 2074 eas
1427 2039 1577 2076 animas
1605 2037 1779 2076 dormire
1806 2041 1847 2074 in
1876 2050 2018 2074 somno
2034 2041 2173 2087 pacis,
2202 2038 2252 2077 (J
2271 2042 2380 2086 quie-

1256 2102 1366 2128 scere
1396 2093 1436 2127 in
1470 2090 1659 2129 Christo.⁴
1678 2090 1757 2138 Qui
1775 2090 1887 2141 plura
1901 2090 2113 2137 desiderat,
2142 2091 2247 2129 adeat
2264 2092 2380 2129 Card-

1257 2142 1539 2183 Bellarininum
1568 2144 1658 2183 Lib.
1676 2145 1723 2183 11.
1754 2144 1803 2182 (le
1833 2144 2068 2196 Purgatorio
2096 2159 2181 2196 cap.
2198 2145 2264 2192 4.,
2307 2146 2376 2197 qui

1257 2205 1384 2235 tamen
1414 2196 1513 2236 hanc
1533 2201 1758 2237 sententiam
1789 2199 1836 2236 ad
1865 2197 1982 2236 fidem
2003 2199 2192 2250 pertinere
2213 2211 2284 2235 non
2306 2212 2376 2250 pu-

1255 2259 1306 2289 tat
1325 2264 1492 2290 asserens
1512 2262 1695 2306 quosnam
1727 2265 1806 2290 esse
1833 2281 1859 2298 „
1889 2251 2099 2290 Catholicos
2117 2281 2127 2299 ,
2157 2253 2225 2303 qui
2246 2253 2377 2289 existi-

1257 2331 1283 2352 „
1311 2314 1444 2353 mant,
1492 2309 1616 2346 varias
1644 2320 1721 2344 esse
1751 2307 1790 2344 in
1820 2304 2041 2356 I'urgatorio
2071 2319 2205 2356 peenas
2225 2335 2236 2352 ‚
2266 2305 2300 2341 8<
2331 2319 2374 2342 u·

1251 2387 1277 2406 „
1309 2372 1396 2395 nain
1426 2373 1504 2397 esse
1523 2361 1699 2398 omnium
1721 2361 1933 2397 maximam
1952 2389 1963 2407 ,
1994 2358 2296 2396 incertitiulinem
2313 2372 2370 2394 sa·

1250 2440 1276 2461 ‚‚
1307 2412 1416 2459 lutis,
1447 2426 1521 2464 qua
1544 2413 1673 2453 dicunt
1693 2443 1704 2462 ,
1734 2412 1918 2466 quasdam
1949 2411 2072 2449 solum
2102 2413 2250 2449 animas
2271 2410 2371 2447 mul·

1248 2493 1274 2512 „
1303 2467 1396 2503 ctari
1427 2467 1452 2486 ‘⁵
1471 2492 1482 2504 .
1512 2466 1584 2504 Pro
1613 2465 1684 2504 hac
1712 2467 1895 2504 sententia
1915 2467 2004 2504 citat
2027 2465 2253 2516 Dionysium
2275 2465 2369 2500 Car-

1246 2519 1465 2556 thusianuin
1483 2549 1495 2568 ‚
1517 2519 1753 2559 Michaelem
1771 2519 1833 2570 Baj
1843 2533 1906 2556 um
1924 2548 1935 2567 ,
1956 2518 2164 2557 Gersonem
2183 2547 2194 2564 ,
2210 2517 2241 2552 ἂ
2257 2516 2367 2554 Joan.

1248 2571 1464 2611 Roffensetn
1481 2599 1494 2612 .

1541 2680 1726 2720 BREVIS
1756 2677 2070 2717 TRACTATUS

1352 2787 1417 2826 De
1448 2785 1659 2825 Virtutibus
1692 2785 1935 2835 leologicis
1955 2814 1966 2831 ‚
1997 2783 2093 2822 Fide
2109 2813 2120 2832 ‚
2150 2782 2257 2834 Spe,

1644 2840 1693 2880 Θ·
1727 2839 1934 2876 C'zaritate
1951 2864 1962 2875 .

1295 2921 1454 2988 Virtus
1482 2945 1634 2984 definiri
1665 2945 1756 2982 solet
1798 2958 1842 2982 ex
1871 2944 1912 2982 S.
1944 2944 2157 2996 Augustino
2191 2943 2282 2982 Lib.
2313 2943 2362 2982 Π.

1240 2997 1289 3037 de
1318 2999 1381 3037 lib.
1395 3001 1481 3038 arb.
1511 3015 1597 3051 cap.
1620 2998 1681 3037 18.
1711 2999 1744 3034 8(
1768 3012 1828 3051 ¹9·
1857 2997 1963 3035 bona
1991 2998 2166 3049 qualitas
2186 2999 2361 3044 mentis,

1239 3065 1319 3103 qna
1347 3065 1453 3092 recte
1474 3057 1629 3099 vivitur,
1659 3065 1738 3103 qna
1757 3053 1886 3090 nullus
1908 3052 2017 3090 male
2035 3055 2155 3089 utitur
2170 3081 2181 3098 ‚
2209 3062 2354 3100 quam·

1239 3119 1313 3156 que
1342 3106 1451 3146 Deus
1480 3112 1521 3145 in
1552 3104 1661 3143 nobis
1691 3109 1777 3143 sine
1805 3105 1915 3144 nobis
1927 3114 2138 3156 operatur.
2171 3103 2276 3140 Hanc
2291 3102 2358 3138 de-

1238 3160 1450 3200 finitionem
1481 3160 1615 3212 probat
1634 3159 1840 3211 Angelicus
1869 3159 1932 3211 (a)
1950 3189 1962 3208 ‚
1990 3159 2053 3197 sed
2082 3158 2164 3196 loco
2183 3157 2356 3215 qualita-

2259 3218 2305 3245 ns

1240 3306 1322 3336 tur,
1349 3300 1511 3339 reliquum
1536 3296 1786 3341 definitionis,
1810 3295 1923 3340 inquit
1943 3317 1956 3335 ‚
1980 3298 2050 3327 erit
2066 3302 2228 3327 commune
2246 3291 2357 3323 omni-
2394 3339 2397 3342 y

1239 3345 1295 3377 tus
1324 3344 1504 3380 virtutibus
1532 3348 1573 3379 ὓ*
1599 3346 1810 3390 acquisitis,
1837 3348 1879 3377 U*
1906 3341 2060 3386 insitsis·
