2570 3745
210 154 268 197 66

151 261 176 282 „
207 241 330 276 ctam,
360 222 469 277 atque
498 224 687 263 decretam
718 236 793 260 esse
822 226 848 244 “
866 249 877 260 .
908 221 995 260 Uno
1011 220 1127 259 verbo
1142 218 1257 269 Baius

149 286 241 323 adeo
270 284 307 319 in
335 279 514 318 omnibus
543 278 784 316 obedientem
814 289 850 314 se
879 275 1081 322 exhibuit,
1113 283 1151 311 ut
1181 272 1256 309 To-

148 337 244 374 letus
265 333 553 371 exclamaverit:
582 330 724 368 Nullus
744 328 947 366 Michaele
963 327 1066 381 Biz-fo
1085 326 1255 372 (tectior,

150 390 279 427 nullus
308 385 490 424 humilior
519 385 582 437 (a)
601 411 611 422 .
653 384 735 421 Post
772 383 809 420 id
838 383 1017 433 temporis
1045 380 1222 432 quasdam
1245 407 1255 425 ,

148 457 219 482 nec
249 449 460 480 memoratu
487 439 614 491 dignae
646 437 736 487 Bajo
767 436 948 473 molestiae
977 443 1114 470 creatas
1143 439 1255 478 sunt,

150 498 219 549 qui
250 495 402 532 tandem
431 507 522 531 ann.
550 492 691 542 1589„
736 491 854 526 attatis
883 501 961 525 suae
986 501 1048 537 77.
1067 516 1077 534 ,
1120 492 1256 522 morta-

147 549 225 588 lem
255 548 351 586 lianc
380 548 496 585 vitam
527 547 655 592 exuit,
694 542 926 595 pauperibus
953 541 1142 578 bonorum
1171 549 1256 576 suo-

150 617 238 642 rum
268 600 484 639 haeredibus
513 599 718 638 constitutis
737 623 746 634 .

205 656 270 695 55.
300 656 382 693 Nou
411 655 544 691 desunt
573 662 696 689 tamen
739 650 793 701 pii
824 647 856 684 8<
886 644 1062 684 catholici
1093 641 1256 681 Theolo-

148 710 215 763 gi,
245 710 311 761 qui
344 707 538 744 nonnullas
568 718 612 742 ex
640 702 827 742 damnatis
848 699 924 737 illis
942 695 1258 750 propositionibus

149 763 274 802 adhuc
303 761 455 799 defendi
486 772 591 811 posse
620 763 776 809 putant,
806 761 990 791 censentes
1012 780 1023 798 ‚
1066 749 1154 786 illas
1182 760 1257 785 non

151 818 266 855 fuisse
295 815 518 866 proscriptas
536 842 546 859 ,
576 813 645 848 nisi
676 809 768 860 quia
796 815 862 844 aut
881 804 1067 842 contraria
1086 802 1258 839 doctrina

148 871 263 908 nimis
292 867 437 905 acerbis
465 865 633 903 censuris
662 860 950 913 perstringitur,
993 865 1057 893 aut
1098 855 1191 907 quia
1220 856 1258 892 in

148 936 266 975 pravo
295 933 404 959 sensu
434 918 631 956 intellectae
662 911 883 952 scandalum
913 912 1133 961 ingenerare
1153 915 1259 960 pote-

148 985 232 1014 rant
248 1001 258 1013 .
288 975 344 1011 lta
372 974 469 1009 inter
498 970 591 1008 alios
621 968 660 1005 P.
676 967 816 1005 Suarez
837 964 885 1002 Τ.
907 964 935 1001 Ι.
953 962 1000 1000 <le
1024 961 1142 999 Grac.
1163 961 1260 999 Pro-

147 1030 384 1081 legomenon
403 1024 471 1062 VI.
488 1038 573 1075 cap.
596 1035 633 1059 2.
649 1050 661 1069 ,
690 1019 724 1056 8<
746 1018 786 1056 P.
809 1017 981 1068 Vasquez
998 1017 1034 1054 in
1058 1029 1089 1053 1.
1108 1029 1145 1053 2.
1162 1015 1260 1067 disp.

153 1095 241 1133 ¹9⁰·
271 1093 354 1130 cap.
382 1077 469 1124 18.,
498 1077 566 1128 qui
596 1083 806 1127 postremus
835 1071 960 1109 addit:
991 1100 1016 1118 „
1047 1068 1173 1120 Hujus
1194 1068 1261 1106 da-

146 1164 173 1185 „
203 1132 403 1171 mnationis
432 1143 581 1168 sensum
600 1158 614 1177 ,
656 1135 769 1180 prout
798 1140 820 1162 a
849 1138 910 1162 me
940 1122 1151 1176 explicatus
1181 1130 1261 1171 est,

147 1217 174 1237 „
204 1185 349 1225 contuli
378 1198 467 1222 cuin
497 1182 757 1221 Illustrissimo
785 1179 836 1217 D.
865 1178 978 1216 Card.
1010 1175 1145 1214 Toleto
1165 1201 1175 1212 .
1193 1202 1203 1213 .
1222 1202 1232 1213 .
1250 1201 1262 1213 .

148 1270 174 1290 ,‚
202 1240 271 1292 qui
299 1251 369 1291 pro
405 1236 476 1275 hac
505 1235 617 1274 Bulla
638 1264 650 1281 ,
691 1233 726 1270 &
754 1231 999 1271 damnatione
1040 1229 1262 1281 recipienda

149 1323 177 1342 „
205 1293 421 1333 Lovanium
452 1291 586 1328 missus
615 1289 765 1333 fuerat,
795 1298 960 1336 eumque
991 1282 1196 1334 probavit,
1226 1282 1260 1318 8t

150 1377 178 1396 „
206 1358 432 1397 germanum
454 1357 532 1381 esse
550 1343 668 1389 dixit,
698 1340 929 1392 propriaque
959 1351 1074 1373 mauu
1095 1336 1261 1375 subscri-

150 1429 176 1449 „
206 1401 305 1450 psit,
334 1397 445 1450 cujus
472 1394 760 1448 subscriptionis
776 1391 971 1443 exemplar
987 1390 1090 1441 apud
1119 1403 1180 1426 me
1196 1389 1261 1426 ad-

393 1454 418 1472 66

149 1482 178 1525 ²³*
203 1452 281 1551 1514113
295 1461 482 1542 Ιῗὶεῖεῒίει111
509 1509 638 1553 aperte
651 1498 845 1549 colligitur
864 1509 908 1533 ex
930 1497 1012 1548 ipsa
1032 1494 1148 1532 Piana
1161 1494 1261 1532 Con-

146 1558 362 1605 stitutione,
392 1557 444 1594 ita
472 1556 577 1593 enim
606 1552 718 1592 habet
739 1550 891 1589 influe:
921 1579 948 1598 „
977 1548 1082 1596 Quas
1101 1548 1260 1599 quidem

149 1642 178 1662 „
207 1612 428 1658 sententias,
464 1610 593 1647 stricto
620 1619 749 1646 coram
779 1604 886 1642 nobis
915 1603 1092 1640 examine
1122 1602 1259 1653 ponde-

205 1674 330 1712 ratas,
358 1676 595 1715 quamquam
625 1657 825 1697 nonnullae
856 1656 988 1707 aliquo
1017 1664 1124 1707 pacto
1153 1655 1260 1692 susti-

148 1748 177 1768 „
205 1719 288 1756 neri
319 1724 489 1768 possent,
532 1716 573 1752 in
601 1715 724 1765 rigore
742 1741 752 1759 ,
794 1711 828 1746 8(
872 1709 1026 1760 proprio
1055 1706 1261 1745 verborum

151 1788 180 1822 „·
209 1784 315 1810 sensu
335 1799 346 1817 ,
375 1769 424 1808 ab
446 1767 690 1806 assertoribus
712 1766 850 1803 intento
868 1792 877 1809 ,
910 1761 1105 1799 baereticas
1122 1791 1132 1808 ‚
1162 1773 1262 1798 erro-

150 1855 178 1874 „
207 1838 301 1863 neas·
324 1822 395 1861 &c.
425 1822 670 1875 praesentium
699 1818 919 1856 auctoritate
949 1815 1172 1852 damnamus
1202 1817 1227 1835 “
1250 1841 1261 1852 .

148 1879 261 1917 Unde
290 1886 375 1915 nata
403 1886 455 1914 est
483 1875 627 1913 famosa
655 1871 909 1912 controversia
951 1869 998 1906 de
1039 1875 1226 1905 commate
1249 1897 1259 1915 ‚

147 1940 238 1985 quae
269 1939 393 1969 nostra
423 1942 561 1982 parum
589 1929 746 1973 attinet,
777 1938 824 1963 an
853 1921 999 1961 scilicet
1027 1931 1108 1974 post
1128 1935 1260 1960 vocem

145 1994 305 2037 possent
331 1984 466 2021 debeat
494 1995 645 2020 comma
675 1978 890 2030 interponi,
921 1975 979 2013 vel
1002 1988 1078 2013 non
1099 1975 1260 2012 debeat.

148 2038 192 2077 Si
221 2039 325 2077 enim
355 2036 505 2075 nullum
536 2044 616 2086 post
645 2045 777 2071 vocem
810 2037 972 2081 possent
1000 2031 1262 2079 interponatur

148 2105 301 2130 comma
316 2122 327 2140 ,
357 2088 618 2142 significatur,
649 2099 779 2124 earum
803 2081 1005 2121 nonnullas
1027 2094 1131 2133 posse
1151 2081 1261 2119 susti-

149 2147 232 2183 neri
263 2149 303 2182 ὶη
332 2147 489 2196 rigore,
517 2142 566 2182 (9⁴
597 2144 638 2177 in
652 2152 771 2178 sensu
786 2135 837 2175 ab
853 2135 1114 2173 assertoribus
1134 2138 1261 2171 inten-

151 2208 193 2236 to
222 2197 277 2250 (b)
297 2225 308 2236 .
349 2199 390 2236 Si
420 2209 510 2235 vero
545 2203 624 2247 post
653 2206 784 2232 vocem
815 2199 974 2240 possent
1003 2189 1260 2240 interpunctio

153 2261 342 2302 ponatur,
371 2258 550 2302 apparet,
578 2262 640 2285 eas
669 2247 940 2299 propositiones
969 2243 1162 2280 damnatas
1182 2256 1261 2279 esse

150 2308 194 2342 in
222 2308 349 2356 rigore
371 2332 382 2350 ,
423 2305 472 2341 Θ·
502 2306 542 2337 in
570 2313 687 2337 sensu
716 2298 767 2336 ab
796 2297 1054 2335 assertoribus
1083 2300 1260 2343 intento,

153 2368 393 2409 quamquam
422 2356 461 2392 in
490 2353 566 2391 alio
594 2367 702 2390 sensu
731 2352 907 2390 sustineri
938 2359 1116 2403 possunt.
1154 2348 1228 2387 Sed
1249 2378 1260 2397 ,

153 2419 194 2448 ut
223 2411 331 2458 dixi,
373 2407 457 2446 haec
488 2407 631 2445 famosa
658 2407 705 2444 de
733 2418 806 2442 uno
834 2414 1020 2441 commate
1048 2411 1261 2441 controver-

149 2464 207 2502 aia
223 2493 235 2512 ,
264 2476 352 2516 quae
368 2460 492 2499 adhuc
512 2461 638 2512 viget,
668 2467 790 2496 nostra
811 2471 945 2508 parum
962 2458 1135 2494 interest:
1163 2469 1262 2494 sem-

151 2530 222 2570 per
250 2518 354 2556 enim
382 2528 517 2557 verum
546 2522 625 2562 est,
660 2510 865 2550 nonnullas
901 2524 945 2547 ex
986 2510 1174 2549 damnatis
1213 2508 1262 2548 il-

150 1686 177 1715 22'

201 2688 250 2723 (at,
276 2682 421 2715 Utinam
444 2681 535 2715 banc
561 2678 637 2724 Baji
662 2677 867 2712 modestiam
895 2675 946 2709 illi
972 2675 1101 2708 imitati
1125 2682 1266 2716 essent,

156 2731 219 2774 qui
246 2727 402 2772 ejusd-m
427 2726 615 2772 discipulos
641 2738 676 2759 se
702 2725 902 2770 profitentes
929 2723 1018 2755 hanc
1045 2723 1079 2754 S.
1108 2722 1157 2753 Pii
1183 2733 1266 2753 con-

157 2776 375 2809 stitutionem
403 2773 551 2816 indignis
587 2772 699 2806 modis
725 2769 991 2817 prosciderunt,
1030 2776 1152 2801 contra
1179 2779 1276 2811 quosv

157 2821 320 2854 videatur
345 2821 435 2852 inter
460 2821 544 2852 alios
569 2820 604 2851 P.
626 2821 729 2852 Laur.
752 2817 827 2851 Lib.
847 2816 978 2850 XVlll.
1006 2815 1126 2848 Theol.
1153 2817 1276 2857 dogm.>

159 2880 236 2913 cap.
258 2878 287 2899 2.
302 2887 312 2906 ,
337 2866 372 2898 P.
391 2866 472 2898 Car.
493 2866 645 2899 Renatus
666 2863 822 2897 Billnaril
850 2863 942 2896 Diss.
963 2863 988 2895 l.
1014 2861 1183 2906 praeamb.
1199 2868 1265 2892 art.

160 2915 195 2948 3.
211 2935 221 2954 ,
248 2917 280 2946 δε
305 2913 340 2944 Ρ.
368 2912 521 2954 Ignatius
546 2914 650 2945 Amat
675 2911 717 2945 de
735 2914 914 2944 Graveson
940 2919 995 2954 ap.
1017 2910 1064 2942 X.
1090 2907 1195 2940 theol.
1214 2918 1267 2939 se-

155 2959 278 2995 mt'ndae
305 2959 445 2992 classis.

175 3026 180 3032 ·
213 3008 259 3045 (h)
284 3007 335 3038 lta
363 3005 453 3036 inter
478 3003 562 3035 alios
586 3003 769 3047 legendum
794 3015 868 3036 esse
887 2999 1065 3037 contendit
1082 3001 1267 3044 Pet-Hya-

160 3053 316 3098 cynthus
340 3052 448 3093 Serry
462 3048 598 3082 Histor-
624 3052 667 3082 de
691 3063 768 3083 aux.
796 3051 873 3083 Lib.
891 3051 948 3083 lV.
964 3059 1040 3093 cap.
1063 3059 1116 3079 20.
1136 3050 1168 3078 &
1190 3047 1267 3079 Lib.

159 3100 206 3134 V.
234 3108 317 3131 sect.
339 3108 415 3141 7.-c.
434 3095 494 3137 4.,
520 3096 631 3127 multa
658 3094 700 3127 ad
725 3095 757 3127 id
784 3097 925 3129 afferens
951 3095 1186 3133 document-13
1212 3093 1268 3126 ciii

161 3144 352 3180 subscribit
380 3143 414 3175 P.
439 3142 564 3174 Viator
590 3153 608 3173 a
635 3143 799 3174 Coccaleo
823 3152 938 3175 annot.
964 3144 1015 3175 13.
1042 3141 1188 3173 therca
1209 3142 1271 3172 Si-

163 3201 261 3226 stem.
280 3191 380 3223 Part.
399 3190 440 3222 ll.
469 3189 505 3220 in
523 3196 594 3221 not·
623 3194 670 3225 ta)
690 3209 701 3227 ‚
728 3187 828 3230 idque
854 3189 964 3231 ipsum
984 3197 1085 3221 antea
1111 3194 1280 3219 tenuerat·

161 3238 283 3273 Natal.
309 3237 454 3270 Alexan.
482 3236 518 3267 in
542 3234 627 3267 Saec.
653 3234 750 3266 XVl-
778 3234 812 3265 in
831 3234 914 3266 Szec.
937 3237 977 3268 Η.
1005 3237 1036 3276 9.
1058 3245 1112 3266 21.
1129 3235 1163 3266 in
1179 3244 1272 3277 resp.

164 3284 208 3319 ad
225 3285 256 3318 5.
280 3282 433 3327 object„
457 3291 671 3326 quamquam
697 3287 815 3324 postea
841 3279 873 3310 in
891 3281 1011 3313 Saeciit.
1034 3281 1155 3314 XV.&
1171 3281 1269 3314 XVI.

163 3343 239 3375 cap.
260 3331 292 3363 3.
318 3338 385 3362 art.
409 3328 460 3371 14.
487 3327 694 3360 sententiam
722 3325 872 3358 mutavit
891 3347 899 3355 ·
928 3326 1040 3359 Facile
1066 3327 1188 3360 fuisset
1214 3337 1270 3358 ce-

162 3377 297 3421 lebrem
320 3375 410 3410 hanc
435 3374 581 3420 virgulae
605 3373 705 3408 litem
721 3372 908 3413 dirimere,
934 3372 1147 3418 autographo
1161 3372 1270 3407 13:111ae

711 139 800 186 DE
827 140 1058 186 G'RA'I'IA
1092 139 1140 183 P.
1171 139 1207 183 Ι.
1239 133 1608 183 DISSERT.111;
1641 136 1773 181 CAP.
1800 135 1857 179 V.

1322 215 1369 253 lis
1412 215 1734 265 propositionibus
1775 228 1882 268 posse
1921 211 2053 265 aliquo
2081 220 2190 266 pacto
2229 208 2434 257 sustineris.

1379 268 1442 305 55.
1473 270 1686 319 Antequam
1717 268 1787 306 hoc
1801 275 1914 321 caput
1930 266 2197 316 absolvamus,
2227 269 2350 306 surdis
2363 284 2433 308 au-

1324 320 1431 358 ribus
1463 322 1725 370 praetereunda
1745 334 1816 359 uon
1831 332 1883 359 est
1902 320 2097 358 calumnia
2112 350 2123 368 ,
2152 336 2229 372 qua
2248 322 2303 359 Jo:
2323 323 2433 375 Bapt.

1326 373 1388 412 Du
1404 372 1550 411 Chesne
1569 374 1610 410 iu
1629 373 1732 412 Hist.
1749 374 1990 427 Bajanismi·
2009 374 2184 411 damnata
2205 375 2320 413 Decr.
2334 376 2435 414 Cou-

1324 440 1427 477 greg.
1457 425 1540 462 Ind.
1569 438 1627 476 ¹7.
1646 427 1766 465 Mart.
1786 428 1900 478 1754.
1929 441 2042 465 ausus
2070 437 2121 464 est
2141 428 2333 476 scribere,
2367 429 2435 475 Ba-

1324 480 1408 530 ]'um
1437 478 1648 516 doctrinam
1677 493 1784 517 suam
1813 481 2048 521 Calvinismo
2076 480 2256 518 infectam
2285 496 2306 518 a
2327 481 2435 519 Petro

1324 532 1413 569 Soto
1441 530 1654 569 clarissimo
1674 532 1939 572 Dominicanae
1969 534 2133 572 familia-
2163 533 2320 571 luminev
2341 534 2437 572 hau-

1324 587 1439 622 sisse.
1470 583 1597 635 Hujus
1626 586 1716 620 tanti
1747 586 1821 622 viri
1850 588 2036 624 vindicias
2063 590 2136 638 egit
2165 587 2279 624 Card.
2299 586 2437 638 Joseptx

1326 639 1556 689 Augustinus
1586 638 1672 674 Orsi
1703 638 1740 673 in
1769 636 1873 674 libro
1902 639 2144 691 Apologetico
2176 640 2306 679 Romae
2338 642 2438 677 edito

1326 704 1422 728 aimo
1449 690 1564 741 1754.
1593 690 1673 727 sub.
1706 690 1886 741 auspiciis
1914 690 2119 731 Clementis
2147 692 2233 732 ΧΗ.
2279 693 2442 731 Romani.

1325 743 1548 782 Pontificis.
1580 743 1716 780 Extant
1746 744 1862 780 etiam
1892 743 1932 780 in
1961 743 2074 781 Tom.
2090 745 2141 782 V.
2171 746 2331 784 Bullarii
2356 746 2441 784 FF.

1326 797 1528 835 Praedicat.
1562 794 1755 833 Vindiciae
1784 795 1829 834 P.
1859 794 1907 834 de
1935 795 2035 833 Soto-
2056 811 2143 847 pag.
2162 798 2279 846 651.‚
2309 800 2343 836 8<
2373 814 2442 851 pa-

1326 852 1417 888 riter
1446 850 1585 901 gallico
1615 851 1796 888 idiomate
1825 863 1914 886 cum
1944 847 2077 887 titulo:
2106 838 2294 901 :Apologie
2315 852 2369 889 de
2392 851 2442 889 R..

1328 904 1372 941 P.
1403 902 1539 941 Pierre
1569 902 1616 941 rl‘e
1645 902 1763 940 Soio.
1794 902 1978 940 Videatur
2008 901 2048 940 P.
2071 902 2256 940 Antonius
2286 902 2445 943 Tauron

1326 958 1436 995 Com.
1460 957 1526 994 IV‘.
1557 956 1614 994 clev
1634 955 1781 994 l’Hi'st.
1811 955 1880 993 des
1904 954 2110 993 *Hommes
2137 956 2306 995 illustres
2335 955 2389 995 (ἰε
2414 956 2442 992 L*

1328 1010 1447 1049 ordre
1474 1011 1523 1049 de
1550 1010 1592 1049 S.
1623 1009 1863 1062 Domitiique
1893 1024 1979 1062 pag.
2003 1021 2093 1061 229.
2188 1010 2191 1013 ’

1758 1115 1931 1155 CAPUT
1960 1114 2013 1154 VJ.

2444 627 2466 642 Q

1625 1222 1689 1262 De
1722 1223 1901 1262 Cornelio
1928 1221 2149 1262 Jansenio.

1385 1330 1447 1368 56.
1464 1303 1693 1381 profligato
1720 1328 1941 1380 Bajanismo
1961 1357 1972 1376 ,
2014 1329 2233 1366 Leonardus
2263 1329 2413 1367 Lessius
2431 1359 2445 1376 ‚

1328 1383 1382 1421 Jo:
1400 1382 1621 1430 Hamelius,
1651 1396 1694 1420 ac
1711 1381 1888 1419 nonnulli
1902 1381 1969 1419 alii
1984 1389 2183 1432 coeperuut
2198 1394 2316 1418 novas
2330 1395 2444 1432 quas-

1327 1436 1417 1474 dam
1445 1436 1641 1487 opiniones
1670 1434 1872 1482 invehere,
1902 1449 1990 1486 quae
2006 1434 2183 1486 plu-ribus
2211 1434 2443 1472 videbantur

1327 1489 1367 1528 in
1394 1489 1612 1540 oppositum
1643 1489 2043 1541 Semipelagianorum
2073 1501 2239 1525 errorem
2259 1500 2445 1538 vergere,

1327 1556 1493 1593 quorum
1525 1542 1720 1579 conatibus
1748 1556 1787 1579 se
1814 1557 1857 1580 se
1880 1554 2098 1592 opposuere
2121 1542 2216 1579 inter
2243 1540 2337 1579 alios
2355 1540 2446 1578 duae

1329 1595 1549 1633 Academiae
1571 1623 1582 1641 ,
1613 1594 1889 1642 Lovaniensis,
1933 1594 1966 1630 &
1997 1594 2181 1632 Duacena
2210 1595 2320 1632 editis
2347 1593 2448 1631 cele-

1328 1648 1507 1686 berrimis
1537 1647 1613 1684 suis
1641 1649 1831 1695 censuris,
1861 1646 2003 1700 quibus
2032 1646 2160 1699 plures
2180 1646 2335 1685 illorum
2357 1659 2444 1698 pro-

1330 1703 1529 1753 positiones
1557 1700 1875 1751 configebantur.
1921 1701 2020 1738 Cum
2059 1710 2186 1738 autem
2215 1699 2332 1751 paulo
2362 1708 2444 1750 post

1330 1754 1588 1793 Molinianum
1617 1752 1791 1805 Systema
1818 1754 2042 1804 prodiisset,
2073 1752 2110 1788 δε
2135 1753 2258 1804 aliqui
2288 1761 2442 1790 conten-

1329 1810 1458 1846 tinsius
1488 1807 1636 1845 easdem
1669 1809 1940 1858 propositiones
1967 1806 2234 1852 defenderent,
2278 1803 2445 1843 laudatae

1327 1862 1415 1899 dnae
1446 1861 1665 1899 Academiae
1695 1875 1779 1898 suas
1793 1874 1969 1899 censuras
1983 1860 2124 1912 saepius
2140 1858 2411 1898 confirmantes
2430 1888 2441 1907 ,

1329 1928 1398 1967 pro
1427 1915 1650 1962 tutissimis,
1689 1913 1721 1950 St
1751 1915 1980 1952 inconcussis
2007 1912 2234 1951 Sanctorum
2265 1912 2444 1963 Augusti-

1328 1970 1398 2017 ni,
1442 1968 1475 2004 &
1505 1967 1668 2006 Thomae
1708 1967 1947 2019 dogmatibus
1983 1966 2116 2005 eadem
2145 1978 2296 2019 semper
2324 1965 2448 2003 animi

1329 2022 1551 2060 fortitudine
1579 2021 1845 2059 decertarunt.

1385 2075 1450 2126 57.
1479 2075 1643 2128 Egregie
1674 2073 1752 2112 illae
1781 2074 1938 2128 quidem
1968 2073 2018 2110 ita
2048 2072 2215 2112 mediam
2257 2073 2362 2110 viam
2391 2080 2445 2109 te-

1327 2139 1496 2167 nuerunt
1517 2160 1527 2177 ,
1572 2136 1612 2167 ut
1641 2141 1773 2165 earum
1803 2140 1971 2165 ceusurae
2001 2140 2215 2179 numquam
2260 2125 2448 2177 potuerint

1329 2183 1465 2220 erroris
1494 2183 1697 2232 redargui.
1746 2181 1820 2218 Sed
1849 2194 1922 2218 non
1952 2181 2054 2217 idem
2083 2180 2240 2230 contigit
2267 2176 2448 2215 Cornelio

1327 2235 1531 2283 Jansenio,
1562 2235 1700 2274 illustri
1729 2235 1922 2286 quondam
1953 2234 2196 2271 Lovauiensis
2228 2231 2448 2270 Academiae

1328 2288 1556 2336 Professori,
1586 2298 1668 2342 post
1697 2299 1824 2325 autem
1854 2289 1998 2339 Iprensi
2015 2286 2205 2338 Episcopo
2225 2286 2282 2336 (c)
2301 2310 2312 2322 .
2342 2283 2446 2321 Huic

1328 2344 1400 2381 visi
1429 2352 1516 2381 sunt
1532 2342 1743 2379 Ttiomistae
1762 2372 1773 2389 ,
1803 2341 1836 2376 &
1857 2354 1987 2378 ornnes
2016 2340 2112 2387 alii,
2142 2341 2210 2391 qui
2239 2337 2345 2376 novis
2361 2337 2450 2375 Mo-

1326 2395 1544 2435 linistarum
1561 2395 1803 2448 opinionibus
1817 2392 2046 2431 obsistebant
2064 2423 2074 2440 ,
2092 2393 2286 2430 remissius
2301 2421 2312 2440 ,
2329 2404 2449 2443 quain

1327 2463 1398 2501 par
1427 2458 1530 2498 erat,
1559 2450 1692 2501 gratia:
1722 2447 1889 2485 efficacis
1917 2460 2072 2485 causam
2101 2446 2331 2492 defendere,
2362 2443 2396 2479 &
2425 2457 2448 2481 a.

1329 2504 1369 2543 S.
1386 2504 1590 2555 Augustini
1619 2503 1783 2554 vestigiis
1813 2500 1955 2552 (cujus
1983 2511 2100 2551 opera
2128 2507 2255 2536 contra
2275 2496 2447 2547 Pelagia-

2325 2561 2393 2586 nos

1335 2672 1516 2715 inspecto,
1542 2670 1608 2703 nisi
1635 2670 1722 2705 illud
1746 2667 1789 2703 de
1813 2677 1908 2701 more
1934 2662 2050 2698 Curiae
2075 2663 2242 2697 Romame
2269 2663 2457 2708 interpun-

1335 2719 1510 2752 ctionibus
1537 2728 1671 2751 careret
1687 2740 1697 2750 .
2344 2730 2347 2733 >

1379 2770 1426 2804 (c)
1454 2765 1506 2797 Ex
1534 2763 1729 2797 Catholicis
1750 2758 1951 2806 parentibus
1977 2764 2076 2790 ortus
2101 2764 2154 2789 est
2173 2767 2264 2789 anno
2286 2754 2387 2789 1585.
2413 2754 2450 2787 in

1334 2823 1418 2855 agro
1446 2810 1687 2844 Leerilamensi
1709 2805 1803 2852 apud
1829 2805 2000 2837 Batavos.
2026 2803 2119 2836 Otho
2144 2801 2260 2836 (lictus
2280 2802 2366 2841 fnit,
2392 2799 2453 2833 sed.

1336 2870 1418 2891 cum
1443 2856 1632 2901 Ultrajecti
1658 2852 1784 2887 studiis
1809 2862 1952 2896 operam
1979 2858 2153 2890 navaret,
2179 2861 2220 2881 ne
2247 2849 2290 2882 ab
2317 2847 2453 2880 liaereti·

1336 2906 1385 2938 cis
1412 2910 1681 2947 agnosceretur,
1713 2899 1843 2932 Junsen
1860 2919 1870 2937 ,
1906 2909 1966 2930 seu
1990 2897 2179 2929 Jansenius
2203 2894 2271 2928 dici
2299 2893 2424 2929 maluit
2441 2915 2451 2924 .

1337 2950 1469 2984 Studiis
1494 2948 1621 2993 partim
1649 2945 1863 2990 Ultrnjecti,
1887 2943 2017 2988 partim
2045 2942 2189 2976 Lovanii
2216 2942 2388 2978 emensis,
2416 2939 2453 2970 in

1337 2997 1471 3029 Gallias
1497 2994 1738 3038 peregrinatus
1763 3003 1844 3024 curn
1870 2990 1997 3024 celebri
2024 2990 2149 3022 Joann.
2176 2989 2383 3029 Dii-Verger
2409 2982 2452 3016 (le

1339 3044 1544 3077 Rani-annes
1565 3040 1700 3073 Abbate
1713 3038 1829 3071 Sancti
1845 3037 2008 3082 Sigyrani
2028 3035 2088 3069 diu
2102 3044 2260 3069 versatus
2277 3041 2329 3065 est
2343 3054 2352 3062 .
2379 3032 2455 3063 An·-

1338 3101 1383 3123 no
1413 3088 1513 3130 1617.
1542 3087 1736 3119 Lovaniiiin
1763 3085 1927 3129 repetiit,
1953 3096 2045 3116 anno
2071 3091 2186 3116 autem
2209 3080 2310 3113 1630.
2330 3075 2372 3110 ad
2392 3089 2450 3109 sad

1338 3147 1415 3169 oras
1441 3134 1577 3166 litteras
1603 3130 1812 3176 profitenti-is
1833 3132 1936 3174 regiis
1956 3131 2121 3174 auspiciis
2139 3133 2278 3160 evectus
2293 3146 2304 3164 ,
2330 3136 2368 3157 ac
2387 3122 2448 3154 ‹le-

1339 3192 1435 3216 mum
1462 3191 1552 3213 anno
1582 3179 1682 3212 1635.
1713 3179 1841 3222 iprensi
1871 3178 1980 3211 infula
2006 3175 2178 3212 donatus,
2203 3183 2308 3216 quam
2331 3179 2449 3203 tamen

1337 3227 1473 3262 nonnisi
1502 3237 1561 3271 per
1588 3226 1779 3258 triennium
1815 3225 1956 3262 tenuit3
1994 3234 2084 3255 anno
2113 3220 2213 3253 1638.
2253 3217 2454 3262 pestilentia

1337 3281 1541 3318 correptus,
1565 3284 1670 3317 quarn
1697 3272 1768 3304 suis
1793 3271 1916 3305 ovibus
1935 3273 2157 3304 Sacramenta
2184 3266 2324 3310 propria
2343 3273 2452 3296 manu

1337 3317 1614 3354 administrando
1639 3319 1841 3360 contraxit,
1876 3319 1950 3352 vita
1973 3317 2114 3350 functus
2140 3321 2220 3353 est,
2256 3322 2388 3346 annum
2413 3321 2452 3344 a·-

1337 3379 1420 3414 gens
1446 3367 1560 3402 atatis
1584 3377 1659 3400 suae
1690 3366 1745 3401 53.
