2562 3694
250 100 315 150 40

198 177 328 224 cebat,
357 173 517 225 quando
543 185 665 229 grave
693 173 854 228 aliquod
880 179 1060 213 imminet
1088 175 1137 214 de
1165 179 1307 213 verita-

197 236 247 269 τίς
274 230 522 281 confessione
548 228 789 274 discrimem
818 238 910 267 tunc
930 228 1230 268 mendaciorum
1246 241 1306 266 es-

197 296 240 321 se
269 281 498 334 recipienda
511 281 717 336 perfugia.
747 283 874 331 Quam
892 284 1063 321 eamdem
1084 284 1306 320 sententiam

196 336 389 388 adoptasse
417 337 566 376 videtur
594 345 725 375 auctor
751 337 890 388 Operis
918 335 1132 388 imperfecti
1154 337 1191 372 in
1206 334 1308 372 Mat-

199 388 252 427 th.
282 391 376 442 Capi
409 403 445 442 7.
487 392 586 429 inter
614 403 728 442 opera
766 389 807 427 S.
834 390 942 428 Joau.
967 388 1162 438 Chrysost.
1193 387 1308 424 Tom-

198 441 265 480 VI.
284 472 294 491 ‚
338 443 406 482 nbi
434 443 550 481 dicit:
597 442 668 481 Ex
697 446 886 494 proposito
914 440 1011 479 bono
1052 442 1177 476 etiam
1204 438 1307 489 quod

195 494 345 534 effletur
370 496 547 543 malum,
576 496 719 535 bonum
747 505 806 533 esc
822 525 834 543 ‚
859 497 955 546 quia
985 495 1224 543 propositum
1242 491 1306 530 bo·

196 561 294 586 num
323 549 476 588 malum
505 563 600 600 opus
629 558 796 586 excusat
811 563 825 592 ;
862 547 1015 582 malum
1044 553 1183 583 <tutem
1210 558 1306 596 opus

196 601 340 640 honum
368 607 607 653 propo-situm
635 615 714 639 non
743 598 985 638 condemnat
1017 598 1080 648 (α)
1098 623 1109 635 .

246 657 314 695 23.
344 656 414 694 Sed
447 656 529 694 liaec
573 655 751 694 sententia
777 667 799 689 e
827 653 1011 690 diametro
1040 659 1182 702 pugnat
1217 665 1307 691 cum

196 708 376 761 Apostolo
406 708 513 746 Rom.
536 709 600 746 111.
642 707 681 745 8.
724 719 786 743 eos
822 713 955 757 aperte
1001 704 1275 743 condemnante
1296 735 1307 755 ,

195 764 262 814 qui
293 760 679 813 dicuntzfaciamus
708 759 824 795 mala
841 787 851 805 ,
889 766 930 793 ut
958 762 1141 795 eveniant
1169 755 1271 796 bona
1291 774 1307 803 ‚-

195 816 294 853 unde
320 816 436 853 etiam
467 813 682 851 Alexander
708 811 776 850 111.
806 825 891 862 cap.
911 809 1005 849 IV.:
1031 810 1082 848 de
1110 815 1237 849 usuris
1251 813 1308 850 di-

197 870 272 907 cit:
320 867 520 915 Scriptura
549 865 681 903 Sacra
723 862 896 917 prohibet
931 876 1001 916 pro
1028 864 1191 902 alterius
1229 869 1309 903 vita

198 924 355 959 mentiri
370 935 384 964 ,-
413 918 445 955 &
466 917 653 970 praeclare
668 918 709 956 S.
731 917 943 956 Bernardns
959 947 970 966 ‚
1000 926 1040 954 ut
1051 916 1187 956 oculus
1204 932 1308 958 men-

196 976 241 1014 tis
282 974 327 1010 sit
357 985 444 1010 vere
480 972 690 1009 secundum
723 969 978 1022 Evangelium
1008 971 1192 1023 simplex,
1234 972 1308 1010 duo

194 1027 403 1065 necessaria
432 1039 510 1064 esse
528 1026 648 1074 dicit,
676 1025 892 1064 caritatem
912 1028 954 1062 in
982 1027 1229 1074 intentione,
1257 1027 1306 1065 ὅ)

194 1084 235 1117 in
266 1079 453 1118 electione
482 1084 686 1118 ceritatem
717 1082 734 1130 (
763 1082 821 1117 tta
849 1077 898 1116 de
924 1088 1120 1130 praecepto
1141 1109 1151 1128 ‚
1179 1080 1230 1121 ξφ
1250 1078 1308 1118 (Ζί-

193 1142 370 1185 spensat.
398 1147 484 1185 cap.
511 1133 570 1179 14.
601 1133 644 1181 ).

249 1185 313 1228 26.
344 1186 466 1225 Docet
494 1196 620 1228 tamen
647 1185 689 1225 S.
720 1184 889 1225 Thomas
920 1199 957 1225 2.
989 1200 1027 1226 2.
1055 1195 1191 1240 quaest.
1219 1201 1307 1226 110.

193 1248 263 1279 art.
287 1253 324 1278 α.
341 1270 352 1288 ,
382 1253 427 1277 ex
457 1239 554 1278 bona
584 1241 782 1286 intentione
804 1240 1027 1291 pravitatem
1057 1241 1171 1278 malae
1193 1243 1306 1280 actio-

194 1294 251 1331 nis
279 1293 410 1331 saltem
445 1294 652 1332 imminui.
692 1323 719 1341 „
749 1293 1018 1341 Diminuitur,
1049 1298 1194 1344 inquit,
1224 1294 1306 1331 cnl-

193 1376 221 1396 „
250 1361 299 1399 pa
327 1347 543 1395 mendacii,
573 1349 601 1385 si
623 1347 814 1384 ordinetur
842 1347 889 1384 ad
917 1347 1073 1398 aliquod
1089 1348 1232 1385 bouum

193 1429 220 1448 „
251 1400 282 1436 ἃ
312 1411 452 1452 quanto
495 1400 639 1438 bouum
673 1401 859 1438 intentum
902 1409 953 1437 est
992 1399 1158 1447 melius,
1206 1411 1307 1438 tanto

192 1482 218 1500 :a
250 1455 369 1504 magis
399 1453 581 1491 minuitur
601 1452 717 1504 culpi
748 1453 997 1491 mendacii''.
1024 1451 1160 1505 Neque
1189 1454 1227 1492 in
1248 1453 1307 1491 his

192 1506 305 1544 rebus
338 1520 473 1557 magna
503 1520 579 1544 esse
611 1517 727 1557 potest
756 1505 989 1544 difficultas.

249 1573 312 1611 27.
341 1560 416 1598 Sed
464 1559 561 1598 illud
590 1563 759 1597 maxime
789 1560 827 1596 in
871 1560 1167 1598 controversiam
1196 1573 1306 1598 voca-

192 1621 274 1661 tur,
305 1628 351 1651 ar)
381 1623 486 1651 actus
514 1627 558 1651 ex
587 1613 738 1664 objecto
766 1611 915 1659 bonus,
944 1613 975 1651 si
1004 1614 1051 1651 ad
1081 1613 1229 1652 malum
1260 1613 1312 1651 fi-

193 1679 284 1703 nem
314 1667 524 1714 referatur,
554 1667 606 1702 ita
635 1674 728 1702 totns
757 1674 1054 1716 corrumpatur,
1097 1666 1310 1704 inficiatur-

195 1732 295 1770 que,
325 1727 366 1756 ut
394 1720 547 1755 omuino
574 1719 620 1755 sit
650 1716 799 1764 malus,
843 1731 912 1754 nec
945 1716 1024 1753 ullo
1051 1719 1163 1755 modo
1190 1719 1306 1755 meri-

196 1773 310 1809 torius
327 1798 337 1809 .
367 1771 406 1809 S.
429 1770 597 1808 Thomas
615 1783 650 1808 2.
684 1783 719 1807 2.
737 1778 872 1821 quaest.
900 1782 959 1820 ¹9·
980 1777 1053 1809 art.
1075 1785 1111 1821 7.
1141 1772 1193 1809 ita
1213 1784 1309 1823 pau-

196 1827 250 1863 cis
281 1838 359 1861 rem
387 1822 582 1862 declarat.
618 1822 832 1870 Observa,
863 1824 1068 1861 intentione
1096 1824 1240 1862 malam
1270 1838 1310 1862 a·

194 1875 375 1929 liquando
405 1877 620 1928 praecedere
641 1875 871 1913 voluntatem
889 1905 899 1923 ‚
928 1877 1155 1928 quandoque
1184 1887 1310 1916 autem

197 1930 404 1981 subsequi.
434 1929 598 1975 Quando
617 1929 775 1966 intentio
806 1930 1014 1979 praecedit,
1045 1942 1104 1966 ex.
1131 1943 1190 1982 gr.
1220 1932 1250 1968 si
1272 1945 1311 1967 a·

195 1981 314 2033 liquis
342 1982 621 2034 eleemosynam
663 1994 815 2032 erogare
845 1980 936 2019 velit
966 1991 1116 2033 propter
1158 1984 1313 2021 inanem

196 2036 359 2087 gloriam
389 2035 695 2087 consequendam
714 2063 725 2083 ‚
753 2043 842 2072 tunc
871 2043 970 2072 certe
999 2043 1095 2073 totus
1125 2044 1229 2074 actus
1259 2045 1314 2075 est

196 2088 354 2137 malus,
384 2089 475 2141 quia
504 2088 676 2126 voluntas
705 2096 755 2126 est
784 2086 912 2126 mala:
941 2088 1004 2126 sed
1032 2089 1063 2126 si
1094 2089 1249 2127 intentio
1269 2091 1315 2128 sit

197 2155 456 2194 consequens,
487 2150 525 2179 ut
553 2143 583 2181 si
613 2141 698 2194 quis
727 2142 773 2179 de
802 2140 1044 2194 eleemosyna
1072 2143 1153 2193 jam
1183 2155 1313 2194 eroga-

198 2205 235 2233 ta
264 2210 400 2234 vanam
428 2194 592 2247 gloriam
623 2203 861 2247 aucupetur,
891 2203 978 2233 tunc
1009 2193 1179 2236 voluntas
1209 2205 1312 2249 pote—

199 2251 248 2287 rit
276 2263 353 2287 esse
381 2251 508 2296 bona,
557 2249 590 2285 δε
627 2262 694 2300 per
738 2250 982 2286 intentionem
1020 2248 1309 2301 subsequentem

202 2315 277 2339 non
306 2302 535 2352 depravatur
563 2301 631 2339 ille
659 2312 763 2340 actus
793 2301 1019 2350 voluntatis,
1050 2303 1117 2354 qui
1148 2317 1311 2356 praeces-

202 2356 278 2403 sit,
308 2355 371 2392 sed
398 2364 503 2392 actus
533 2354 762 2403 voluntatis,
791 2357 859 2408 qui
891 2357 1045 2393 iteratur
1075 2354 1131 2407 (b)
1149 2382 1161 2395 .
1190 2356 1250 2395 En
1270 2357 1312 2396 S.

202 2407 376 2446 Doctoris
404 2408 544 2445 verba:
576 2435 602 2455 „
630 2407 815 2446 Voluntas
839 2421 914 2447 non
944 2418 1060 2460 potest
1080 2410 1157 2447 dici
1184 2410 1284 2449 bona
1301 2440 1312 2460 ,

201 2491 230 2511 ‚‚
259 2462 288 2499 si
318 2463 364 2499 sit
406 2462 565 2499 intentio
594 2460 696 2498 mala
735 2475 851 2499 causa
891 2462 1065 2500 volendi:
1112 2464 1180 2515 qui
1211 2465 1314 2502 enim

202 2544 229 2564 ‚,
259 2513 342 2552 vult
371 2514 460 2552 dare
482 2514 760 2566 eleemosynam
792 2524 945 2567 propter
974 2517 1124 2555 inanem
1152 2516 1315 2568 gloriam

205 2597 230 2618 ‚‚
259 2568 562 2618 consequendam
581 2597 591 2616 ,
623 2566 703 2606 vult
725 2568 788 2615 id,
818 2568 919 2619 quod
947 2569 993 2606 de
1022 2583 1059 2607 se
1089 2579 1139 2607 est
1171 2571 1315 2608 bonum

204 2651 230 2671 „
259 2621 330 2659 snb
360 2623 503 2659 ratione
531 2621 652 2669 mali,
701 2620 734 2657 &
764 2621 848 2658 ideo
868 2651 880 2670 ‚
929 2632 1038 2673 prout
1075 2633 1127 2661 est
1158 2624 1317 2661 volitum

206 2703 232 2723 ‚,
262 2674 310 2712 ab
343 2677 446 2726 ipso,
477 2684 529 2713 est
551 2674 717 2713 malum:
747 2675 845 2711 unde
865 2674 1034 2713 voluntas
1055 2675 1136 2727 ejus
1164 2686 1217 2714 est
1237 2692 1319 2715 ma-

208 2755 234 2774 „
263 2727 326 2766 la.
356 2727 430 2766 Sed
459 2730 490 2767 si
520 2729 675 2766 intentio
703 2729 748 2766 sit
776 2738 1037 2780 consequens,
1067 2737 1155 2767 tnnc
1185 2730 1317 2769 volun·

208 2807 234 2828 ,‚
266 2789 316 2818 tas
346 2782 467 2833 potnit
488 2796 565 2821 esse
593 2782 718 2828 boua3
748 2780 782 2818 8(
804 2795 870 2832 per
901 2783 1144 2820 intentionem
1162 2797 1318 2835 sequen-

210 2861 237 2880 „
265 2841 338 2870 tem
367 2848 441 2873 non
468 2837 699 2887 depravatur
742 2834 807 2873 ille
837 2844 940 2872 actus
970 2834 1199 2884 voluntatis,
1246 2838 1317 2890 qui

204 2913 237 2934 „
266 2890 475 2938 praecessit,
505 2890 566 2928 sed
596 2898 698 2928 actus
729 2888 959 2939 voluntatis,
988 2891 1056 2941 qui
1086 2891 1261 2936 iteratur,-

257 3151 304 3185 (a)
336 3147 371 3179 P.
399 3147 590 3183 Bermrdus
617 3154 896 3190 montfauconius
934 3157 968 3190 in
997 3156 1109 3191 Diatr.
1143 3155 1184 3191 ad
1212 3155 1315 3192 finem

212 3193 314 3245 ‘seim
342 3194 362 3226 Χ
379 3196 464 3245 1.,5.
490 3195 630 3246 Joannis
657 3200 896 3245 chrysostomi
922 3204 1100 3246 ostendit,
1141 3204 1205 3239 hoc
1229 3217 1314 3251 opus

207 3239 332 3271 inultis
359 3241 434 3272 aliis
462 3242 642 3274 erroribus
668 3255 800 3278 scatere
817 3271 824 3279 .

262 3286 307 3324 ab)
333 3284 413 3318 Viti.
439 3288 691 3321 (Σοου-1150111115
717 3291 751 3323 in
769 3292 887 3327 Theai.
912 3300 1036 3329 mentis
1061 3303 1103 3331 (θ’
1128 3299 1246 3331 cordis
1275 3298 1314 3330 L.

212 3331 272 3365 Vl.
299 3331 447 3366 Dissert.
467 3343 498 3365 2·
525 3333 663 3378 Specul·
682 3336 715 3367 3.
733 3356 745 3375 ‚
771 3339 922 3374 Concina
948 3342 1067 3377 Theoi·
1093 3343 1183 3377 Mor.
1213 3344 1314 3378 Tom.

818 93 899 139 DE
933 93 1069 139 Ac‘r.
1098 91 1250 139 HUM.
1295 90 1562 138 DISSERT.
1584 93 1642 137 11.
1668 93 1801 142 CAP.
1823 93 1858 140 1.

1795 252 1970 293 CAPUT
2005 253 2056 309 11.

1545 353 1610 396 De
1641 355 1815 396 Matuta
1842 367 2007 398 actuum
2036 359 2325 401 humanorum·

1430 468 1650 534 28.Error
1678 488 1986 528 Manichaeorum
2025 491 2095 531 fuit
2124 508 2147 532 a
2186 507 2324 547 magno
2354 495 2483 546 Augu-

1373 545 1468 583 stino
1495 547 1588 583 olim
1618 544 1857 591 confutatus,
1905 542 1938 579 δι
1967 543 2168 594 explosus,
2204 548 2307 600 qnod
2337 547 2484 586 malum

1375 607 1506 636 natura
1535 597 1716 650 quaedam
1745 606 1839 635 esset
1866 611 1888 633 a
1918 595 2021 634 malo
2050 599 2237 650 principio
2268 603 2452 651 producta
2473 626 2484 640 .

1375 651 1632 703 Augustinum
1663 659 1789 688 autem
1818 650 1865 687 de
1885 662 1990 687 more
2010 658 2157 688 secutus
2177 661 2229 689 est
2256 654 2381 693 fidelis
2401 652 2486 705 ejus

1374 703 1586 756 discipulus
1601 704 1642 742 S.
1658 702 1825 741 Thomas
1856 703 1886 739 1.
1916 701 1957 741 P.
1987 710 2124 755 quaest.
2143 703 2211 748 48.
2238 715 2307 744 art.
2334 721 2390 755 r.‚
2420 707 2487 746 ubi

1375 758 1588 806 concludit,
1636 758 1787 795 nomine
1829 755 1924 794 mali
1960 755 2060 794 nihil
2102 755 2209 795 aliud
2249 759 2488 810 significari,

1376 824 1498 861 quam
1526 809 1754 848 absentiam
1798 809 1912 848 boni.
1970 807 2157 861 Theologi
2197 818 2320 848 tamen
2355 814 2489 852 iisdem

1375 863 1593 902 scholarum
1622 863 1815 915 Magistris
1845 862 2104 914 praeeuntibus
2127 892 2137 910 ‚
2166 863 2240 900 duo
2269 865 2308 902 in
2338 876 2493 914 peccato

1376 919 1650 956 commissionis
1669 918 1930 967 distinguunt,
1961 919 2183 964 entitatem,
2214 916 2246 951 St
2277 918 2493 958 malitiam.

1375 970 1522 1010 Entitas
1551 981 1601 1009 est
1625 972 1704 1023 ipse
1733 979 1839 1007 actus
1869 969 2028 1022 physice
2046 999 2056 1017 ‚
2086 968 2119 1005 ἃ
2151 971 2189 1007 in
2218 984 2257 1007 se
2276 972 2492 1010 considera.

1373 1032 1430 1062 tus
1459 1026 1540 1062 sine
1571 1024 1649 1062 ullo
1679 1032 1849 1075 respectu
1879 1025 1926 1061 ad
1956 1022 2104 1074 regulas
2142 1036 2315 1071 morum,
2364 1034 2403 1062 nt
2429 1037 2492 1062 co-

1373 1080 1506 1117 mestio
1533 1079 1706 1116 carnium
1724 1107 1733 1124 ‚
1763 1075 1905 1115 ablatio
1935 1078 1988 1113 rei
2019 1075 2156 1113 alienae
2175 1105 2185 1124 ,
2214 1085 2339 1115 cetera
2368 1078 2405 1115 id
2428 1091 2493 1129 ge-

1374 1145 1472 1170 nus.
1522 1131 1678 1170 Malitia
1708 1143 1796 1170 vero
1824 1138 1877 1168 est
1904 1129 2141 1168 deordinatio
2170 1139 2273 1168 actus
2301 1145 2323 1168 a
2352 1131 2494 1184 regulis

1375 1199 1527 1224 nlOrtlln
1544 1211 1555 1224 ο

1432 1252 1496 1291 29.
1523 1238 1611 1277 Jam
1627 1246 1756 1276 autem
1784 1237 1871 1275 satis
1888 1236 2058 1289 implexa
2076 1246 2156 1275 orta
2183 1246 2236 1275 est
2257 1239 2353 1277 inter
2372 1238 2492 1277 Scho-

1377 1290 1526 1329 lasticos
1555 1292 1836 1338 controversia,
1867 1305 1914 1327 an
1946 1290 2094 1328 malitia
2118 1293 2284 1340 peccati,
2314 1307 2378 1330 seu
2410 1294 2493 1344 ipsa.

1376 1345 1642 1390 deordinaiio,
1691 1344 1751 1383 vel
1779 1344 2000 1381 deformitas
2035 1357 2059 1379 a
2087 1342 2228 1393 regulis
2267 1358 2418 1383 morum
2446 1347 2495 1384 sit

1374 1397 1521 1449 aliquid
1552 1398 1786 1449 positivum,
1816 1410 1863 1433 an
1887 1408 1974 1433 vero
2003 1397 2176 1433 consistat
2205 1397 2245 1433 in
2275 1396 2352 1434 sola
2383 1411 2496 1449 nega-

1374 1452 1474 1488 tione
1515 1450 1656 1490 debitae
1699 1450 1958 1488 rectitudinis.
2015 1448 2188 1486 Primum
2229 1451 2377 1501 opinati
2407 1458 2497 1490 suut

1372 1504 1576 1556 Cajetanus
1587 1534 1598 1552 ‚
1614 1503 1743 1542 Curiel
1757 1533 1768 1550 ,
1784 1502 1994 1551 Martinez,
2024 1502 2339 1541 Salmanticeuses
2351 1534 2361 1552 ‚
2393 1502 2494 1542 Mel-

1373 1558 1482 1595 chior
1511 1559 1662 1602 Canus,
1710 1555 1919 1595 Massoulie
1938 1586 1949 1604 ,
1995 1555 2156 1593 ,Ioannes
2185 1571 2208 1593 a
2236 1556 2278 1594 S.
2309 1556 2462 1603 Tlioina
2481 1587 2495 1607 ,

1375 1610 1524 1657 Gonet,
1553 1610 1587 1646 ἃ
1608 1609 1674 1647 alii
1705 1608 1906 1647 nonnulli.
1936 1609 2179 1646 Contrarium
2211 1618 2338 1647 tamen
2369 1619 2498 1650 tenent

1375 1663 1444 1700 alii
1472 1676 1548 1703 nou
1579 1662 1771 1700 inferioris
1802 1660 2223 1710 subselliiThomistae‚
2255 1673 2293 1700 ut
2313 1663 2495 1716 Sylviu3‚

1377 1715 1649 1754 Contensonius
1667 1744 1677 1763 ‚
1726 1715 1857 1762 Gotti,
1894 1715 2064 1752 Conciua
2093 1715 2234 1766 quibus
2263 1715 2426 1767 plurimi
2457 1731 2495 1754 e-

1375 1769 1469 1806 tiam
1498 1769 1683 1806 accedunt
1712 1776 1816 1805 extra
1845 1767 2013 1805 scholam
2044 1768 2084 1805 S.
2115 1768 2300 1815 Tlioinae,
2331 1779 2369 1806 ut
2398 1770 2495 1808 Sua÷

1377 1835 1465 1870 rez,
1497 1820 1696 1869 Petavius,
1727 1820 1983 1867 l'Ermiuier‚
2014 1821 2114 1858 Eerti
2145 1821 2215 1859 ἃς.
2245 1821 2420 1861 Billnard
2450 1837 2495 1862 u-

1380 1884 1554 1927 tramque
1597 1875 1820 1912 sententiani
1865 1874 2140 1924 problematice
2178 1877 2350 1926 proponit
2381 1875 2495 1916 Tom.

1379 1926 1430 1965 V.
1459 1927 1612 1966 Diss.1.
1643 1927 1690 1964 de
1720 1926 1834 1965 Pecc.
1865 1937 1935 1965 art.
1958 1927 1994 1965 5.
2027 1927 2092 1966 50.
2130 1927 2257 1965 Multo
2286 1928 2417 1967 utilior
2445 1931 2494 1968 ad

1380 1981 1556 2033 praxim,
1604 1982 1724 2018 immo
1754 1980 1867 2033 plane
1910 1981 2119 2018 necessaria
2147 1990 2200 2018 est
2227 1979 2346 2018 altera
2386 1997 2496 2034 quae·

1380 2035 1476 2081 etio,
1506 2035 1567 2072 cui
1599 2034 1725 2086 elapso
1754 2033 1895 2072 saeculo
1910 2034 2145 2071 occasionem
2175 2033 2276 2071 dedit
2305 2044 2395 2074 nota
2426 2036 2495 2076 illa

1380 2088 1632 2126 controversia
1661 2088 1707 2125 de
1736 2096 1890 2138 peccato
1919 2086 2186 2138 philosophico
2214 2096 2304 2125 tunc
2334 2099 2462 2127 exorta
2483 2116 2497 2129 .

1380 2140 1576 2178 'Nimirum
1606 2142 1764 2193 quidam
1783 2170 1793 2187 ‚
1839 2152 1908 2177 nec
1938 2141 2050 2190 pauci
2088 2138 2250 2178 laxiores
2279 2140 2461 2194 Theologi
2483 2173 2496 2193 ,

1379 2208 1601 2246 quanquam
1644 2194 1894 2243 ignorantiam
1926 2191 2150 2229 vincibilem
2181 2207 2202 2230 a
2240 2204 2392 2245 peccato
2419 2209 2495 2235 non

1380 2261 1560 2285 excusare
1597 2245 1900 2292 confitebantur,
1947 2246 2225 2284 contendebant
2253 2256 2403 2296 tamen,
2446 2248 2495 2288 ad

1380 2310 1579 2352 peccatum
1623 2300 1768 2352 requiri
1804 2312 1953 2351 semper
1991 2298 2181 2337 actualem
2215 2299 2387 2353 aliquam
2427 2302 2494 2341 ad-

1382 2355 1633 2403 vertentiam,
1680 2367 1745 2391 seu
1791 2352 2135 2391 considerationem
2164 2354 2324 2392 malitiae
2355 2369 2490 2407 peeca-

1382 2409 1408 2447 ti
1439 2409 1519 2460 (c).

1438 2462 1504 2500 51.
1534 2460 1750 2499 Notandum
1781 2470 1833 2498 est
1861 2468 1988 2498 antem
2006 2489 2016 2508 ,
2047 2458 2109 2498 hic
2138 2473 2213 2498 non
2241 2461 2426 2512 disputari
2447 2462 2494 2500 de

1384 2514 1616 2553 advertentia
1645 2515 1692 2553 ad
1719 2523 1846 2551 actum
1864 2544 1875 2561 ‚
1912 2514 1975 2551 sed
2005 2513 2051 2550 de
2079 2513 2311 2552 advertentia
2338 2514 2386 2553 ad
2413 2528 2494 2554 ma-

1383 2567 1508 2607 litiam
1539 2578 1665 2607 actus:
1695 2567 1729 2603 8t
1759 2569 1936 2617 insuper,
1965 2566 2240 2606 advertentiam
2271 2566 2496 2618 actualem,

1385 2621 1432 2658 de
1462 2637 1537 2674 qna
1567 2621 1630 2660 hic
1667 2620 1890 2672 loquimur,
1937 2628 2028 2657 tunc
2057 2634 2160 2667 esse,
2207 2621 2358 2672 quaudo
2392 2630 2497 2660 actus

1387 2676 1625 2726 cognoscitur
1653 2675 1732 2712 sive
1760 2672 1861 2710 clare
1878 2703 1889 2720 ‚
1916 2674 1996 2710 sive
2016 2673 2130 2711 etiam
2158 2673 2317 2711 obscure
2346 2673 2496 2714 malitia

1387 2730 1572 2774 actioni33
1603 2726 1806 2766 virtualem
1826 2739 1936 2772 vero,
1966 2740 2029 2763 seu
2052 2728 2374 2779 interpretativam
2395 2730 2497 2767 ineo

1387 2796 1463 2820 esse
1482 2812 1493 2830 ‚
1522 2783 1591 2835 qui
1621 2789 1764 2834 potest,
1795 2779 1828 2815 ἃ
1856 2779 1965 2817 debet
1996 2778 2182 2817 malitiam
2211 2782 2335 2832 operis
2363 2794 2500 2833 cogno-

1384 2849 1514 2883 scere,
1545 2834 1579 2871 &
1606 2836 1827 2880 advertere,
1856 2833 1918 2870 sed
1939 2846 1986 2885 ex.
2012 2833 2241 2884 negligentia
2269 2848 2336 2872 sua
2364 2835 2496 2886 culpa-

1385 2884 1459 2927 bili
1489 2898 1573 2926 actu
1596 2901 1664 2926 non
1693 2887 1877 2931 advertit3
1907 2899 1980 2923 uon
2009 2897 2135 2924 autem
2158 2887 2334 2926 virtualis
2361 2887 2493 2926 adver-

1384 2942 1497 2980 tentia
1530 2941 1597 2978 illa
1624 2939 1783 2976 dicenda
1813 2947 1894 2986 est,
1939 2949 1975 2976 ut
2004 2940 2162 2991 quidam
2192 2941 2496 2978 adversariorum

1382 2994 1638 3041 contendunt,
1667 2993 1817 3045 quaudo
1844 3004 1919 3031 nou
1948 2991 2051 3033 clara
2072 2994 2234 3048 cognitio
2260 2993 2417 3032 malitiae
2440 2992 2496 3030 af-

2366 3044 2443 3083 ful-

1381 3154 1444 3191 Vl.
1470 3154 1619 3189 Dissert.
1638 3153 1663 3188 Ῐ.
1692 3165 1765 3200 cap.
1789 3165 1866 3194 10.,
1910 3155 1941 3186 &
1977 3152 2013 3186 P.
2040 3149 2178 3186 Patuzzi
2216 3147 2316 3180 Tom.
2336 3149 2379 3180 lt.
2407 3145 2492 3180 Eeh-

1382 3205 1517 3238 Christ.
1544 3210 1647 3235 tract·
1672 3205 1722 3233 13.
1750 3212 1825 3243 cap.
1850 3212 1902 3233 10.
1928 3213 1962 3233 n.
1988 3209 2039 3232 12.

1427 3257 1475 3290 (c)
1499 3249 1605 3282 Multi
1644 3246 1905 3286 probabilium
1949 3245 2061 3288 inquit
2087 3241 2123 3273 P·
2148 3240 2286 3284 'Pyrsus
2325 3239 2495 3273 Gonzates

1383 3297 1426 3329 de
1453 3304 1546 3329 recto
1572 3307 1631 3327 usu
1655 3296 1829 3336 opinionis
1854 3292 1988 3335 probab.
2027 3288 2118 3322 Diss·
2141 3298 2175 3328 9·
2204 3299 2298 3319 num.
2323 3288 2375 3319 13.
2397 3308 2408 3325 ‚
2449 3286 2495 3317 ad

1383 3343 1589 3388 peccandum
1629 3346 1747 3372 contra
1771 3340 1881 3382 legem
1905 3337 1976 3372 Dei
1989 3355 2000 3375 ‚
2043 3337 2214 3377 requirunt
2246 3335 2494 3367 advertentiam.
