2570 3745
752 112 832 160 DE
868 112 1049 158 GRAT.
1083 110 1305 158 SUFFIC.
1367 109 1705 155 DISTRIBUT.

71 198 253 243 voluntas
283 203 520 253 praeparatnr
537 224 549 242 ‚
578 191 880 246 quibuscumque
908 195 1088 235 ‹lu-inicus
1117 194 1190 233 ‹Itz-

78 265 172 303 ων,
202 250 504 292 misericorditer
533 247 676 294 clatum
704 247 837 300 quibus
866 259 1001 288 ‹iun—m
1022 262 1100 287 non
1119 248 1189 286 tla-

80 318 172 356 tur‚
207 320 261 347 ex
298 308 438 343 'ustitia
468 315 548 340 non
578 301 696 339 <latur
718 332 728 351 ,
767 311 806 340 nt
835 316 878 340 ex
908 303 949 344 S.
981 303 1190 355 Augustino

80 360 250 414 loquitur
292 359 315 397 ¹.
347 356 513 406 Tho-mas
545 369 581 394 2.
614 369 651 394 2.
675 366 815 408 qus-st.
850 370 884 395 α.
914 368 982 396 art.
1006 360 1043 396 5.

134 414 226 453 581.
255 411 340 450 lust.
369 413 510 448 tertio.
543 409 644 447 ldem
675 410 715 447 S.
734 409 839 447 Pater
871 412 907 448 in
929 411 987 449 l's.
1007 410 1077 448 Vl.
1094 424 1133 447 n.
1149 408 1190 447 8.

78 465 126 505 de
153 465 285 503 mentis
298 465 468 502 cmitate
488 463 643 515 loquens
661 489 671 499 .
702 462 747 500 In
771 477 882 506 eum,
913 466 1056 517 inquit,
1086 467 1190 513 qnis-

75 523 162 569 quis
197 517 314 556 datus
343 516 503 568 suern,
545 515 596 553 ub
633 521 816 554 interiore
847 517 922 555 Dei
953 519 1037 555 luce
1066 517 1190 554 seclu-

75 571 202 616 dnum
230 570 300 610 secl
328 570 504 609 nondum
535 574 690 620 penitus
707 600 717 618 ,
747 583 835 608 cum
859 574 896 608 in
920 571 994 608 ,hac
1016 575 1093 607 rita
1109 579 1189 607 est.

68 623 230 663 Penitus
259 625 364 662 enim
394 638 415 662 ει
437 623 518 663 Deo
546 624 667 662 deseri
698 635 912 676 peccatores
940 624 1086 663 nonni>i
1111 632 1190 676 post

74 677 175 721 hanc
204 679 322 716 vitam
351 678 583 717 arbitratur.

130 731 224 771 582.
255 730 389 784 Resp.-,
431 732 638 769 discrimen
667 745 688 768 a
717 729 757 769 S.
791 731 999 782 Augustino
1028 731 1190 783 positum

74 785 177 824 inter
207 788 500 824 excaecationem
532 783 647 834 liujus
678 785 764 822 vitae
784 814 794 831 ‚
838 784 870 820 &
901 786 1191 822 excaecationem

73 838 231 878 alterius
258 840 350 877 vitae
381 841 420 877 in
450 851 493 875 eo
521 851 598 875 esse
627 837 739 874 situm
757 867 767 884 ,
797 837 898 889 quod
920 840 959 875 in
989 836 1107 875 altera
1135 838 1194 874 vi-

70 900 111 930 ta
140 895 345 930 excaecatio
371 894 418 931 sit
444 891 559 937 telis,
595 898 635 926 ιιι
663 889 709 925 de
732 890 931 928 vordinaria
960 889 1034 928 Dei
1066 892 1193 941 provi-

75 945 203 984 dentia
233 945 340 984 nullo
363 954 478 998 pacto
513 943 701 981 removeri
742 943 885 992 possit5
928 956 1016 980 cum
1057 945 1094 980 in
1124 943 1194 981 hac

75 999 156 1037 vita
183 997 316 1038 nullus
343 1006 515 1050 peccator
543 996 589 1033 sit
609 995 702 1032 adeo
717 994 946 1042 obduratus,
975 1006 1013 1032 ut
1032 995 1103 1033 Dei
1122 996 1195 1033 mi·

77 1052 284 1090 sericordia
311 1051 359 1090 ad
388 1051 533 1089 bonum
562 1049 730 1085 converti
760 1061 805 1084 ne
838 1059 953 1085 neat.
983 1048 1095 1096 QUQd
1125 1047 1198 1086 ali-

77 1104 221 1156 quibus
250 1103 433 1155 exemplis
461 1099 733 1140 confirmatum
764 1061 978 1139 liniemus.

133 1156 225 1196 383.
255 1158 345 1194 lust.
373 1163 519 1207 quarto
539 1179 550 1192 .
594 1154 634 1191 ln
664 1153 805 1193 Psalm.
827 1153 931 1193 LVI.
962 1168 1071 1193 num.
1094 1166 1127 1193 ι.
1157 1166 1197 1192 a·

79 1220 186 1262 perte
213 1210 339 1257 docet,
369 1209 495 1247 Deum
527 1207 781 1259 impossibilia
810 1220 882 1246 non
910 1207 1074 1260 jubere,
1104 1209 1196 1260 quia

76 1276 225 1315 semper
254 1262 303 1300 ad
331 1276 403 1312 ea,
428 1274 520 1316 =quae
538 1258 903 1314 mandatimplenda
920 1292 931 1311 ,
961 1275 1071 1300 snum
1092 1273 1193 1313 prae-

74 1314 138 1354 bet
165 1315 379 1354 auxilium.
410 1317 468 1356 En
483 1315 523 1354 S.
546 1314 718 1353 Doctoris
739 1314 876 1354 verba:
908 1342 935 1363 ,-,
965 1315 1098 1368 Neque
1119 1317 1188 1353 im-

78 1398 104 1418 „
134 1379 281 1421 peraret
311 1368 380 1408 hoc
409 1370 515 1410 Deus
532 1398 543 1416 ‚
570 1376 613 1405 ut
642 1368 855 1406 faceremus
872 1398 883 1416 ‚
912 1370 943 1406 si
975 1367 1195 1421 impossibi-

84 1451 112 1472 „
142 1421 178 1459 le
206 1421 416 1474 judicaret,
447 1432 486 1460 ut
514 1420 586 1459 hoc
606 1418 656 1459 ab
687 1420 840 1459 homine
856 1422 963 1460 fieret
983 1448 994 1460 .
1012 1448 1023 1460 .
1040 1449 1050 1460 .
1082 1422 1194 1459 Adest

85 1504 113 1524 „
143 1474 238 1523 ille,
276 1477 345 1528 qui
385 1475 554 1529 praebuit
588 1473 842 1526 exemplum,
886 1484 926 1512 ut
954 1475 1124 1527 praebeat
1167 1475 1201 1511 &

78 1556 107 1577 „
135 1528 325 1568 auxilium
358 1529 378 1544 ’'
433 1530 615 1576 Quorum
644 1527 789 1565 similia
818 1527 931 1567 habet
959 1529 1000 1567 S.
1023 1529 1099 1568 Leo
1127 1525 1198 1566 Pa-

78 1595 130 1633 pa
158 1580 283 1620 Serm.
304 1582 414 1621 XV1.
450 1581 499 1619 de
540 1585 726 1632 passione
754 1579 919 1618 Domini
948 1594 1034 1633 cap.
1056 1581 1093 1620 6.
1138 1582 1197 1620 in·

79 1636 238 1686 quiens:
268 1633 378 1674 Iuste
404 1633 514 1673 nobis
542 1638 667 1670 instat
695 1642 914 1684 praecepto,
944 1639 1007 1683 qui
1022 1645 1197 1684 proecur-

83 1691 132 1724 rit
161 1688 337 1735 auxilio,
372 1689 422 1729 (9-
451 1686 619 1738 benigne
647 1689 790 1724 incitat
819 1685 875 1724 ad
902 1684 1197 1736 obedientlam,

45 1743 144 1791 aqui
173 1739 276 1778 ducit
304 1737 361 1779 ad
386 1741 589 1794 gloriam·
1141 1789 1144 1791 -

137 1792 230 1839 584.
261 1792 402 1846 Resp.,
430 1792 472 1833 S.
496 1788 751 1846 Augustinum
782 1790 838 1831 ibi
866 1791 973 1845 loqui
1003 1790 1195 1845 dejustis,

80 1857 179 1898 quos
206 1847 253 1885 ad
284 1849 490 1900 perfectam
511 1846 734 1885 charitatem
752 1846 967 1894 exhortatur
982 1876 992 1894 ,
1024 1855 1062 1884 ut
1082 1848 1196 1885 etiam

82 1900 253 1938 animam
282 1915 389 1939 suam
406 1907 547 1953 ponant
567 1913 636 1952 pro
650 1901 786 1939 amicis
803 1929 816 1948 ,
845 1898 878 1937 &
894 1901 1080 1952 proximis
1100 1902 1197 1946 suis3

81 1949 155 1991 hoc
183 1955 287 1992 enim
316 1955 466 2003 docuit,
495 1951 529 1990 δι
559 1953 650 1992 fecit
677 1951 849 1992 Christus
862 1953 1199 2006 Jesuszfecerunt

81 2005 286 2056 Apostoli,
327 2006 430 2058 quod
457 2006 509 2046 ab
536 2006 608 2046 illa
637 2002 856 2045 didicerunt
878 2036 889 2056 ,
917 2006 968 2048 (ρ’
996 2006 1106 2045 nobis
1123 2007 1200 2059 fa—

80 2059 268 2098 ciendum
294 2060 612 2111 praedicaverunt
629 2075 644 2106 ;
686 2059 720 2097 ἃ
750 2060 817 2099 nos
845 2061 971 2099 facere
1000 2074 1200 2114 possumus

74 2113 410 2167 exemploCliristi
426 2142 440 2163 ,
466 2116 535 2168 qui
563 2115 679 2153 etiam
701 2113 847 2166 praebet
866 2113 1057 2153 auxilium
1075 2140 1086 2152 .
1117 2114 1199 2153 Hoc

82 2175 211 2204 autem
242 2166 315 2206 Dei
342 2167 535 2207 auxilium
563 2169 681 2207 'etiam
711 2165 976 2220 peccatoribus
1011 2181 1166 2220 semper
1186 2196 1198 2216 ,

83 2217 120 2254 ἀ
149 2219 292 2271 ubique
322 2229 456 2272 praesto
478 2234 586 2271 esse,
624 2232 700 2260 nec
730 2221 815 2270 ibi,
843 2233 914 2260 nec
943 2221 1039 2260 alibi
1070 2223 1198 2260 asserit

83 2270 127 2309 S.
145 2271 402 2323 Augustum„
430 2273 542 2324 cujus
570 2275 694 2326 potius
723 2287 767 2311 ea
796 2284 979 2326 perpetua
1007 2288 1080 2312 vox
1094 2283 1200 2323 erat,

86 2325 134 2362 ad
163 2325 429 2364 inscrutabilia
445 2326 516 2365 Dei
546 2325 694 2377 judicia
720 2327 934 2378 pertinere,
958 2339 1032 2366 'cut
1059 2328 1202 2382 aliqui-

82 2375 158 2416 bus
185 2378 319 2427 detur,
345 2378 434 2418 *aliis
463 2391 538 2417 non
568 2379 675 2417 detur
691 2401 702 2416 .

143 2430 238 2470 585.
270 2433 394 2485 Atque
423 2440 462 2470 ιιι
492 2431 561 2470 hoc
588 2431 826 2470 manifestius
854 2440 1063 2485 appareat,
1099 2431 1203 2473 haud

88 2482 158 2522 abs
187 2496 227 2522 re
256 2487 328 2523 erit
356 2484 486 2524 locum
517 2484 707 2533 similem,
737 2484 771 2522 8t
791 2485 1022 2537 parallelum
1044 2488 1206 2526 adduce·

89 2548 131 2575 re
159 2536 202 2576 S.
234 2536 409 2578 Doctoris
439 2541 477 2578 in
492 2538 582 2577 Lib.
600 2537 668 2577 lv,
700 2537 840 2587 Operis
869 2540 1028 2593 imperjf.
1057 2554 1093 2580 c.
1119 2553 1206 2594 129.

88 2589 159 2629 ubi
189 2592 240 2629 ita
281 2591 479 2644 loquitur:
518 2617 548 2640 „
580 2591 814 2630 Hominibus
849 2601 985 2632 natura
1010 2594 1108 2633 filiis
1136 2596 1205 2634 irae

83 2669 120 2693 ἢ,
147 2651 348 2697 propterea
372 2645 516 2684 dantur
544 2653 764 2698 praecep'ta,
802 2646 894 2698 quia
918 2646 1032 2685 datur
1061 2647 1093 2684 ἃ
1122 2661 1207 2700 gra·-

94 2723 124 2745 ‚,
153 2697 232 2745 tia,
262 2707 301 2735 ut
329 2700 397 2752 qui
427 2699 557 2751 jubet,
587 2698 750 2751 juvet...
810 2699 883 2737 uod
911 2702 1013 2738 enim
1044 2699 1208 2742 homini·

94 2776 124 2797 „
152 2748 224 2788 bus
250 2751 489 2804 impossibile
505 2761 562 2792 est
578 2782 589 2803 ,
620 2752 702 2791 Deo
722 2714 835 2790 facile
856 2759 908 2791 est
924 2753 946 2769 '’
961 2779 974 2791 .
998 2754 1104 2802 'Quae
1125 2768 1208 2794 ver-

96 2801 148 2839 ha
176 2805 205 2841 si
237 2803 314 2843 sola
338 2815 488 2856 essent,
514 2807 774 2858 suspicionem
802 2807 1046 2858 praeberent,
1078 2810 1209 2859 Augu-

88 2856 236 2894 stinum
264 2857 461 2909 docuisse,
496 2874 518 2899 a
547 2859 629 2899 Deo
659 2874 734 2898 una
763 2873 851 2898 cum
882 2861 1084 2912 praeceptis
1112 2874 1211 2898 sem-

96 2919 166 2960 per
193 2913 354 2961 gratiam
379 2913 617 2965 suppeditari
647 2915 694 2952 ad
739 2926 781 2952 ea
811 2914 1058 2967 adimplenda
1079 2939 1090 2951 .
1134 2913 1211 2952 Ve-

97 2972 300 3003 runtamen
324 2968 578 3019 >suspicionem
607 2979 762 3006 omnem
780 2967 916 3006 tollunt
936 2981 1002 3017 ea,
1031 2980 1118 3018 quae
1139 2977 1212 3006 sta·

99 3015 169 3053 tim
200 3017 380 3069 subjicit:
408 3048 438 3068 „
465 3020 617 3068 Quibus
645 3030 773 3060 autem
802 3033 878 3059 non
907 3021 1017 3060 datur
1038 3020 1108 3058 Dei
1129 3031 1213 3072 gra·

99 3092 129 3118 3,
158 3070 237 3118 tia,
266 3081 420 3125 propter
448 3087 565 3125 quain
594 3075 739 3114 dictum
771 3082 845 3113 est:
887 3074 984 3123 Quis
1011 3083 1047 3113 te
1076 3075 1212 3114 discer-

103 3147 132 3170 „
158 3123 243 3162 uit?
281 3125 383 3172 Quid
414 3124 529 3165 tubes
546 3157 557 3176 ,
584 3128 687 3180 quod
713 3142 789 3167 non
817 3127 1026 3181 accepisti?
1061 3141 1212 3181 praeva—

107 3198 136 3221 „
160 3177 337 3218 ricatores
366 3179 487 3227 fiunt,
515 3181 714 3220 accedente
742 3182 824 3235 lege
841 3213 851 3231 ,
879 3182 1056 3234 nonjuaeti
1080 3183 1124 3220 ''.
1153 3182 1214 3221 Eu

106 3222 360 3278 Augustinum
389 3235 446 3272 sui
479 3235 594 3286 ipsius
607 3235 871 3288 interpretem,
906 3245 1018 3289 atque
1045 3247 1213 3274 asseren—

108 3282 209 3328 tem,
235 3295 307 3324 nna
334 3301 422 3326 cum
454 3294 646 3340 ptaecepto
672 3289 758 3331 dari
782 3303 808 3331 'a
826 3291 909 3331 Deo
932 3291 1120 3344 gratiam,
1146 3286 1212 3331 sed

102 3340 182 3371 nou
209 3348 380 3391 semper,
403 3355 477 3385 nec
498 3342 709 3384 omuibus.

2234 117 2306 158 151

1313 189 1405 231 586.
1436 187 1515 228 Nec
1544 191 1619 228 alia
1651 191 1768 242 potuit
1799 203 1875 228 csse
1904 204 2010 230 meus
2037 190 2079 230 S.
2110 191 2272 242 Leonis,
2302 195 2370 246 qui

1252 256 1354 284 *unus
1383 245 1456 283 fuit
1489 257 1541 281 ‘ex
1583 244 1818 284 fidelissimis
1846 245 1886 283 S.
1917 247 2115 297 Augustini
2145 247 2371 299 discipulis;

1257 299 1291 336 a
1319 310 1540 351 quanquam
1570 296 1784 349 dogmatice
1813 297 1860 334 de
1889 297 1959 336 hac
2001 301 2254 338 controversia
2294 309 2370 339 tra-

1256 352 1381 391 ctandi
1411 352 1645 390 occasionem
1677 362 1750 388 nou
1782 348 1985 399 habuerit,
2023 354 2214 405 principia
2244 362 2371 392 tamen

1258 405 1324 445 Ma
1356 406 1434 444 istri
1463 406 1523 444 sui
1552 405 1682 442 animo
1710 403 1784 441 alte
1812 403 1993 442 defixerat
2014 429 2025 442 .
2070 406 2253 457 Loquitur
2283 419 2371 459 ergo

1256 459 1298 499 S.
1358 459 1501 497 omitex
1529 458 1577 496 de
1604 456 1762 496 homine
1783 487 1794 505 ,
1836 459 1904 510 qui
1936 459 2101 508 proprioe
2134 458 2369 498 infirmitatis

1259 513 1431 552 conscius
1460 512 1507 550 ad
1525 512 1596 550 Dei
1626 511 1815 549 auxilium
1845 511 2070 562 suppliciter
2088 510 2373 562 implorandum

1261 567 1465 605 convertit:
1496 595 1522 615 „
1554 565 1608 604 Ac
1632 566 1667 603 si
1697 565 1790 618 quid
1820 564 1893 602 sibi
1926 563 2190 615 impossibile,
2219 574 2282 602 aut
2311 579 2372 603 ar-

1256 646 1287 670 ›„
1316 621 1435 659 duum
1464 620 1505 658 in
1535 619 1802 658 mandatorum
1832 615 2029 655 effectibus
2052 617 2271 668 experitur,
2300 631 2374 656 non

1259 703 1286 722 ‚‚
1316 676 1354 712 in
1386 688 1423 711 se
1454 681 1674 722 remaneat,
1703 673 1767 710 sed
1796 671 1841 708 ad
1864 670 2059 722 jubentem
2083 680 2279 717 recurrat,
2307 673 2377 723 qui

1264 756 1289 776 ,‚
1321 728 1405 766 ideo
1433 727 1494 765 dat
1525 735 1761 778 pra-ceptum
1780 755 1791 773 ,
1821 733 1862 762 ut
1893 726 2030 762 excitet
2059 724 2313 772 desiderium,
2343 724 2377 760 8<

1261 810 1288 829 „
1319 790 1468 833 praestet
1489 781 1702 828 auxilium,
1732 779 1879 817 dicente
1892 777 2078 830 Propheta
2090 777 2152 815 Ps.
2178 777 2278 815 le.
2307 775 2377 814 Ja-

1263 863 1289 882 „
1318 845 1383 873 cm
1413 838 1454 871 ἱη
1484 832 1615 872 Deum
1646 837 1932 884 cogitationem
1961 841 2073 869 tuam
2097 861 2108 879 ‚
2150 831 2200 871 <9-
2229 834 2310 882 ipse
2338 840 2379 870 te

1262 916 1288 935 ‚‚
1319 891 1487 926 enutriet
1518 888 1562 925 '’.
1594 888 1653 926 Αιι
1686 887 1768 924 liaec
1797 898 1927 938 quaeso
1956 885 2147 938 quadrant
2177 885 2213 922 in
2244 898 2381 937 pecca·

1262 950 1357 980 tores
1381 940 1595 992 superbos,
1624 953 1745 978 caecos
1763 970 1774 988 ,
1804 941 1837 975 ἃ
1865 936 2104 977 obduratos?
2144 939 2281 976 Annon
2313 951 2381 989 po-

1264 995 1336 1031 tius
1365 994 1586 1042 declarant,
1630 996 1742 1032 etiam
1787 991 1894 1044 justis
1923 992 2132 1044 aliquando
2161 1004 2204 1029 ea
2233 991 2381 1030 auxilia.

1262 1046 1437 1085 efficacia
1467 1049 1621 1095 deesse,
1651 1048 1794 1100 quibus
1823 1056 2018 1099 praecepta
2037 1044 2381 1097 divinapossibilia

1265 1108 1378 1148 sunt,
1410 1100 1542 1138 saltem
1574 1099 1824 1139 immediate?
1855 1100 2005 1146 Quibus
2035 1108 2232 1152 propterea
2252 1112 2384 1138 neces·

1265 1166 1303 1190 se
1333 1162 1385 1191 est
1415 1153 1570 1205 jugibus
1588 1183 1598 1202 ‚
1628 1168 1672 1192 ac
1702 1154 1938 1193 ferventibus
1967 1153 2147 1207 precibus
2176 1166 2221 1191 ea
2248 1167 2271 1191 a
2300 1152 2384 1191 Deo

1263 1206 1474 1258 implorare
1492 1233 1502 1245 .

1319 1259 1411 1312 587.
1442 1258 1535 1311 Obj.
1565 1262 1726 1310 quinto.
1774 1260 1916 1298 Auctor
1947 1258 2134 1297 librorum
2173 1258 2222 1296 <le
2253 1258 2386 1297 Voca-

1260 1315 1368 1352 tione
1392 1310 1582 1351 Gentium
1613 1316 1628 1364 (
1658 1315 1726 1365 qui
1756 1311 1850 1350 olim
1881 1313 1922 1350 S.
1952 1311 2123 1364 Prosperi
2154 1313 2386 1362 putabantur

1262 1367 1326 1406 sed
1357 1368 1560 1420 quisquis,
1588 1369 1661 1415 sit,
1694 1367 2008 1418 Augustinianam
2030 1366 2084 1403 ‘de
2112 1366 2232 1416 gratia
2247 1365 2388 1403 doctri·

1264 1433 1359 1460 uam
1376 1423 1546 1473 sequitur
1562 1420 1577 1468 )
1596 1449 1606 1468 ‚
1638 1419 1757 1458 multa
1788 1418 1901 1458 habet
1930 1429 2002 1457 toto
2032 1418 2120 1457 Lib.
2140 1419 2186 1456 ll.
2208 1418 2283 1456 huc
2304 1433 2389 1471 spe-

1269 1475 1436 1519 ctanti-‘23
1478 1486 1642 1526 quorum
1671 1474 1867 1526 potissima
1896 1472 1980 1511 haec
2010 1481 2123 1511 sunt.
2151 1471 2254 1524 Cap.
2273 1472 2310 1510 5.
2340 1472 2388 1510 de

1269 1528 1390 1580 gratia
1420 1526 1600 1580 loquens:
1643 1552 1676 1574 -„
1705 1526 1833 1575 Quae,
1864 1527 2015 1578 inquit,
2045 1526 2111 1563 etsi
2142 1527 2292 1577 parcior
2321 1539 2388 1564 an·

1265 1609 1293 1630 „
1323 1590 1384 1629 te,
1412 1589 1526 1633 atque
1555 1579 1739 1618 occultior
1768 1581 1867 1628 fuit,
1898 1579 2013 1617 nullis
2033 1588 2157 1617 tamen
2176 1578 2329 1617 saeculis
2350 1593 2389 1617 se

1265 1662 1293 1683 „
1324 1635 1501 1685 negavit,
1528 1634 1669 1671 virtute
1687 1647 1758 1670 una
1777 1663 1786 1680 ‚
1817 1634 1994 1684 quamvis
2021 1633 2172 1670 diversa
2189 1662 2199 1680 ‚
2229 1631 2389 1672 consilio

1262 1713 1292 1736 -„
1323 1685 1659 1734 incommutabili,
1679 1699 1794 1738 opere
1816 1686 2066 1723 multiformi.
2100 1683 2281 1736 Cczp.15.
2313 1686 2392 1723 Ad-

1269 1769 1296 1788 „
1327 1738 1449 1777 hibita
1472 1752 1628 1790 semper
1656 1747 1710 1776 est
1740 1740 1928 1776 universis
1957 1737 2177 1776 hominibus
2206 1739 2390 1790 quaedam

1263 1820 1292 1843 „
1317 1804 1496 1845 supernae
1525 1804 1699 1831 mensura
1727 1792 1913 1830 doctrinae
1931 1819 1942 1840 ,
1971 1805 2059 1844 quae
2090 1793 2156 1829 etsi
2178 1793 2392 1843 parcioris,

1267 1876 1294 1896 „
1323 1846 1618 1898 occultiorisque
1647 1846 1779 1897 gratias
1811 1845 1882 1883 fuit
1900 1875 1910 1894 ,
1934 1844 2081 1883 sufficit
2110 1854 2264 1893 tamen,
2288 1846 2393 1889 sicut

1268 1929 1296 1950 „
1325 1899 1516 1938 Dominus
1544 1899 1758 1951 judicavit,
1799 1899 2031 1952 quibusdam
2070 1899 2118 1936 ad
2147 1899 2392 1949 remedium,

1267 1983 1294 2004 „
1323 1954 1505 1992 omnibus
1533 1953 1581 1992 ad
1603 1952 1869 1991 'testimonium
1887 1979 1898 1990 .
1936 1952 1995 1990 Ac
2024 1948 2187 1990 demum
2217 1965 2307 2001 cap.
2327 1965 2392 2004 29.

1263 2034 1295 2057 -„
1326 2007 1576 2046 Universitati
1606 2005 1810 2045 hominum
1856 2009 1871 2057 (
1902 2005 2002 2058 quod
2032 2006 2183 2043 abunde
2207 2006 2392 2057 probavi-

1271 2090 1298 2110 „
1328 2073 1414 2098 nius
1444 2061 1458 2108 )
1501 2061 1557 2098 ita
1578 2058 1816 2110 multiplex,
1859 2068 1972 2111 atque
2003 2057 2211 2096 ineffabilis
2240 2058 2392 2098 bonitas

1266 2143 1293 2163 „
1326 2113 1397 2151 Dei
1425 2111 1618 2151 consuluit
1640 2125 1824 2163 semper,
1855 2111 1889 2147 ἃ
1917 2111 2108 2159 consulit,
2138 2121 2176 2149 ut
2193 2124 2316 2164 neque
2333 2111 2394 2150 ul-

1263 2194 1293 2216 „
1323 2167 1349 2204 li
1382 2168 1624 2219 pereuntium
1655 2166 1843 2204 excusatio
1872 2173 2045 2216 suppetat
2073 2165 2119 2202 de
2139 2165 2325 2216 abnegato
2344 2166 2394 2204 si-

1268 2249 1295 2270 „
1326 2219 1366 2258 bi
1390 2220 1538 2258 lumine
1554 2221 1752 2267 veritatis,
1783 2231 1905 2271 neque
1934 2219 2118 2307 cuit-giam
2147 2220 2195 2256 sit
2224 2217 2394 2257 liberum

1269 2304 1296 2324 ,‚
1329 2274 1376 2312 de
1406 2288 1472 2313 sna
1502 2273 1646 2325 justitia
1675 2272 1859 2325 gloriari,
1887 2284 1976 2310 curn
2071 2273 2226 2322 propria
2256 2273 2393 2325 nequiq-

1269 2356 1296 2377 „
1326 2329 1377 2366 tia
1406 2328 1598 2379 demergat
1629 2327 1676 2364 ad
1707 2337 1886 2377 poenam,
1915 2324 2057 2363 &istos
2079 2324 2150 2362 Dei
2171 2327 2287 2376 gratia
2310 2339 2396 2376 per-

1269 2411 1296 2431 „
1325 2382 1436 2420 ducat
1466 2381 1511 2418 ad
1527 2380 1689 2431 gloriam
1705 2380 1726 2395 ’¹
1744 2406 1754 2418 .
1786 2379 1882 2417 Haec
1911 2377 2092 2431 aliaque,
2122 2391 2209 2430 qua·
2226 2382 2398 2431 egregius

1276 2436 1344 2474 iste
1373 2435 1534 2488 scriptor
1565 2433 1700 2483 habet,
1730 2431 1986 2472 universalem
2016 2433 2147 2485 gratia:
2168 2432 2243 2470 Dei
2272 2433 2398 2471 distri-

1275 2487 1473 2527 butionem
1504 2487 1671 2526 mirifice
1699 2486 1883 2539 probant.
2002 2534 2005 2537 .

1331 2541 1423 2581 588.
1455 2540 1567 2593 Resp.
1599 2540 1769 2580 nobilem
1799 2540 1913 2578 illum
1943 2539 2164 2590 scriptorem
2189 2535 2399 2577 Librorum

1275 2593 1324 2633 cle
1355 2594 1573 2634 Vocatione
1605 2594 1793 2633 Gentium
1825 2607 1897 2632 non
1928 2605 1996 2640 re,
2027 2593 2087 2630 sed
2118 2592 2245 2629 verbis
2273 2592 2399 2630 solum

1276 2649 1325 2688 ab
1356 2648 1636 2702 Augustiniana
1664 2648 1835 2686 doctrina
1876 2645 2057 2689 diti'erre3
2099 2646 2253 2682 nomine.
2293 2647 2400 2684 enim

1272 2704 1440 2754 gratiae,
1479 2715 1598 2757 quam
1640 2701 1842 2740 hominum
1885 2699 2120 2736 universitati
2151 2711 2400 2737 communem

1272 2771 1357 2795 >esse
1385 2755 1493 2805 vult,
1534 2768 1611 2795 non
1641 2754 1818 2804 intelligit
1856 2764 1940 2788 eam
1977 2762 2108 2788 veram
2146 2750 2286 2790 Christi
2312 2764 2402 2803 ‘gra-

1276 2811 1398 2858 tiam,
1443 2822 1532 2864 quae
1563 2812 1603 2848 in
1631 2807 1769 2847 inentis
1806 2803 2082 2851 illustratione,
2125 2803 2158 2841 &
2195 2803 2402 2844 voluntatis

1274 2865 1514 2916 permotione
1544 2864 1611 2901 sita
1641 2870 1719 2907 est,
1755 2858 1818 2897 sed
1847 2857 1925 2896 alia
1953 2854 2026 2895 Dei
2056 2857 2247 2906 beneficia
2277 2868 2401 2897 exter·

1276 2928 1353 2964 na,
1395 2915 1430 2954 ἃ
1458 2917 1600 2955 ordinis
1628 2916 1740 2953 etiam
1771 2909 1984 2959 naturalis,
2025 2921 2115 2964 quae
2150 2910 2324 2952 homines
2352 2914 2401 2952 ad

1280 2978 1464 3008 aeternam
1494 2969 1655 3007 salutem
1685 2965 1815 3005 saltem
1838 2973 1979 3003 remote
1999 2965 2200 3018 disponere
2215 2976 2400 3017 possunt,

1279 3021 1314 3060 8t
1343 3034 1432 3075 quae
1455 3022 1590 3061 Lib.1.
1611 3033 1696 3071 cap.
1716 3020 1752 3057 5.
1781 3018 1873 3057 dicit
1901 3031 1979 3057 esse
2008 3048 2035 3066 ,‚
2065 3018 2306 3071 propheticas
2334 3033 2399 3058 vo-

1277 3103 1307 3125 „
1335 3090 1425 3124 ces,
1466 3075 1499 3112 ἃ
1530 3083 1722 3125 pra-,cepta
1752 3071 1888 3124 legalia
1918 3074 1957 3110 in
1985 3071 2262 3111 eletiietitor'utn
2291 3073 2400 3112 obse-

1276 3156 1306 3178 „
1334 3131 1436 3181 quiis
1465 3139 1510 3165 ac
1540 3127 1785 3166 testimoniis:
1813 3123 1916 3163 unde
1938 3124 2088 3178 insert,
2119 3127 2400 3166 inexcusabiles

1276 3208 1305 3231 „
1337 3184 1451 3220 factos
1480 3191 1583 3228 esse,
1623 3181 1692 3234 qui
1721 3180 1822 3220 Deos
1849 3178 1922 3218 sibi
1954 3179 2026 3218 Dei
2070 3180 2167 3218 dona
2199 3180 2397 3229 fecerunt,

1278 3263 1307 3284 „
1335 3233 1368 3270 ἃ
1398 3246 1487 3287 qum
1517 3241 1643 3274 creata
1670 3242 1776 3272 erant
1805 3233 1852 3271 ad
1883 3233 2064 3272 utendum
2082 3262 2093 3281 ‚
2123 3236 2289 3272 venerati
2314 3242 2396 3271 sunt

1278 3317 1306 3336 ,‚
1336 3287 1383 3325 ad
1412 3286 1642 3326 colendum·
1679 3286 1735 3326 Et
1761 3285 1882 3326 Libro
1903 3285 1955 3325 II.
1985 3298 2075 3337 cap.
2097 3286 2137 3333 4.
2180 3287 2397 3334 Quamvis,

1277 3368 1305 3392 „
1332 3344 1485 3395 inquit,
1511 3339 1671 3395 speciali
1692 3353 1791 3383 ,cura
1806 3371 1819 3393 ,
1847 3351 1962 3395 atque
1982 3339 2221 3395 indulgentia
2238 3334 2306 3380 Dei
2330 3349 2398 3389 po-

2220 3421 2246 3441 „
2277 3404 2348 3443 pu-
