2570 3745
263 224 318 263 26
835 217 916 262 DE
946 217 1184 264 «GRATIA
1216 219 1265 263 P.
1297 220 1331 263 I.

193 306 254 338 tur
271 324 281 335 .
315 295 388 334 Sed
416 296 537 347 gratia
565 294 650 335 haec
678 295 864 348 adjuvans
882 328 892 346 ‚
922 308 1032 350 prout
1060 299 1110 337 ab
1139 301 1307 339 excitan-

192 360 229 390 te
256 351 525 401 distinguitur,
561 360 614 388 est
641 353 756 389 motio
791 352 970 403 quaedam
1001 352 1074 390 Dei
1113 353 1306 400 virtuosa,

191 417 280 454 quae
296 401 748 442 voluntatemefficaciter
763 413 912 453 movet,
943 404 1130 454 inclinat,
1160 404 1308 458 &phy-

191 460 297 505 οὶεε,
329 459 343 506 (
374 455 444 494 hoc
461 466 518 495 est
547 459 671 508 reipsa
689 487 699 506 ‚
729 470 801 495 non
832 459 1038 496 moraliter
1062 467 1243 508 tantum,
1272 458 1307 495 8<

190 509 497 563 metaphorice)
527 511 575 549 ad
605 510 723 549 libere
752 512 1064 550 consentiendum
1094 512 1169 551 Dei
1197 525 1310 552 voca-

187 564 283 603 tioni
310 564 557 604 determinat.

245 617 284 656 3.
311 617 511 669 Disputari
540 615 632 655 solet
660 618 874 670 interipsos
889 616 1128 669 Thom'istas,
1157 632 1205 658 an
1221 619 1308 657 duae

188 671 271 709 istae
299 673 432 723 gratiae
462 672 586 722 reipsa
613 672 711 709 inter
739 686 776 709 se
804 672 1079 723 distinguantur
1096 703 1107 722 ,
1140 687 1189 711 an
1220 685 1310 712 vero

188 724 312 765 solum
330 723 596 777 formaliter,
625 738 691 762 seu
719 725 878 764 diversis
909 727 1052 764 muniis
1070 756 1080 774 ‚
1109 735 1222 778 atque
1250 726 1308 763 of-

187 777 287 816 ficiis
307 778 593 816 tautummodo.
625 777 793 826 Verum,
824 787 864 815 ut
887 788 989 817 recte
1015 789 1147 817 monet
1175 780 1312 816 doctis-

185 832 305 868 simus
326 830 366 870 P.
386 832 523 871 Lemos
543 831 581 868 in
603 829 801 882 Panoplit‘z
819 834 967 883 gratice
982 831 1071 870 Lib.
1088 830 1156 868 IV.
1178 831 1310 870 'Pi-act.

189 883 277 922 Vll.
306 883 393 923 P.1.
422 899 458 923 c.
485 897 544 935 ¹7·
566 897 608 922 n.
628 883 721 930 264.
773 884 951 935 Quaestio
979 883 1065 921 hcet:
1093 893 1152 921 est
1182 893 1310 922 meta-

187 936 386 989 physica,
427 937 524 975 nihil
551 936 606 974 ad
635 937 784 989 dogma
812 940 1040 988 pertinens.
1077 937 1218 975 ‘Gratia
1247 951 1311 975 ex-

186 993 309 1028 citans
337 999 464 1028 movet
489 989 614 1028 solum
643 990 864 1037 moraliter,
906 990 1096 1038 suadens,
1139 990 1174 1028 &
1210 993 1312 1031 invi-

188 1052 298 1083 tans·
341 1044 537 1095 Adjuvans
574 1056 662 1081 vero
689 1051 816 1080 movet
855 1042 1014 1095 physice
1044 1043 1280 1084 voluntatem
1299 1071 1310 1084 .

188 1097 363 1148 Utraque
392 1097 629 1148 praeveniens
654 1104 732 1134 est:
768 1096 870 1134 unde
898 1096 1115 1136 Concilium
1145 1098 1310 1136 Triden-

184 1150 310 1188 tinum
340 1149 437 1186 sess.
458 1148 527 1187 VI.
556 1163 643 1201 cap.
661 1150 697 1187 5.
731 1149 964 1189 declaravit:
1007 1180 1033 1199 „
1062 1151 1310 1190 Justificatio-

186 1232 213 1252 ‚,
242 1203 302 1240 nis
329 1203 528 1240 exordium
558 1203 598 1240 in
628 1202 767 1241 adulti-s
794 1219 818 1242 a
847 1202 920 1241 Dei
950 1217 1018 1255 per
1032 1203 1231 1244 Christum
1246 1206 1308 1243 {Je-

186 1285 213 1305 „
241 1269 326 1293 sum
374 1256 633 1308 praeveniente
676 1257 797 1307 gratia
825 1257 1054 1295 sumendum
1080 1271 1160 1296 esse
1179 1287 1189 1306 ,
1235 1258 1307 1297 hoc

185 1338 214 1359 ‚,
243 1308 375 1347 est=ab
403 1308 487 1361 ejus
516 1309 740 1358 vocatione,
782 1324 860 1363 qua
892 1309 1014 1348 nullis
1052 1324 1184 1349 eorum
1228 1315 1308 1350 exi-

184 1391 213 1411 „
242 1362 426 1400 stentibus
454 1358 599 1400 meritis
628 1371 840 1409 vocantur3
889 1371 930 1401 ut
958 1365 1027 1416 qui
1052 1378 1125 1416 per
1152 1374 1308 1417 peccata

185 1444 213 1464 „
242 1429 263 1452 a
286 1415 367 1453 Deo
395 1417 518 1454 aversi
534 1425 671 1464 erant,
698 1430 769 1469 por
798 1416 881 1467 ejus
906 1418 1136 1455 excitantem
1153 1447 1165 1466 ,
1195 1426 1306 1469 atque

185 1498 213 1518 9,
242 1467 485 1519 adjuvantem
514 1470 676 1519 gratiam
696 1470 744 1507 ad
763 1470 1063 1507 convertendum
1084 1484 1122 1508 se
1136 1471 1182 1507 ad
1199 1484 1307 1508 suam

184 1551 211 1569 „
242 1522 411 1572 ipsorum
442 1521 751 1572 justificationem
780 1522 903 1559 eidem
933 1522 1066 1573 gratiae
1093 1522 1219 1560 libere
1249 1537 1308 1560 as-

182 1603 210 1623 „
239 1575 460 1622 sentiendo,
497 1573 532 1609 8<
557 1574 801 1625 cooperando
827 1575 1080 1626 disponantur
1096 1579 1150 1614 “0
1187 1576 1235 1614 Et
1264 1576 1308 1615 S.

180 1629 415 1679 Augustinus
446 1629 483 1664 in
514 1627 670 1666 L-ih.11.
700 1627 748 1665 de
762 1637 918 1678 peccat.
935 1629 1131 1669 meria&
1149 1633 1308 1668 remiss.

180 1694 268 1733 cap.
288 1680 350 1719 18.
382 1680 603 1732 inquiebat:
639 1680 760 1730 Quod
789 1680 845 1719 ad
873 1680 1007 1719 Deum
1036 1694 1118 1719 non
1141 1694 1308 1720 conver-

178 1737 300 1774 zimur
317 1763 327 1781 ,
355 1737 436 1770 nisi
460 1737 544 1784 ipso
571 1737 799 1783 excitante,
829 1743 950 1785 atque
978 1733 1198 1787 adjuvante
1226 1749 1310 1773 non

181 1799 389 1837 possumus
403 1802 420 1831 ,-
462 1800 507 1825 ac
535 1786 700 1840 denique
729 1787 769 1825 S.
799 1788 1015 1826 Berua-retus
1044 1788 1093 1826 de
1120 1798 1228 1841 grat.
1257 1790 1307 1830 (9-

183 1840 247 1878 lib.
268 1839 354 1877 arb.
371 1855 458 1892 cap.
490 1838 694 1887 Corratas,
723 1842 876 1894 inqu-it,
907 1841 1015 1879 liberi
1043 1840 1228 1891 arbitrii,
1256 1843 1308 1883 Θ

181 1898 291 1932 cassi
320 1903 410 1931 sunt
429 1922 438 1940 ,
468 1897 501 1931 si
530 1907 610 1931 non
640 1894 904 1947 adjuventur,
927 1897 982 1936 2&
1009 1896 1245 1944 multisunt,
1274 1900 1309 1935 si

181 1961 263 1986 non
293 1953 543 1986 excitentur.
589 1948 661 1986 Sed
691 1949 737 1985 de
766 1948 825 1987 his
849 1949 1033 1987 omnibus
1061 1951 1199 2001 dignus
1224 1960 1306 1999 est,

181 2004 251 2054 qui
280 2001 500 2039 consulatur
527 2001 634 2040 laud.
663 2015 756 2040 mox
783 2003 1088 2055 sapientissimus
1115 2004 1253 2042 Lemos
1273 2018 1308 2042 c.

188 2068 252 2106 17.
280 2055 316 2091 ἃ
337 2069 415 2107 seq.

237 2107 276 2153 4.
308 2107 438 2146 Altera
464 2108 601 2159 gratiae
633 2108 802 2158 divisio,
843 2117 887 2147 ut
924 2109 1036 2147 docet
1063 2109 1106 2147 S.
1137 2109 1308 2150 Thomas

183 2163 200 2213 (
220 2161 317 2199 ibid.
338 2169 409 2199 art.
427 2173 464 2198 ¹2.
484 2162 497 2209 )
521 2191 531 2207 ‚
562 2170 614 2199 est
642 2164 684 2198 in
713 2171 949 2212 operantem
966 2193 976 2211 ,
1006 2163 1056 2204 ἴθ’
1085 2176 1307 2215 cooperan-

181 2223 265 2253 tem
281 2245 292 2262 ‚
320 2212 448 2265 quam'
468 2215 695 2253 divisionem
720 2215 926 2266 Angelicus
952 2230 1000 2254 ex
1029 2219 1212 2269 magistro
1239 2231 1310 2256 suo

183 2268 395 2318 Augustino
420 2268 653 2319 deprompsit
680 2272 698 2320 (
720 2267 768 2306 tie
781 2278 889 2322 grat.
909 2270 959 2311 ὦ)
980 2269 1043 2309 lib.
1059 2270 1203 2309 arbitr.
1219 2285 1306 2324 cap.

188 2321 283 2371 ¹7¹)
315 2321 531 2370 inquiente:
562 2321 709 2367 „Deus
738 2324 975 2374 cooperando
995 2323 1173 2376 perficit,
1203 2326 1305 2377 quod

184 2402 213 2425 „
239 2374 431 2424 operando
459 2374 616 2425 incipit.
664 2374 857 2421 Quoniam
888 2378 967 2428 ipse
984 2407 995 2426 ,
1039 2387 1079 2416 ut
1105 2378 1273 2418 velimus
1294 2409 1305 2427 ‚

184 2457 213 2476 ‚,
242 2436 420 2478 operatur
462 2427 668 2478 incipiens,
706 2429 778 2479 qui
821 2429 1035 2470 volentibus
1076 2441 1306 2483 cooperatur

185 2509 213 2530 υ
244 2480 446 2531 perficiens
464 2505 473 2517 .
517 2479 671 2532 Propter
700 2481 800 2532 quod
830 2483 881 2519 ait
911 2484 1113 2536 Apostolus
1142 2485 1306 2538 Philipp.

184 2555 212 2583 -„
240 2532 273 2570 I.
287 2533 352 2571 6.:
379 2542 503 2570 certus
520 2546 607 2571 sum
624 2563 634 2582 ‚
664 2535 849 2586 quon-iam
877 2538 944 2587 qui
965 2547 1151 2589 operatur
1180 2540 1220 2577 in
1242 2553 1305 2577 vo-

185 2616 213 2636 „
241 2585 300 2624 bis
327 2599 424 2637 opus
450 2585 593 2624 bonum
611 2616 622 2635 ‚
648 2587 824 2638 perficiet
855 2602 973 2641 usque
1002 2592 1041 2628 in
1067 2592 1171 2630 diem
1191 2593 1306 2632 Chri-

185 2668 212 2688 „
241 2641 288 2676 sti
314 2639 403 2677 Jesu
419 2665 429 2677 .
459 2639 510 2677 Ut
534 2653 628 2691 ergo
654 2639 820 2680 velimus
836 2671 847 2688 ,
872 2643 957 2680 sine
977 2644 1088 2682 nobis
1102 2656 1304 2696 operatur;

187 2721 214 2741 ‚,
245 2704 333 2729 cum
362 2701 487 2730 autem
518 2692 697 2731 volumus
713 2723 723 2742 ‚
753 2693 788 2730 &
813 2695 869 2732 sic
891 2694 1067 2734 volumus
1083 2727 1094 2746 ,
1127 2707 1165 2735 ut
1187 2700 1305 2737 facia-

186 2773 216 2794 „
244 2757 330 2781 mus
357 2745 557 2784 nobiscum
586 2755 809 2798 cooperatur
826 2761 838 2785 z
878 2756 1007 2787 tamen
1033 2752 1118 2789 sine
1147 2751 1215 2789 illo
1243 2752 1304 2790 vel

187 2826 214 2847 9,
243 2799 441 2849 operante,
470 2807 510 2835 ut·
539 2799 728 2848 velimus,
758 2800 820 2840 vel
849 2812 1100 2855 cooperante,
1129 2818 1219 2842 cuin
1240 2820 1304 2844 vo-

188 2879 217 2898 „
246 2849 396 2898 liunus,
425 2851 470 2888 ad
501 2851 599 2889 bona
629 2855 776 2904 pietatis
805 2868 922 2907 opera
942 2856 1039 2894 nihil
1060 2857 1233 2897 valemus
1253 2862 1304 2899 “-

189 2902 241 2942 Ut
269 2913 395 2942 autem
425 2903 569 2942 ibidem
599 2904 639 2942 S.
668 2906 836 2946 Thomas
863 2909 1050 2960 explicat,
1077 2925 1169 2949 cum
1200 2912 1303 2952 Deus

186 2965 314 2995 movet
342 2955 576 2995 voluntatem
606 2958 653 2996 ad
683 2961 846 3009 primam
867 2962 1085 3002 volitionem
1107 2966 1214 3014 boni,
1243 2967 1303 3005 di-

184 3010 288 3049 nitur
313 3010 434 3062 gratia
460 3023 622 3063 operans
632 3025 644 3057 3
671 3025 762 3050 cum
790 3028 880 3054 vero
899 3016 1005 3057 Deus
1021 3031 1099 3057 non
1116 3019 1302 3072 adjuvat,

238 3173 286 3210 (a)
313 3169 354 3202 V.
380 3172 415 3204 Ia
443 3171 590 3205 seconde
616 3173 724 3205 lettre
750 3174 837 3206 (Z'un
849 3173 969 3211 Theoi.
994 3181 1016 3211 ἁ
1041 3181 1216 3214 l'e‘clitetir
1239 3183 1304 3215 des

189 3215 310 3250 Oeiwr.
338 3216 455 3250 Posth·
481 3219 524 3251 de
549 3217 602 3250 M.
628 3220 673 3251 de
692 3217 891 3261 Petitpied,
917 3226 948 3255 &
977 3226 1012 3257 P.
1033 3223 1158 3260 Lemo's
1185 3228 1218 3260 in
1238 3228 1305 3262 Pa-

190 3266 280 3305 nopl.
299 3272 388 3308 grut-
415 3263 527 3297 ‘rome
542 3264 602 3296 IV.
630 3264 708 3298 Lib.
722 3264 782 3297 IV.
809 3266 843 3297 P.
865 3269 887 3298 Ι.
915 3277 1014 3305 tract.
1027 3274 1061 3306 8.
1079 3285 1155 3318 cap.
1172 3275 1205 3306 3.
1223 3286 1304 3319 patr.

190 3308 271 3352 267.
297 3321 369 3354 seq.
385 3330 396 3349 ,
420 3311 479 3343 ubi
507 3311 642 3354 copiose
669 3310 710 3346 id,
729 3319 841 3344 totum
868 3315 1043 3358 explicat,
1070 3321 1243 3364 praecipue
1261 3303 1306 3354 ἔκ

189 3356 306 3388 verbis
323 3377 335 3396 ,
369 3367 447 3399 qnae
474 3358 508 3389 S.
534 3357 728 3401 Praeceptor
755 3357 859 3391 habet
893 3360 931 3391 in
957 3362 998 3393 11.
1027 3365 1185 3399 Sentent.
1212 3367 1304 3400 Dist.

189 3401 246 3434 26.
273 3409 338 3434 art.
363 3402 393 3434 5.
419 3401 461 3435 ad
475 3403 506 3435 3.
522 3424 533 3442 ‚
557 3403 616 3436 ubi
641 3404 841 3447 explicans,
875 3407 1046 3450 quomodo
1072 3421 1168 3445 actus
1194 3413 1304 3454 liber,

190 3458 269 3487 cuin
297 3448 355 3482 fiat
382 3460 398 3481 a
426 3449 536 3482 libero
561 3449 750 3491 arbitrio„
770 3451 882 3495 possit
917 3463 989 3485 esse
1015 3455 1156 3490 effectus
1181 3459 1303 3503 gratiae

1374 218 1520 265 DISS.
1547 219 1607 262 ΙΙ.
1644 221 1782 266 ’ΒΑΕ
1810 222 1847 266 Ῐ.

1373 298 1635 339 confirmando
1662 302 1923 351 voluntatem,
1961 308 2002 340 ut
2030 300 2078 341 ad
2107 304 2331 344 exteriorem
2356 310 2491 343 actum

1373 354 1597 405 perveniat,
1625 352 1768 393 dicitur
1783 357 1906 407 gratia
1927 368 2131 407 cooperans
2161 362 2177 410 (
2199 357 2289 397 Vid.
2307 357 2437 397 Estius
2451 358 2499 396 »in

1371 406 1464 445 Lib.
1487 406 1534 443 11.
1563 405 1743 446 Sentent.
1772 409 1871 448 Dist.
1889 409 1952 448 26.
1983 409 2020 461 ᾗ.
2038 424 2077 460 7.
2101 410 2142 458 ).
2501 412 2505 415 ’

1431 460 1469 497 5.
1498 458 1573 496 Sed
1601 460 1702 498 circa
1739 465 1899 513 gratiam
1936 471 2153 515 operantem
2190 464 2498 502 animadverten-

1375 513 1426 551 da
1453 520 1538 550 sunt
1567 511 1684 551 verba
1702 514 1743 552 S.
1767 515 1967 568 Augustini
1982 517 2169 556 dicentis:
2201 516 2295 566 „Ut
2310 517 2496 564 velimus,

1379 595 1405 615 ,‚
1436 565 1540 603 Deus
1565 566 1649 603 ⁴sine
1678 566 1787 605 nobis
1815 580 2015 620 operatur:
2045 574 2107 608 cut
2135 573 2308 608 concinit
2329 569 2370 609 S.
2387 567 2496 607 'Tho-

1378 648 1405 669 „
1435 631 1527 656 mas
1556 618 1720 657 dicens:
1756 620 1799 656 In
1826 621 1898 659 :illo
1926 622 2061 663 effectu
2078 655 2090 674 ,
2119 625 2160 662 in
2188 636 2266 677 quo
2295 637 2402 660 mens
2431 635 2498 660 no-

1378 702 1405 721 „
1435 681 1510 710 stra
1539 681 1591 710 est
1611 681 1734 720 mota,
1765 671 1799 708 ἃ
1817 686 1894 710 vnon
1913 688 2066 715 movens
2084 708 2095 725 ‚
2120 678 2224 715 *solus
2244 685 2372 715 autem
2393 675 2498 713 Deus

1379 755 1405 774 9,
1436 739 1618 773 movens,
1651 727 1819 778 operatio
1839 725 1922 763 Deo
1950 730 2195 779 attribuitur,
2225 731 2259 767 8<
2289 729 2500 768 secundum

1379 808 1404 827 „
1436 777 1506 816 hoc
1535 780 1677 817 dicitur
1705 780 1826 831 gratia
1854 792 2035 832 operam.
2081 784 2123 820 In
2154 783 2222 821 illo
2251 793 2378 822 autem
2409 781 2503 820 effe-

1379 861 1406 881 „
1436 841 1525 880 ctu,
1563 834 1605 870 ‘iu
1634 846 1712 885 qno
1754 847 1859 872 mens
1890 843 2014 872 nostra
2052 833 2086 869 8<
2106 846 2264 884 movet,
2308 836 2341 873 ἃ
2370 849 2501 876 move-

1374 915 1405 934 „
1436 893 1519 933 tur,
1548 887 1717 938 operatio
1742 899 1819 924 non
1849 886 1973 925 solum
2000 886 2221 925 attribuitur
2239 888 2349 939 Deo,
2379 889 2442 927 sed
2463 902 2502 926 e-

1381 968 1408 987 „
1437 939 1531 976 tiam
1561 941 1736 979 *animaez
1772 939 1811 976 -&
1850 941 2060 979 secundum
2094 939 2168 979 hoc
2205 940 2346 979 dicitur
2376 942 2504 992 ¹gratia

1379 1022 1406 1041 9,
1437 1006 1672 1044 cooperans.
1716 993 1782 1031 Est
1809 1003 1936 1033 autem
1980 995 2021 1032 in
2050 993 2160 1032 nobis
2199 993 2343 1046 duplex
2370 1003 2502 1042 actus,

1381 1075 1407 1094 ‚,
1437 1047 1585 1097 primus
1613 1047 1772 1099 quidem
1802 1049 1958 1086 interior
1987 1046 2192 1086 voluntatis
2212 1076 2222 1095 ‚
2253 1046 2287 1082 8<
2314 1056 2504 1099 quantum

1380 1128 1407 1147 ‚,
1437 1099 1484 1136 ad
1505 1100 1620 1138 istum
1641 1109 1768 1138 act-um
1788 1100 1967 1140 voluntas
1987 1115 2024 1139 se
2044 1100 2158 1139 habet
2179 1110 2218 1138 ut
2236 1110 2341 1139 mota
2357 1130 2367 1148 ,
2396 1100 2504 1138 Deus

1378 1181 1406 1201 a>
1437 1162 1565 1198 autem
1593 1161 1633 1191 ut
1661 1167 1844 1202 movens,
1889 1153 1923 1189 3<
1952 1156 2166 1207 praesertim
2203 1167 2292 1193 cuin
2331 1153 2504 1192 voluntas

1378 1235 1405 1254 ,‚
1437 1207 1573 1259 incipit
1600 1206 1744 1246 bonum
1773 1206 1895 1256 velle,
1940 1222 2027 1260 quae
2071 1209 2178 1261 prius
2220 1207 2368 1246 malum
2397 1205 2507 1247 vole-

1379 1288 1405 1308 „
1434 1258 1497 1297 bat
1515 1287 1526 1298 .
1573 1259 1624 1298 Et
1650 1260 1739 1298 ideo
1764 1261 1978 1301 secundum
2008 1263 2112 1314 quod
2141 1261 2245 1300 Deus
2274 1269 2402 1300 movet
2432 1259 2504 1300 hu·-

1377 1341 1405 1361 ,‚
1434 1326 1591 1351 manain
1622 1323 1788 1352 mentem
1819 1316 1866 1353 ad
1895 1314 1994 1354 hunc
2023 1325 2176 1364 actum,
2212 1315 2353 1352 dicitur
2382 1315 2504 1366 gratia.

1377 1395 1404 1413 „
1433 1379 1595 1417 operans
1615 1370 1641 1389 ‘⁵
1659 1393 1670 1405 .
1713 1368 1810 1406 Haec
1840 1369 1999 1420 inquam
2029 1368 2148 1406 verba
2175 1368 2504 1406 animadversione

1375 1419 1490 1468 digua
1519 1428 1626 1465 sunt3
1652 1434 1781 1472 ¹neque
1811 1423 1914 1459 enim
1944 1420 2160 1471 putandum
2191 1428 2265 1467 est,
2296 1421 2336 1457 in
2367 1419 2504 1457 effectu

1370 1472 1507 1520 -gratiae
1541 1486 1635 1522 pure
1664 1476 1853 1524 operantis
1885 1474 2119 1511 voluntatem
2151 1472 2248 1510 nihil
2276 1473 2434 1511 omniuo
2462 1486 2503 1510 a·

1375 1537 1490 1574 gere,
1525 1524 1563 1561 .&
1592 1527 1708 1563 instar
1738 1527 1899 1564 inanimi
1928 1527 2054 1564 trunci
2083 1541 2121 1564 se
2151 1526 2313 1574 habere,
2350 1534 2387 1563 ut
2416 1526 2503 1577 qui-

1375 1578 1464 1614 dam
1495 1580 1622 1615 minus
1650 1588 1752 1617 recte
1782 1581 2019 1631 interpretati
2059 1589 2144 1618 sunt
2189 1581 2204 1631 (
2234 1578 2361 1616 Nicol.
2388 1577 2505 1616 Petit-

1375 1631 1465 1681 pied
1498 1629 1635 1669 Trnite'
1664 1631 1712 1669 cle
1741 1633 1782 1668 la.
1812 1631 1874 1669 lib.
1906 1631 2009 1684 plur.
2039 1634 2077 1669 in
2106 1631 2199 1669 locis
2221 1661 2232 1680 ,
2263 1631 2296 1667 &
2326 1630 2506 1670 nonnulli

1375 1681 1601 1722 scholastici
1623 1684 1666 1733 );
1695 1685 1758 1722 sed
1788 1683 1857 1723 hoc
1880 1693 2026 1723 tantum
2047 1684 2283 1736 significatur
2301 1715 2311 1734 ‚
2339 1687 2503 1737 gratiam

1374 1738 1528 1787 operari
1556 1738 1596 1775 in
1623 1737 1736 1776 nobis
1764 1739 1844 1776 sine
1872 1740 2022 1790 pra-vio
2038 1737 2175 1790 aliquo
2196 1737 2399 1778 voluntatis
2419 1751 2502 1776 mo-

1375 1798 1417 1827 tu
1445 1803 1522 1843 quo
1550 1791 1598 1829 ad
1618 1790 1826 1830 volendum
1845 1792 1991 1829 bonum
2012 1792 2173 1843 petendo
2188 1821 2200 1840 ,
2228 1791 2475 1830 desiderando
2491 1822 2504 1842 ,

1377 1851 1442 1881 aut
1470 1842 1602 1896 aliquo
1629 1843 1706 1882 alio
1733 1845 1846 1882 modo
1875 1858 2086 1892 conemur,
2128 1852 2196 1881 aut
2221 1844 2504 1897 disponamur-

1376 1895 1517 1949 Reipsa
1546 1897 1721 1936 videmus
1749 1898 1958 1951 aliquando
1985 1899 2147 1950 gratiam
2177 1898 2328 1949 operari
2357 1897 2502 1937 bonum

1377 1950 1580 1989 voluntatis
1600 1953 1755 1989 initium
1775 1982 1785 2000 ‚
1816 1954 1854 1990 in
1876 1952 2084 1990 reluctante
2100 1981 2110 2000 ,
2132 1950 2166 1987 ἃ
2182 1963 2335 1989 averso:
2365 1965 2502 2003 quem-

1377 2005 1582 2042 admodum
1603 2007 1645 2043 in
1665 2006 1796 2043 Sancti
1818 2004 1926 2043 Pauli
1948 2005 2194 2043 conversione
2213 2005 2388 2056 contigit.
2417 2003 2503 2045 Un-

1375 2057 1422 2095 de
1443 2057 1483 2096 S.
1500 2060 1659 2110 August.
1686 2062 1704 2111 (
1722 2058 1890 2097 Encizir.
1911 2072 1997 2111 cap.
2015 2057 2080 2096 52.
2101 2056 2117 2106 )
2146 2061 2284 2110 gratia
2313 2057 2414 2107 Dei,
2441 2059 2501 2097 in-

1376 2112 1488 2162 quit,
1518 2114 1721 2150 nolentem
1751 2116 1968 2163 praevenit,
1996 2120 2038 2149 ut
2055 2112 2146 2149 velit
2161 2126 2177 2156 ,-
2206 2112 2400 2150 volentem
2413 2110 2503 2150 sub-

1377 2169 1577 2215 sequitur,
1604 2179 1658 2203 ne
1673 2165 1842 2218 frustra.
1870 2167 1958 2205 velit
1974 2179 1988 2203 .·
2019 2165 2052 2201 8(
2073 2164 2202 2203 Sanct.
2223 2164 2393 2204 Thomas
2411 2170 2428 2218 (
2444 2165 2501 2205 ib·

1378 2219 1425 2256 ad
1443 2232 1479 2257 2.
1502 2219 1517 2267 )
1562 2219 1627 2257 ille
1656 2230 1785 2258 motus
1802 2250 1812 2270 ,
1842 2221 1996 2273 inquit,
2034 2217 2187 2270 (liberi
2203 2218 2389 2269 arbitrii)
2418 2231 2502 2257 non

1376 2280 1435 2309 est
1464 2285 1593 2311 causa
1618 2277 1794 2325 gratioe,
1828 2273 1897 2311 sed
1926 2271 2118 2323 effectus,
2162 2271 2267 2311 unde
2294 2280 2382 2310 tota
2408 2285 2503 2325 ope-

1373 2329 1479 2363 ratio
1506 2330 1674 2376 pertinet
1701 2327 1758 2365 acl
1783 2331 1964 2380 gratiam
1981 2326 2068 2379 (a).

1430 2379 1469 2418 6.
1501 2379 1704 2432 Angelicus
1733 2381 1875 2419 Doctor
1918 2383 1932 2431 (
1955 2380 2010 2417 ib.
2031 2388 2101 2417 art.
2122 2378 2162 2418 '5-
2186 2380 2200 2428 )
2242 2378 2359 2417 aliam
2387 2380 2501 2419 tradit

1372 2434 1506 2484 gratiae
1528 2435 1754 2472 divisionem
1775 2436 1814 2471 in
1834 2436 2144 2485 praevenientem
2159 2462 2172 2481 ‚
2200 2432 2251 2473 <9²
2265 2431 2501 2485 subsequen-

1374 2495 1488 2532 tem,·
1517 2501 1606 2539 quae
1634 2490 1785 2525 eruitur
1814 2500 1859 2525 ex
1887 2487 2006 2525 sacris
2034 2485 2168 2524 litteris
2195 2486 2410 2525 dicentibus
2438 2485 2502 2526 Ps.

1373 2539 1513 2578 LVIII.
1546 2537 1829 2579 ,Misericordia
1849 2541 1938 2592 ejus
1957 2542 2168 2590 praeveniet
2187 2551 2254 2576 me
2269 2568 2280 2587 ,
2308 2539 2500 2579 &iterum

1372 2591 1434 2633 Ps.
1450 2593 1582 2633 XXII.
1612 2593 1895 2632 Misericordia
1922 2602 1995 2630 tua
2013 2590 2266 2643 suosequetur
2284 2604 2350 2630 me
2365 2618 2378 2630 .
2407 2591 2499 2631 Por-

1371 2659 1415 2684 ro
1443 2649 1564 2698 gratia
1592 2650 1834 2700 praeveniens
1862 2647 1938 2691 dici
1967 2652 2111 2697 potest,
2153 2644 2214 2684 vel
2242 2654 2436 2698 tempore,
2465 2647 2499 2686 si

1373 2713 1510 2752 nempe
1539 2711 1710 2739 sumatur
1740 2715 1807 2753 pro
1836 2699 2030 2738 voluntate
2059 2698 2156 2747 Dei,
2184 2712 2274 2751 quae
2303 2699 2353 2738 ab
2383 2708 2497 2738 aeter-

1370 2766 1423 2791 no
1453 2753 1598 2792 homini
1626 2769 1695 2793 sua
1723 2753 1912 2792 beneficia
1941 2754 2196 2804 praeparavit,
2226 2751 2261 2788 &
2290 2751 2361 2791 hoc
2383 2753 2498 2792 modo

1370 2807 1604 2847 considerata
1632 2809 1762 2847 vocari
1791 2805 1883 2844 solet
1911 2809 2048 2858 gratia
2075 2808 2259 2844 increata
2272 2820 2291 2850 ς
2326 2805 2387 2844 vel
2416 2806 2496 2845 sola

1370 2861 1618 2909 causalitate,
1647 2863 1678 2899 si
1709 2858 1885 2897 videlicet
1913 2867 2084 2897 sumatur
2112 2873 2183 2912 pro
2210 2858 2282 2897 illa
2302 2858 2376 2897 Dei
2405 2873 2493 2899 mo·

1369 2915 1497 2963 tione,
1539 2928 1627 2966 quae
1655 2925 1723 2950 nos
1750 2913 1798 2950 ad
1828 2912 1925 2950 bene
1962 2913 2207 2964 operandum
2240 2912 2494 2953 determinat.

1368 2967 1419 3005 Et
1448 2968 1605 3019 quidem
1635 2964 1706 3003 hoc
1748 2976 1936 3017 postremo
1978 2980 2089 3004 sensu
2126 2967 2380 3005 communiter
2415 2965 2496 3006 dici

1366 3020 1460 3060 solet
1475 3021 1600 3072 gratia
1619 3020 1857 3071 praeveniens
1873 3047 1884 3060 .
1913 3019 2026 3059 Unde
2047 3019 2088 3059 S.
2110 3020 2268 3074 August.
2289 3023 2306 3073 (
2326 3018 2495 3061 Enchir·

2402 3087 2442 3112 c·

1367 3179 1571 3224 operantis:
1598 3193 1708 3214 oerum
1733 3189 1812 3222 est,
1854 3181 1994 3226 inquit,
2029 3182 2116 3226 qnod
2141 3182 2216 3224 ipse
2241 3188 2351 3213 motata
2377 3181 2494 3214 volun·

1371 3227 1454 3260 tatis
1480 3239 1544 3258 non
1568 3236 1621 3260 est
1645 3241 1665 3260 a
1690 3232 1807 3270 gratia
1841 3232 1916 3260 sine
1953 3229 2063 3261 libero
2098 3228 2269 3267 arbitrio,
2307 3230 2348 3259 (9⁴
2381 3235 2494 3260 tamen

1367 3276 1449 3317 quia
1475 3285 1511 3304 se
1537 3273 1637 3307 habet
1660 3278 1801 3317 gratia,
1827 3283 1861 3307 nt
1886 3277 2099 3319 principale.-
2124 3276 2202 3317 quia
2221 3274 2367 3307 inclinat
2385 3277 2423 3307 in
2439 3281 2494 3308 ta.-

1371 3321 1438 3353 lem
1462 3327 1574 3351 actum
1595 3333 1656 3363 per
1680 3322 1809 3354 modum
1835 3322 2010 3366 cujusdam
2045 3327 2168 3353 natura
2203 3321 2283 3352 ideo
2313 3323 2391 3363 ipsa
2416 3322 2494 3354 sola

1371 3366 1475 3398 talem
1499 3374 1608 3399 actum
1632 3368 1766 3400 dicitur
1788 3372 1954 3410 operari:
1996 3379 2062 3400 non
2087 3367 2174 3409 quod
2199 3370 2274 3399 sine
2299 3368 2411 3401 libero
2435 3379 2493 3400 ar-

1370 3412 1476 3444 bitrio
1502 3421 1681 3455 operetur,
1711 3415 1772 3446 secl
1799 3418 1877 3458 quia
1902 3421 1958 3446 est
1979 3414 2210 3460 principalior
2234 3425 2364 3456 causa,
2401 3416 2493 3448 sicut

1369 3461 1527 3503 gravitas
1552 3460 1681 3493 dicitur·
1706 3465 1843 3504 operari
1869 3467 1990 3495 motum
2013 3460 2169 3494 deorsum
2185 3481 2194 3491 .
