2570 3745
205 214 291 246 202

143 279 231 327 dei,
262 279 295 315 8<
324 277 405 331 spei
434 279 561 318 media
590 278 687 331 fide,
717 282 752 319 St
781 297 868 337 spe,
898 294 1023 324 actum
1053 298 1144 325 vero
1170 285 1259 325 dili-

142 333 254 384 gendi
285 346 351 385 per
380 347 418 370 se
447 342 592 373 tantum
621 336 701 374 sine
731 337 895 390 alicujus
925 340 1074 377 virtutis
1107 339 1258 384 medi03

140 399 257 438 qnam
286 388 514 425 sententiam
544 389 785 442 impugnavit
814 392 854 429 S.
885 390 1053 430 Thomas
1082 393 1122 430 in
1143 393 1258 430 Com-

139 448 259 477 ment.
291 439 337 477 ad
368 438 470 479 hunc
500 440 627 480 locum
646 473 655 491 ‚
686 452 767 482 tum
803 458 834 482 1.
867 454 972 496 parte
1001 458 1067 496 qn.
1098 444 1164 489 45.
1184 452 1256 483 art.

141 491 179 532 5.
198 520 208 539 ‚
238 492 272 529 8(
295 506 331 531 2.
355 506 391 532 2.
412 507 478 546 qu.
502 495 565 534 23.
586 505 657 534 art.
680 510 716 535 2.
735 527 744 545 ,
773 498 838 535 nbi
870 507 994 534 tamen
1026 495 1256 547 Magistrum

139 545 325 597 explicat,
358 556 397 584 ut
418 560 491 586 non
512 549 704 597 docuerit,
736 560 887 587 motum
909 550 1148 597 dilectionis,
1177 563 1253 601 quo

136 597 273 637 Deum
302 600 501 652 diligimus
517 632 526 650 ‚
557 615 642 640 esse
671 607 797 653 ipsum
820 601 1007 652 Spiritum
1028 600 1222 641 Sanctum
1239 633 1251 653 ,

135 652 208 691 sed
235 653 336 704 quoti
366 658 437 691 iste
457 665 582 694 motus
603 656 818 693 dilectionis
847 664 905 692 est
933 668 959 691 α
981 652 1127 706 Spiritu
1146 655 1252 695 San-

135 716 224 754 cto,
254 720 334 744 non
365 707 567 746 mediante
596 710 726 759 aliquo
757 706 914 755 habitu,
944 711 1043 746 sicut
1073 721 1101 746 a
1130 708 1252 760 Spiri-

135 767 178 796 tu
198 760 348 798 Sancto
367 770 457 798 sunt
477 761 546 798 alii
576 765 731 799 virtuosi
753 770 866 798 actus
896 760 1161 801 mediantibus
1181 762 1251 802 Iza-

132 811 268 851 bitibus
296 814 471 851 aliarum
500 818 683 852 virtutum
700 844 710 861 ‚
740 822 836 864 puta
864 812 998 851 habitu
1015 814 1121 869 fidei
1139 845 1150 864 ‚
1180 827 1252 855 aut

131 870 239 916 spei,
269 876 338 904 ant
368 867 536 918 alicujus
565 867 728 904 alterius
756 871 924 905 virtutis.
955 867 1019 918 ‚Et
1047 868 1119 908 hoc
1148 868 1252 910 dice·

131 917 198 957 hat
226 930 380 969 propter
407 920 689 957 excellentiam
719 919 953 960 chariratis.

187 988 223 1023 7.
245 972 389 1010 Verum
419 971 503 1009 haec
533 973 738 1012 doctissimi
768 974 933 1012 hominis
961 975 1090 1028 opinio
1118 978 1254 1030 paucis

130 1026 284 1077 probari
315 1026 458 1077 potuit:
488 1026 598 1064 valde
619 1029 719 1065 enim
749 1027 909 1066 difficile
938 1038 989 1067 est
1020 1030 1128 1068 illam
1157 1045 1247 1071 cum

130 1081 177 1116 iis
199 1078 412 1116 Tridentini
433 1079 558 1117 verbis
579 1081 783 1120 conciliare
802 1112 811 1130 ‚
833 1082 974 1134 quibus
994 1084 1134 1123 dicitur
1149 1085 1247 1125 Sess.

130 1132 198 1169 Vl.
228 1145 314 1184 cap.
334 1146 372 1183 7.
414 1162 440 1180 ‚‚
472 1132 595 1171 Unica
625 1134 796 1173 formalis
825 1149 939 1174 causa
967 1136 1247 1189 justificationis

128 1214 154 1233 ‚,
185 1194 321 1223 nostrae
367 1195 419 1224 est
446 1186 592 1237 justitia
620 1188 724 1237 Dei,
767 1201 843 1227 non
879 1203 957 1242 qua
1002 1192 1083 1242 ipse
1125 1192 1248 1244 justus

130 1268 156 1287 ,‚
188 1247 263 1287 est,
294 1238 359 1278 sed
387 1253 463 1292 qua
492 1253 555 1279 nos
583 1241 699 1293 justos
728 1242 844 1291 facit,
883 1258 961 1295 qua
989 1245 1169 1285 videlicet
1198 1247 1248 1285 ab

127 1320 153 1341 „
187 1305 230 1329 eo
257 1293 384 1331 donati
415 1307 645 1333 renovamur
675 1297 811 1348 spiritu
843 1299 979 1336 mentis
1007 1308 1170 1349 nostrae,
1213 1301 1249 1338 &

126 1375 153 1394 ‚,
183 1359 260 1384 non
290 1347 401 1384 modo
429 1357 680 1399 reputamur,
724 1350 786 1389 sed
823 1364 910 1388 vere
953 1351 1042 1403 justi
1072 1355 1248 1392 nomina-

127 1428 154 1447 „
185 1413 295 1447 mur,
324 1401 357 1437 &
387 1415 537 1449 sumus,
575 1401 761 1454 justitiam
791 1405 828 1441 in
858 1404 969 1443 nobis
999 1408 1247 1459 recipientes,

126 1481 153 1501 „
186 1454 443 1505 [unisquisque
471 1469 580 1493 snam
609 1458 820 1495 secundum
852 1471 1090 1507 mensnram,
1127 1474 1248 1512 quam

126 1534 152 1552 ‚,
181 1506 346 1557 Spiritus
384 1508 543 1546 Sanctus
574 1511 734 1560 partitur
762 1511 946 1561 siugulis,
975 1521 1088 1563 prout
1118 1513 1248 1552 vult'’.

123 1558 195 1596 His
231 1561 335 1597 enim
374 1561 500 1600 verbis
542 1562 758 1601 luculenter
796 1564 1016 1614 indicatur,
1057 1565 1248 1618 Spiritum

122 1611 304 1651 Sanctum
335 1628 411 1651 esse
433 1624 564 1653 nostrae
586 1615 865 1668 justificationis
895 1631 1048 1657 causam
1080 1620 1248 1659 efficien-

123 1674 220 1714 tem,
251 1680 322 1704 non
353 1668 583 1707 formalem.
636 1670 852 1709 Discrimen
882 1672 997 1709 etiam
1028 1672 1124 1711 illud
1155 1676 1250 1712 inter

124 1719 281 1757 Sanctos
309 1723 472 1769 veteris,
503 1737 545 1760 ac
576 1725 665 1761 novi
696 1724 873 1771 foederis,
912 1724 1014 1763 haud
1043 1729 1129 1764 satis
1157 1728 1247 1765 soli-

124 1774 184 1810 dis
215 1773 472 1812 fundamentis
501 1777 611 1814 inniti
643 1778 819 1823 viderur3
857 1779 978 1815 immo
1008 1778 1066 1816 illi
1095 1780 1135 1818 S.
1170 1782 1247 1818 Au-

123 1827 261 1876 gustini
293 1830 485 1865 sementiae
522 1832 782 1877 contrarium,
824 1844 912 1883 quae
956 1831 1094 1883 legitur
1123 1833 1246 1885 Epist.

123 1879 398 1918 ‹JLXXXVtL
428 1882 522 1920 alias
553 1883 671 1921 LVII.
702 1898 736 1922 c.
765 1897 823 1922 ιι.
854 1883 947 1921 Non
977 1885 1172 1924 audemus
1187 1887 1248 1940 fi-

125 1932 232 1970 deles
261 1939 448 1984 temporis
477 1941 601 1973 nostrl
629 1938 823 1988 prce-ferre
853 1941 996 1975 amicis
1028 1937 1104 1977 Dei·
1126 1971 1136 1988 ‚
1178 1954 1248 1992 per

125 1999 222 2036 qnos
251 1987 358 2025 nobis
388 1992 466 2025 istit
493 1989 730 2038 proplietam
751 2000 840 2029 sunt
859 2017 869 2029 .
899 1991 974 2029 Sed
995 1991 1078 2031 liaec
1099 1994 1250 2047 longius

123 2042 303 2092 persequi
333 2054 403 2078 non
435 2050 569 2080 vacat.

179 2092 218 2131 8.
248 2093 496 2146 Quamquam
526 2109 643 2144 verO,
674 2106 713 2135 ut
743 2111 832 2135 mox
860 2100 1135 2150 exposuimus,
1164 2114 1249 2152 gra-

127 2146 179 2184 tia
208 2147 446 2186 sanctificans
477 2162 551 2186 non
583 2159 636 2188 est
665 2152 746 2203 ipsa
775 2150 941 2202 Spiritus
961 2152 1089 2191 Sancti
1120 2168 1249 2205 perso-

124 2214 174 2238 na
204 2201 314 2238 nobis
344 2201 638 2241 substantialiter
652 2206 958 2245 communicata.
989 2206 1174 2260 Tlieologi
1195 2217 1250 2247 ta-

124 2268 214 2293 men
252 2256 422 2294 unanimi
464 2257 540 2295 sere
584 2258 733 2296 calculo
769 2260 927 2307 docent,
971 2262 1146 2299 eamdem
1177 2276 1255 2301 esse

127 2308 337 2359 quamdam
368 2311 696 2362 participationem
728 2313 871 2350 divinae
893 2322 1036 2351 naturae
1055 2345 1064 2363 ‚
1095 2317 1196 2368 quod
1217 2316 1252 2354 St

126 2361 243 2398 sam-is
272 2361 429 2411 litteris,
460 2364 723 2404 &Traditioni
745 2369 901 2404 omnino
916 2377 1120 2407 consonat.
1149 2369 1250 2408 Nam

129 2422 385 2466 praeterquam
417 2417 516 2468 quod
547 2417 744 2469 Scriptura
773 2419 888 2465 iustos
917 2422 1108 2474 appellat,
1139 2424 1251 2461 modo

119 2467 234 2520 filins·
264 2467 368 2516 Dei,
413 2481 450 2507 ut
483 2469 590 2508 Rom.
614 2472 718 2510 Vlll.
747 2473 804 2511 16.
827 2474 859 2510 8(
887 2489 946 2526 ¹7·
986 2478 1097 2514 modo
1131 2486 1250 2516 natos

130 2535 183 2558 ex
212 2520 327 2570 Deo,
360 2532 397 2559 ut
426 2524 484 2561 ἕο.
520 2525 548 2562 Ι.
591 2525 648 2563 15.
693 2527 805 2565 modo
833 2538 992 2566 renatos
1022 2543 1075 2568 ex
1104 2529 1250 2580 Spiritu

130 2575 308 2623 Sancto,
340 2584 377 2613 ut
407 2576 547 2615 Jo.lll.
567 2579 603 2616 5.
635 2578 792 2631 legitur3
822 2580 1168 2623 luculentissimum
1198 2594 1251 2623 est

130 2627 229 2666 iliud
259 2629 299 2666 S.
322 2628 418 2667 l’etri
440 2633 694 2670 testimoninm
727 2634 849 2685 Epist.
873 2636 920 2674 ll.
949 2650 1034 2688 cap.
1057 2638 1086 2676 I.
1104 2638 1142 2684 4.
1173 2638 1250 2677 Per

129 2682 501 2735 quem(Cliristnm)
525 2691 715 2724 maxima
733 2717 743 2735 ‚
772 2689 821 2727 <9
841 2693 1013 2738 pretiosa
1034 2691 1142 2730 nobis
1161 2706 1249 2743 pro-

131 2739 258 2772 missa
280 2735 437 2775 donavit
454 2768 465 2787 ,
487 2748 527 2775 ut
547 2752 616 2790 pei·
635 2739 720 2778 ἧσθε
742 2740 975 2789 efficiamini
996 2743 1138 2782 <livinae
1158 2759 1249 2783 con-

130 2797 256 2826 sortes
283 2799 468 2829 nntzirae.
498 2793 684 2832 Omnium
713 2806 839 2833 antem
870 2796 927 2834 Ss.
951 2796 1104 2835 Patrum
1136 2799 1250 2838 instar

132 2842 177 2879 sit
209 2843 392 2892 praeclara
421 2845 487 2883 illa
509 2848 549 2884 S.
566 2849 700 2885 Leonis
722 2851 904 2887 sententia
920 2851 1043 2889 Serm.
1062 2853 1091 2889 Ι.
1107 2852 1152 2890 de
1172 2854 1250 2892 Na-

132 2895 200 2932 tiv.
233 2896 430 2946 Agnosce,
460 2913 483 2936 ο
502 2899 746 2951 (7²2›·2--c1·ane‚
777 2902 1015 2955 (lignitatem
1035 2915 1171 2955 itiam,
1200 2910 1251 2949 <9⁶

132 2947 276 2985 ‹livinoe
304 2961 462 2989 consors
492 2954 636 3005 jactus
665 2966 846 3006 naturae,
889 2959 969 2996 noli
1010 2962 1051 2996 in
1080 2970 1251 3000 veterem

134 3002 322 3039 vilitatem
352 3002 535 3051 degeneri
568 3014 864 3049 conversatione
884 3011 1040 3051 redire.
1073 3013 1251 3054 Remini-

133 3067 244 3092 scere
261 3085 270 3102 ,
290 3055 389 3104 qnod
403 3071 533 3096 erutus
557 3062 601 3096 ie
619 3073 813 3112 potestate
828 3064 1098 3118 tenebrarum,
1118 3077 1254 3109 trans-

134 3108 239 3146 latus
269 3122 310 3146 es
339 3112 379 3146 in
409 3109 486 3148 Dei
514 3114 675 3166 lumen,
705 3125 754 3159 (9·
781 3119 981 3172 gloriczm.

185 3273 232 3308 (a)
262 3268 483 3304 Maldonatus
503 3292 514 3311 ‚
550 3284 760 3318 ‘firmanam
799 3279 854 3311 vir
880 3278 1066 3316 admodum
1092 3282 1215 3318 doctus
1232 3306 1245 3327 ,

135 3316 169 3347 in
195 3315 286 3348 linnc
314 3324 428 3349 tamen
455 3329 608 3350 ‘rrorfiu
636 3331 685 3352 et
714 3324 852 3366 lapsus,
889 3337 1073 3374 utramque
1107 3341 1246 3365 contro-

133 3363 282 3394 versiain
300 3363 456 3406 imperm-
491 3365 705 3405 ·onl'nnden>,
722 3372 751 3399 Ex*
766 3373 852 3412 quod
867 3373 965 3414 pejus
980 3385 1045 3415 est,
1057 3385 1246 3421 utramque

135 3407 312 3441 definitam
327 3422 398 3441 esse
418 3410 459 3442 ab
476 3412 630 3443 beclem-:2
650 3414 866 3448 contendens.
888 3409 976 3452 Nam
994 3422 1025 3453 in
1048 3424 1245 3456 Comment-

135 3454 171 3487 in
195 3467 271 3501 cap.
290 3456 350 3489 Vl.
377 3456 508 3490 Manli.
526 3469 615 3490 *fers
636 3460 686 3492 18.
729 3461 806 3493 Nec
830 3467 943 3505 enim,
976 3467 1047 3507 ait,
1074 3471 1245 3512 sequenda

716 202 797 248 DE:
831 205 1065 250 GRATIA
1100 206 1146 250 P.
1180 206 1237 249 ΙΙ.
1267 206 1533 252 DISSERT.
1565 209 1599 253 Ι.
1646 213 1774 258 ΟΑΡ.
1807 215 1861 259 II.

1379 299 1419 338 9.
1450 288 1492 325 ld
1521 302 1612 327 cum
1639 301 1784 333 certum
1805 296 1871 343 sit,
1902 294 1999 334 inter
2014 292 2263 334 scholasticos
2283 293 2443 346 quaestio

1324 341 1521 389 exoritur,
1563 355 1612 379 an
1643 348 1887 399 participatio
1916 350 1984 387 ista
2012 349 2155 386 divina:
2186 358 2331 386 naturae
2351 347 2446 398 for-

1325 392 1446 430 malis
1475 394 1548 443 sit,
1591 394 1624 431 &
1651 395 1852 451 physica;
1893 416 1942 440 an
1971 415 2060 440 vero
2094 402 2248 440 moralis
2277 410 2444 438 tantum-

1323 446 1436 484 modo
1452 476 1463 494 ,
1492 461 1582 499 quae
1612 449 1755 490 scilicet
1774 454 1947 493 consistat
1966 456 2006 493 in
2026 456 2192 507 quadam
2213 457 2443 493 convenien-

1322 500 1376 537 tia
1403 513 1493 537 cum
1521 510 1656 540 natura
1686 504 1787 554 Dei,
1817 520 1892 544 non
1922 519 2107 559 quantum
2137 509 2183 546 ad
2213 522 2289 546 esse
2321 507 2442 555 reale,

1320 553 1354 589 &
1371 552 1597 605 physicum,
1619 557 1681 594 sed
1701 568 1886 608 quantum
1907 562 1953 597 ad
1976 563 2236 599 rectitudinem
2259 561 2412 599 atil-ctus
2427 586 2442 599 0

1321 603 1450 644 Prima
1478 609 1660 647 sententia
1690 611 1818 661 plures
1847 609 1960 649 habet
1994 622 2162 664 patronos
2180 644 2192 663 ‚
2234 616 2267 651 ἃ
2302 613 2441 652 rationi.

1320 659 1552 699 conformior
1572 662 1721 700 videtur
1738 690 1748 702 .
1777 664 1877 701 Cum
1897 666 1998 702 euim
2016 680 2080 715 per
2100 671 2258 717 gratiam
2276 667 2442 706 sanctifi-

1320 721 1470 751 cantem
1501 714 1614 752 homo
1643 730 1758 767 supra
1786 726 1961 754 naturam
2002 730 2110 755 suam
2154 721 2323 760 elevetur
2347 720 2441 773 for-

1321 766 1506 816 maliter,
1524 767 1557 804 ἃ
1571 767 1749 821 physice,
1765 783 1997 821 consequens
2018 771 2132 807 etiam
2148 781 2199 808 est
2215 773 2285 811 Sec.
2305 787 2441 826 quem-

1318 820 1526 859 admodum
1557 822 1702 860 ferrum
1733 824 1897 876 ignitum
1927 837 2001 860 non
2030 822 2199 861 elevatur
2227 826 2275 861 ad
2303 828 2442 876 produ-

1319 873 1459 911 cendos
1488 876 1585 926 iguis
1615 876 1790 925 effectus,
1832 877 1905 915 nisi
1948 886 2135 929 quatenus
2168 879 2265 929 iguis
2293 887 2442 918 naturae

1318 924 1511 979 physice,
1541 928 1575 964 8t
1604 930 1768 969 realiter
1796 931 1985 982 particeps
2016 931 2079 968 fit.

1381 994 1441 1018 ιο.
1472 981 1634 1033 Majoris
1664 984 1816 1022 fortasse
1845 985 2031 1021 momenti
2069 982 2267 1036 aliquibus
2295 978 2446 1023 videbi-

1319 1041 1382 1071 tur
1410 1033 1527 1073 altera
1556 1038 1718 1090 quaestio
1738 1068 1749 1086 ‚
1792 1052 1840 1075 an
1867 1039 1988 1089 gratia
2018 1035 2224 1075 habitualis
2251 1052 2273 1075 a
2303 1039 2443 1076 virtute

1314 1086 1510 1128 charitatis
1539 1089 1691 1128 realiter
1720 1091 1993 1142 distinguatur.
2042 1089 2249 1129 Affirmant
2280 1090 2445 1129 Thomi-

1313 1149 1379 1180 stae
1396 1170 1406 1189 ,
1437 1152 1610 1194 praennte
1643 1144 1822 1196 Angelico
1848 1158 1880 1182 1.
1904 1158 1939 1182 2.
1970 1154 2106 1197 quaest.
2129 1158 2216 1183 110.
2246 1154 2316 1182 art.
2341 1145 2377 1182 5.
2408 1143 2444 1181 δε

1314 1206 1450 1247 quaest.
1469 1210 1532 1248 27.
1553 1196 1600 1236 <le
1618 1203 1785 1236 veritate
1804 1208 1872 1236 art.
1893 1212 1929 1236 2.
1958 1199 2134 1236 docentes
2153 1228 2163 1246 ,
2193 1200 2356 1250 gratiam
2375 1198 2443 1236 lia-

1313 1247 1503 1287 bitualem
1533 1264 1610 1289 esse
1640 1253 1676 1289 in
1707 1253 1789 1304 ipsa
1830 1253 1973 1290 animae
2011 1254 2196 1300 essentia,
2242 1262 2443 1304 tamquam

1314 1302 1354 1340 in
1382 1303 1554 1354 subjecto
1585 1307 1786 1356 proximo,
1818 1314 1928 1357 prout
1957 1305 2061 1343 docet
2084 1306 2184 1343 idem
2205 1305 2246 1344 S.
2268 1305 2443 1344 Thomas

1320 1368 1354 1392 1.
1373 1369 1409 1393 2.
1426 1370 1492 1408 qu.
1514 1370 1602 1394 100.
1618 1367 1688 1395 art.
1706 1357 1744 1403 4.
1774 1359 2000 1395 charitatem
2030 1371 2118 1394 vero
2148 1372 2227 1396 esse
2257 1361 2443 1397 virtutem

1314 1408 1502 1456 infusam,
1533 1424 1609 1461 qua
1640 1410 1752 1448 homo
1783 1421 1979 1462 promptus
2008 1410 2174 1448 efficitur
2202 1411 2250 1448 ad
2278 1411 2444 1462 diligen-

1316 1461 1408 1499 dum
1442 1461 1594 1509 Denm3
1633 1478 1794 1516 eamque
1826 1465 1983 1515 proinde
2013 1477 2085 1501 non
2117 1465 2156 1501 in
2189 1465 2271 1515 ipsa
2299 1467 2469 1501 animae.-

1317 1516 1497 1563 esseutia,
1527 1518 1588 1554 sed
1621 1518 1657 1554 in
1689 1520 1880 1555 voluntate
1903 1517 2087 1555 residere.
2117 1517 2257 1555 Contra
2285 1519 2447 1568 opinan-

1317 1576 1377 1605 tur
1407 1582 1451 1606 ex
1473 1570 1640 1621 antiquis
1660 1570 1874 1609 Alexander
1893 1570 2039 1609 Alensis
2054 1601 2064 1618 ‚
2098 1571 2283 1609 Henricus
2304 1571 2448 1609 aGan·

1316 1622 1442 1670 davo,
1473 1622 1630 1671 Scotus,
1660 1624 1804 1676 aliique
1834 1626 1936 1662 citati
1967 1625 2016 1662 ab
2047 1624 2151 1662 Estio
2182 1626 2220 1662 in
2252 1625 2299 1662 ll.
2330 1623 2444 1663 Sent-

1317 1675 1404 1712 dist.
1429 1675 1489 1713 26.
1522 1674 1558 1724 ᾗ.
1581 1676 1646 1722 4.;
1690 1691 1734 1714 ex
1767 1678 1956 1715 modernis
1992 1687 2118 1715 antem
2151 1678 2446 1729 Augustinianae

1314 1727 1455 1765 scholae
1487 1727 1669 1780 Theologi
1689 1756 1699 1767 .
1742 1730 1816 1768 Sed
1848 1731 1932 1780 liis,
1962 1731 2126 1783 aliisque
2156 1733 2447 1779 controversiis,

1314 1795 1404 1833 quae
1435 1783 1530 1820 inter
1551 1782 1764 1821 Catliolicos
1791 1787 1982 1836 agitantur
2000 1815 2009 1833 ‚
2043 1785 2308 1837 praetermissis
2326 1814 2338 1831 ‚
2371 1785 2444 1821 uti-

1315 1833 1453 1873 liorem
1487 1839 1522 1873 in
1567 1836 1654 1873 fidei
1700 1838 1939 1889 dogmatibus
1977 1839 2158 1878 adversus
2187 1838 2446 1876 Heterodoxos

1316 1890 1555 1927 vindicandis
1583 1903 1739 1941 operam
1772 1905 1955 1943 ponemus
1974 1917 1985 1930 .

1682 1996 1962 2038 CAPUT
2035 1997 2085 2036 11.

1359 2099 1695 2154 Demonstratur,
1724 2109 1906 2156 gratiam
1935 2103 2179 2144 habitualem
2209 2117 2289 2142 non
2317 2115 2406 2144 esse

1521 2164 1799 2198 necessariam
1827 2159 1882 2196 ad
1910 2158 2070 2210 aliquod
2098 2157 2244 2197 bonum

1745 2212 1993 2264 operandum
2011 2238 2023 2250 .

1337 2357 1340 2361 ,
1379 2330 1412 2355 1.
1432 2291 1577 2360 Error
1607 2320 1678 2357 fuit
1707 2318 1864 2357 Joannis
1891 2316 2068 2357 Wicleffi
2099 2317 2240 2370 Angli,
2270 2318 2337 2370 qui
2367 2317 2449 2356 Sae-

1318 2369 1406 2408 culo
1435 2371 1544 2409 XVI.
1589 2372 1804 2410 Ecclesiam
1847 2373 1913 2410 diu
1958 2371 2200 2424 multumque
2242 2372 2445 2421 turbavit,

1318 2424 1468 2476 fuitque
1512 2427 1549 2462 in
1578 2426 1752 2463 Concilio
1781 2427 2057 2464 Constantiensi
2087 2427 2319 2478 proscriptus
2351 2440 2446 2464 ann.

1318 2476 1582 2517 MCCCCXV.
1602 2479 1701 2518 Sess.
1718 2479 1808 2518 XV.
1831 2479 2032 2517 hominem
2049 2509 2060 2527 ‚
2081 2479 2265 2530 quidquid
2281 2483 2321 2517 in
2337 2492 2445 2517 mor-

1317 2532 1390 2569 tali
1418 2541 1583 2582 peccalo
1600 2532 1781 2584 jecerit,
1825 2546 1994 2583 peccare
2023 2534 2246 2570 mortaliter
2265 2559 2276 2570 .
2321 2532 2444 2570 Eum-

1317 2586 1405 2623 dem
1449 2599 1617 2624 errorem
1660 2589 1854 2626 renovavit
1882 2587 2045 2624 Joannes
2077 2585 2157 2624 Hus
2201 2586 2241 2623 in
2269 2584 2446 2623 Concilio

1318 2641 1461 2689 pariter
1477 2640 1748 2679 Constantiensi
1765 2642 1980 2687 damnatus,
2010 2639 2147 2676 docens
2166 2669 2176 2686 ‚
2208 2640 2259 2676 ita
2278 2640 2444 2689 gratiam

1318 2691 1556 2731 habitualem
1587 2709 1665 2732 esse
1693 2696 1740 2732 ad
1769 2694 1866 2732 bene
1894 2692 2130 2745 operandum
2160 2693 2410 2731 necessariam
2428 2721 2441 2740 ,

1318 2755 1357 2783 ut
1387 2749 1518 2784 omnia
1549 2758 1790 2798 peccatorum
1820 2760 1935 2799 opera
1964 2748 2037 2783 sint
2067 2755 2249 2797 peccata.
2295 2746 2443 2783 Caven-

1318 2800 1367 2838 da
1387 2808 1512 2839 tamen
1534 2801 1596 2839 hic
1613 2812 1663 2840 est
1682 2801 1934 2853 quorumdam
1962 2798 2231 2848 hallucinatio,
2261 2801 2328 2851 qui
2344 2798 2445 2837 hane

1317 2856 1569 2905 quaestionem
1599 2856 1645 2892 de
1665 2853 1843 2904 operibus
1865 2862 2106 2903 peccatorum
2129 2868 2218 2891 cum
2248 2853 2326 2891 alia
2354 2866 2445 2891 con-

1319 2908 1482 2946 fundunt
1509 2909 1556 2946 de
1583 2907 1763 2959 operibus
1794 2906 2041 2952 infidelium;
2079 2920 2169 2945 cuin
2199 2916 2326 2945 tamen
2355 2906 2448 2944 liaeo

1319 2962 1484 2999 secunda
1514 2961 1623 3011 longe
1649 2961 1758 2998 distet
1786 2975 1807 2996 a
1838 2962 1986 3012 prima:
2031 2959 2114 2999 liaec
2145 2963 2245 3000 enim
2275 2959 2447 2999 secunda.

1321 3016 1418 3053 inter
1435 3014 1648 3053 Catliolicos
1677 3015 1837 3065 impune
1866 3015 2051 3064 agitatur:
2081 3016 2208 3067 prima
2236 3024 2362 3053 autem
2389 3011 2441 3053 ad

1319 3068 1436 3108 fidem
1465 3075 1632 3121 spectat,
1662 3076 1702 3105 ut
1730 3079 1818 3104 mox
1846 3068 2084 3107 ostendemus
2105 3069 2196 3120 (a).

2266 3171 2385 3210 PRO·

1313 3285 1378 3319 illa
1401 3284 1518 3327 ορὶηἰο
1542 3290 1597 3316 est
1616 3303 1627 3322 ,
1654 3294 1746 3325 qnam
1774 3280 2008 3317 Tridentinnm
2021 3282 2211 3315 Concilium
2237 3293 2340 3323 nuper
2364 3292 2440 3313 me·-

1312 3335 1381 3364 rito
1406 3332 1602 3368 dmnnavic,
1626 3332 1737 3361 omnia
1764 3339 1977 3371 peccator-nm
1994 3351 2004 3369 ,
2029 3337 2086 3362 ant
2110 3333 2213 3361 etiam
2238 3328 2439 3371 infidelintm

1313 3389 1414 3420 opera
1439 3390 1517 3409 esse
1541 3383 1680 3418 peccata
1695 3396 1705 3414 ‚
1731 3382 1879 3418 (litaturis
1903 3379 2078 3409 marimum
2098 3375 2279 3407 Auctorem
2293 3373 2339 3405 D.
2354 3374 2430 3406 An-

1313 3427 1484 3467 gustinnm
1510 3422 1668 3454 habuisse
1695 3423 1872 3455 videatur.
1899 3423 2004 3455 Porro
2030 3422 2062 3453 in
2088 3422 2220 3456 duobus
2248 3435 2266 3455 a
2286 3422 2431 3457 Norisio

1313 3470 1350 3502 in
1375 3467 1554 3503 Vindiciis
1578 3467 1727 3512 August.
1753 3480 1828 3514 cap.
1851 3469 1882 3503 3.
1903 3471 1933 3512 §.
1951 3466 1986 3511 4.
2012 3468 2234 3505 Maldonatus
2260 3471 2402 3516 vapulat
2418 3488 2428 3499 ·
