2570 3745
279 203 362 243 252

216 292 242 326 ν,
274 291 312 314 re
329 278 348 292 ’'
366 303 376 316 .
408 276 462 317 Ac
483 275 639 315 demum
657 307 665 325 ,
695 277 787 328 quia
808 276 965 328 longum
995 285 1085 314 esset
1106 275 1254 327 singula
1277 289 1332 310 re-

215 344 399 378 censere,
429 330 494 368 De
523 330 625 369 dono
652 343 844 379 persever.
874 345 960 382 cap.
981 344 1020 381 9.
1050 357 1075 378 ‚,
1097 329 1154 366 Ex
1184 328 1331 366 dnobus

210 412 240 433 „
270 387 342 436 piis
371 398 440 422 cur
470 383 560 422 huic
588 385 748 422 donetur
779 385 1056 436 perseverantia
1086 396 1203 432 usque
1226 383 1262 417 in
1284 378 1329 416 fi-

210 466 236 485 „
267 451 383 486 nem,
428 436 486 476 illi
516 447 641 475 autem
672 450 746 476 non
789 438 976 484 donetur,
1019 434 1329 472 inscrutabiliora

212 519 238 538 ‚,
268 501 351 529 suut
380 491 525 543 judicia
546 491 671 529 Dei’‘.
702 491 772 528 Pro
801 499 902 528 certo
932 490 1045 539 igitur
1067 486 1178 523 habet
1198 486 1327 523 Sanct.

209 542 352 582 Doctor
369 574 379 594 ,
410 545 513 596 pios,
545 543 614 583 hoc
635 555 687 582 est
706 543 821 595 justos
839 573 848 591 ,
879 557 899 579 a
919 542 1040 592 gratia
1061 538 1234 575 excidere
1251 567 1261 586 ,
1293 537 1327 573 8<

207 598 364 649 quidem
395 599 470 646 ita,
503 608 543 636 ut
572 599 686 635 etiam
714 596 888 633 excidant
916 608 938 630 a
969 594 1043 629 vita
1074 601 1214 628 aeterna
1234 618 1244 629 .

268 650 355 689 181.
388 652 555 702 Adjungi
586 659 700 702 potest
729 648 797 686 illa
826 646 1010 684 Ecclesiae
1047 646 1157 682 totius
1186 645 1325 682 doctri-

205 716 277 750 na,
306 718 382 756 qua
412 704 573 756 rejectus
602 712 652 740 est
673 714 776 738 error
791 699 1009 745 Joviniani‚
1041 699 1136 734 inter
1166 697 1242 735 alia
1271 698 1326 735 ef-

206 756 375 795 furientis
397 765 410 807 (
429 758 528 808 apud
549 755 674 793 Sanct.
696 755 882 804 Hiemuy.
896 751 983 789 Lib.
1000 752 1046 788 Π.
1068 750 1157 788 αλκ.
1178 750 1322 800 Jovc‘n.)

204 822 292 857 eos,
337 812 404 862 qui
436 811 587 847 fuerunt
615 807 824 859 baptizati,
867 820 890 843 a
926 803 1079 842 diabolo
1116 818 1188 842 non
1220 818 1325 857 posse

203 864 367 911 tentari,
397 864 447 900 ita
462 874 620 912 nempe,
651 869 689 896 ut
720 860 910 897 tentationi
940 858 1216 895 succumbant:
1245 867 1326 895 tum

200 914 271 954 illa
288 945 298 963 ,
327 930 403 966 qua
431 924 558 952 contra
580 913 808 951 Novatianos
836 927 859 949 a
877 911 1082 950 Catholicis
1112 924 1325 963 propugna-

201 975 283 1005 tum
312 977 388 1016 est,
434 974 588 1019 peccata
632 975 709 1018 post
739 966 976 1018 baptismum
1017 966 1218 1003 commissa
1258 977 1325 1016 per

198 1019 490 1058 Sacramentum
519 1020 760 1073 poenitentiae
792 1018 934 1064 deleri3
978 1019 1016 1055 in
1047 1031 1123 1070 quo
1151 1019 1324 1070 dogmate

199 1075 396 1112 asserendo
423 1075 635 1126 Cypriani,
664 1074 887 1121 Ambrosii,
925 1071 1185 1124 Chrysostomi
1203 1101 1213 1120 ,
1245 1074 1323 1109 Au-

199 1128 368 1177 gustini,
398 1126 641 1179 aliorumque
671 1126 865 1164 desudavit
895 1126 1100 1164 industria.

256 1179 344 1218 182.
375 1180 544 1218 Demum
587 1179 753 1218 absurda
796 1179 878 1217 haec
907 1178 1206 1216 calvinistarum
1239 1178 1323 1230 opi-

196 1233 262 1270 nio
291 1234 405 1271 etiam
435 1233 647 1272 rationibus
676 1232 790 1272 facile
821 1231 1078 1272 convellitur.
1116 1231 1253 1269 Primo
1282 1246 1319 1268 e-

195 1287 277 1323 nim
307 1300 351 1324 ex
381 1301 426 1324 ea
462 1288 731 1339 consequitur,
773 1286 834 1324 vel
879 1285 1057 1338 parvulos
1093 1298 1223 1323 omnes
1253 1299 1320 1337 per

195 1338 380 1391 baptismi
410 1339 610 1381 lavacrum
640 1354 716 1379 non
744 1339 974 1391 justificari,
1017 1338 1077 1378 vel
1116 1338 1244 1376 nullos
1274 1352 1319 1376 ex

196 1393 292 1444 ipsis
323 1403 447 1445 postea
477 1396 517 1433 in
549 1403 701 1445 peccata
737 1393 816 1431 labi
848 1405 970 1446 posse:
1009 1402 1214 1443 utrumque
1251 1406 1319 1428 au-

193 1453 272 1482 tem
304 1461 490 1498 perquam
520 1448 730 1485 absurdum
751 1456 825 1484 est:
855 1445 1027 1483 secundo
1049 1445 1184 1482 frustra
1205 1445 1316 1482 Chri-

191 1507 291 1537 stum
313 1514 376 1537 nos
395 1502 605 1548 monuisse,
636 1510 674 1536 ut
696 1508 879 1537 aeternum
909 1499 1050 1536 inferni
1078 1497 1316 1549 supplicium

188 1561 406 1592 metuamus
437 1555 483 1591 iis
513 1553 639 1591 verbis
667 1552 808 1592 Matth.
829 1553 881 1590 X.
906 1552 969 1590 26.
1016 1549 1165 1588 Timete
1194 1565 1284 1588 eum
1304 1581 1314 1599 ,

191 1609 254 1656 qui
269 1616 391 1656 potest
407 1606 457 1647 ὠ·
474 1611 659 1644 annnam
674 1636 685 1654 ,
705 1607 755 1647 ὅ)
775 1619 915 1657 corpus
931 1604 1149 1656 perderem
1168 1603 1315 1656 gehen-

188 1671 318 1699 nam.
347 1661 388 1698 Si
420 1662 524 1698 enim
554 1659 779 1710 justificatus
808 1673 882 1697 nou
913 1668 1028 1710 potest
1049 1674 1070 1696 a
1091 1659 1234 1708 justitia
1250 1671 1314 1695 ex-

188 1712 337 1760 cidere,
369 1712 463 1750 nihil
494 1713 627 1762 habet,
656 1713 757 1764 quod
788 1721 950 1749 metuat.
982 1710 1110 1749 Tertio
1139 1724 1314 1761 sequere-

188 1771 276 1812 tut',
312 1768 629 1816 perseverantiam
660 1779 733 1803 non
763 1779 840 1802 esse
871 1777 1082 1814 magnum,
1125 1763 1157 1798 8<
1187 1765 1312 1814 singu-

186 1816 268 1856 lare
297 1819 465 1866 donuin3
507 1818 832 1870 quemadmodum
863 1833 884 1854 a
912 1817 1040 1854 Sanct.
1074 1817 1282 1867 Augustino
1300 1846 1310 1864 ‚

186 1870 351 1924 aliisque
382 1872 556 1910 Patribus
585 1870 830 1923 appellatur,
874 1884 963 1908 cum
1000 1870 1207 1907 secundum
1245 1870 1312 1906 do-

185 1926 350 1963 ctrinam
392 1925 691 1965 Calvinistarum
734 1927 780 1962 sit
828 1924 1009 1962 omnibus
1056 1922 1164 1974 justis
1206 1935 1310 1960 com-

183 1981 339 2017 munis.

248 2031 334 2070 185.
365 2032 500 2085 Neque
519 2045 609 2070 vero
629 2041 756 2083 putent
772 2030 994 2070 Calvinistae
1012 2060 1022 2078 ,
1051 2030 1181 2068 omnia
1202 2028 1311 2078 hcec,

184 2083 220 2121 8(
248 2084 347 2133 alia,
377 2101 398 2123 a
415 2087 557 2138 quibus
579 2085 779 2124 afferendis
801 2084 1081 2137 supersedimus
1097 2113 1108 2131 ,
1138 2096 1309 2121 momen·

184 2146 222 2176 ta
251 2138 352 2176 eludi
386 2154 492 2191 posse
521 2139 662 2177 celebri
695 2138 762 2177 illa
800 2151 932 2176 eorum
971 2136 1310 2185 distinctiuncula,

183 2205 261 2243 qua
280 2194 414 2230 dicunt
432 2223 443 2240 ,
472 2192 588 2245 justos
619 2194 656 2230 in
687 2202 840 2244 peccata
871 2190 1107 2243 prolabentes
1136 2191 1267 2241 utique
1288 2205 1310 2228 a

183 2244 330 2296 justitia
357 2246 555 2295 decidere,
586 2245 618 2281 8(
638 2244 876 2283 damnabiles
895 2258 972 2282 esse
989 2273 1000 2292 ,
1029 2245 1059 2281 si
1080 2244 1309 2281 demeritum

184 2308 428 2348 spectemus,
458 2313 511 2336 ex
540 2300 700 2350 speciali
730 2309 871 2336 tamen
902 2297 978 2335 Dei
1009 2310 1148 2334 amore
1166 2327 1176 2346 ,
1216 2295 1308 2334 <liri-

183 2363 242 2388 ηιι
273 2356 503 2403 operatione
520 2382 531 2399 ,
564 2352 782 2404 Christique
811 2355 1092 2390 intercessione
1111 2353 1159 2391 (θ’
1180 2360 1306 2388 custo-

183 2404 281 2454 dia,
310 2420 334 2444 a
361 2408 581 2455 sanctitate,
622 2405 656 2441 δι
685 2407 883 2459 adoptione
913 2405 985 2443 Dei
1017 2406 1176 2444 minime
1205 2405 1304 2442 exci-

183 2458 299 2498 dere.

242 2512 330 2559 184.
361 2514 446 2551 Non
478 2515 662 2566 inquam:
690 2518 817 2565 primo
845 2515 948 2552 enim
979 2528 1079 2553 vana
1107 2512 1193 2552 haec
1223 2522 1304 2562 est,

178 2578 225 2605 ac
258 2565 377 2605 futilis
406 2568 718 2607 distinctiuncula
745 2569 848 2605 omni
877 2581 1029 2619 prorsus
1060 2569 1305 2606 fundamento

180 2619 374 2658 destituta:
403 2621 605 2670 secundo,
635 2623 829 2674 quomodo
859 2631 974 2672 potest
1004 2624 1049 2660 iis
1078 2622 1241 2659 textibus
1261 2636 1300 2659 a-

181 2675 307 2724 ptari,
351 2674 494 2727 quibus
524 2675 629 2713 Deus
659 2676 939 2722 comminatur,
984 2677 1022 2713 in
1057 2689 1302 2727 quacumque

178 2725 242 2762 die
270 2725 390 2778 justus
420 2743 441 2765 a
470 2728 614 2780 justitia
643 2743 712 2767 sua.
740 2741 943 2766 conversus
973 2729 1107 2775 fuerit,
1138 2728 1170 2763 &
1203 2729 1300 2765 fece-

179 2779 229 2815 rit
258 2781 493 2832 iniquitatem
512 2812 522 2829 ,
553 2796 630 2820 esse
657 2796 785 2820 omnes
816 2781 974 2831 justitias
1003 2779 1108 2818 illius
1137 2781 1300 2819 oblivio-

179 2843 230 2867 ne
258 2832 432 2872 delendas
461 2834 590 2886 (Vid.
611 2850 696 2888 sup.
714 2850 750 2874 n.
776 2834 862 2887 169⁵.
884 2832 930 2883 )?
972 2834 1173 2887 Quomodo
1210 2848 1300 2872 cum

180 2885 359 2935 Apostolo
386 2889 556 2927 dicente:
600 2889 728 2941 Iniqui
758 2902 927 2941 regnum
957 2887 1034 2925 Dei
1070 2901 1150 2925 non
1178 2891 1299 2938 possi-

180 2935 321 2974 debunt
343 2942 358 2988 (
379 2954 414 2977 n.
441 2955 527 2995 ¹79·
550 2944 564 2991 )
595 2944 681 2983 ἕνα.
698 2942 724 2980 ?
751 2942 954 2990 Quomodo
981 2955 1070 2980 cuin
1093 2943 1136 2979 iis
1156 2942 1197 2980 S.
1219 2944 1297 2979 Au-

179 2992 319 3047 gustini
348 2993 492 3041 verbis,
521 2996 663 3048 quibus
691 2995 884 3044 declarat,
914 2995 962 3033 ad
991 2995 1298 3033 inscrutabiliora

178 3043 253 3082 Dei
282 3044 428 3095 judicia
456 3052 669 3098 pertinere,
711 3050 814 3103 quod
856 3063 876 3086 e
912 3049 1062 3086 duobus
1090 3048 1196 3100 justis
1226 3050 1296 3087 uni

176 3098 459 3148 perseverantia
479 3100 635 3140 donetur
651 3133 662 3152 ‚
690 3103 786 3141 alter
804 3112 932 3141 autem
952 3102 1083 3150 cadat,
1114 3101 1148 3137 8<
1168 3111 1296 3154 pereat

178 3153 195 3201 (
217 3163 254 3187 11.
277 3150 365 3188 180.
384 3149 428 3197 )?
626 3168 629 3170 ·

237 3204 324 3243 185·
355 3203 576 3243 Doctrinam
594 3236 605 3253 ,
634 3223 749 3259 quam
769 3209 946 3248 hactenus
966 3209 1073 3248 omni
1094 3222 1295 3261 argumen-

176 3263 302 3295 torum
332 3271 469 3309 genere
497 3258 749 3300 stabilivimus
768 3293 779 3311 ‚
806 3265 947 3316 saepins
975 3262 1142 3302 inculcat
1161 3262 1294 3302 Sacro.

230 3398 278 3432 (α)
303 3392 421 3427 Estius
448 3393 555 3427 verba
581 3393 687 3427 allata
712 3406 752 3427 ex
779 3407 809 3428 c.
833 3398 928 3430 Vlll.
965 3400 1101 3432 Cautio.
1129 3399 1296 3442 intelligit

181 3437 221 3474 de
246 3451 285 3474 ea
310 3439 520 3481 dilectione,
545 3452 615 3485 qua
639 3439 802 3476 Christus
828 3443 1048 3488 Ecclesiam,
1082 3448 1113 3478 &
1139 3445 1297 3479 Ecclesia

802 195 882 241 DE
917 194 1179 241 GRATIA.
1213 195 1330 238 P.11.
1362 193 1631 237 DISSERT.
1654 195 1710 238 ΙΙ.
1742 196 1869 240 CAP.
1894 197 1950 240 V.

1398 282 1526 310 sancta
1556 273 1732 312 Trident.
1761 276 1963 327 Synodus,
1995 274 2190 327 praeci-pue
2210 271 2309 312 Sess.
2333 274 2400 314 VI.
2430 290 2516 331 cap.

1405 329 1465 364 15.
1498 326 1554 363 his
1584 328 1726 364 verbis:
1757 356 1782 375 ,‚
1813 329 2002 366 Adversus
2034 328 2229 365 hominum
2260 331 2515 379 quorumdam

1398 408 1426 428 „
1456 379 1595 417 callida
1624 379 1777 430 ingenia
1795 410 1804 427 ,
1834 383 1901 432 qui
1923 396 1988 432 per
2008 381 2136 419 dulces
2152 395 2340 419 sormones
2357 412 2368 431 ,
2398 383 2430 418 8<
2454 385 2519 421 be·

1455 433 1684 469 nedictiones
1705 433 1884 470 seducunt
1905 435 2017 471 corda
2038 435 2294 473 innocentium
2313 466 2322 484 ,
2353 450 2516 475 asseret}-

1453 486 1544 523 dun'i
1568 494 1639 531 est,
1671 498 1742 523 uon
1766 487 1874 522 nio-lo
1895 486 2166 526 infidelitate...
2196 489 2258 526 sed
2287 490 2402 526 etiam
2423 503 2518 542 quo-

1452 552 1620 590 cumque
1649 537 1725 575 alio
1756 538 1904 575 mortali
1936 551 2144 590 peccato.‚.
2175 551 2373 594 acceptam
2406 543 2514 594 justi-

1453 592 1639 629 ficationis
1667 593 1828 642 gratiam
1857 593 2004 628 amitti:
2033 594 2082 632 (9¹
2114 594 2216 632 Can.
2249 596 2313 634 25.
2357 596 2398 634 Si
2429 599 2515 650 quis

1454 644 1646 682 hominem
1677 643 1793 682 semel
1816 642 2064 695 justificatum
2083 647 2219 686 dixerit
2239 647 2408 701 amplius
2428 666 2514 702 pee-

1451 712 1538 736 care
1568 712 1642 735 uon
1673 711 1804 750 posse,
1837 711 1957 748 neque
1985 698 2147 748 gratiam
2177 702 2369 749 amittere3
2399 715 2513 755 atque

1396 781 1420 799 „
1452 753 1534 789 ideo
1563 766 1680 798 eum,
1723 751 1791 802 qui
1822 749 1991 797 labitur,
2035 750 2068 785 81
2106 762 2259 803 peccat,
2299 769 2514 810 numquam

1397 834 1423 853 „
1455 819 1541 843 vere
1573 806 1688 842 ,fuisse
1717 803 1966 855 justificatum
1992 829 2032 840 0..
2062 803 2264 842 anathema
2291 810 2337 845 sit
2353 809 2374 824 '’
2393 837 2403 848 .

1455 857 1542 896 186.
1572 857 1664 910 Obj.
1696 860 1820 909 primo
1837 884 1847 895 .
1880 857 1987 894 Cant.
2012 856 2114 894 V111.
2135 856 2174 895 6.
2192 887 2203 905 ,
2233 858 2266 893 δ(
2289 872 2326 909 7.
2353 862 2512 901 dicitur:

1395 911 1522 949 Fortes
1551 921 1608 949 est
1625 941 1635 960 ,
1666 922 1704 948 ut
1722 924 1828 948 mors
1858 909 2033 948 dilectio:
2063 911 2112 950 Θ
2137 924 2255 962 aquoe
2276 913 2412 951 multoe
2431 929 2511 954 non

1394 975 1599 1017 potuerunt
1628 969 1860 1016 extinguere
1889 962 2156 1012 charitatem,
2194 965 2335 1015 quibus
2363 970 2513 1017 gemina

1392 1019 1504 1057 habet
1537 1019 1734 1071 Apostolus
1767 1019 1895 1055 diceus
1929 1016 2036 1054 Rom.
2068 1017 2174 1055 Vlll.
2198 1018 2286 1056 55.;
2336 1016 2411 1069 Qui
2440 1035 2513 1060 nos

1390 1072 1591 1122 separabit
1620 1086 1647 1110 a
1673 1071 1870 1110 charitate
1895 1068 2075 1108 Christi?
2103 1071 2202 1118 Quae
2231 1073 2359 1110 omnia
2389 1073 2514 1113 divin.

1391 1129 1668 1178 scripturarum
1697 1125 1855 1163 oracula
1884 1127 1998 1162 etiam
2029 1139 2051 1162 a
2079 1124 2208 1163 Sanct.
2231 1125 2439 1177 Augustino
2469 1141 2514 1166 eo

1390 1194 1500 1218 sensu
1523 1180 1710 1217 intellecta
1732 1180 1863 1226 fuere,
1895 1188 1933 1215 ut
1953 1177 2116 1216 charitas
2145 1192 2358 1231 numquam
2389 1183 2512 1221 amitti

1390 1235 1525 1285 possit.
1557 1263 1583 1281 „
1604 1232 1914 1282 Magnificentius
1931 1262 1941 1279 ,
1962 1235 2107 1282 inquit,
2127 1235 2167 1268 in
2191 1230 2342 1270 Psalm,
2363 1233 2510 1274 CXXI.

1389 1316 1415 1335 „
1446 1288 1610 1337 exprimi
1641 1298 1715 1323 nou
1750 1287 1858 1323 ›otuit
1879 1285 2059 1321 fortitudo
2079 1284 2271 1323 charitatis
2289 1315 2298 1333 ‚
2329 1301 2445 1338 quam
2472 1298 2511 1327 ut

1388 1369 1414 1388 2,
1443 1341 1606 1377 diceret:
1650 1301 1777 1376 valida
1806 1346 1885 1385 est,
1915 1346 1954 1375 ut
1984 1351 2104 1385 mors,
2134 1337 2316 1384 dilectio;
2359 1342 2444 1392 quis
2473 1356 2510 1379 e-

1387 1422 1413 1440 „
1444 1395 1525 1429 nim
1556 1394 1690 1430 resistit
1719 1389 1863 1429 morti?
1885 1416 1942 1428 ....
1984 1389 2092 1427 Nihil
2123 1390 2192 1428 illa
2223 1392 2381 1439 fortius,
2425 1408 2510 1446 pro-

1387 1474 1413 1493 „
1447 1456 1571 1497 pterea
1593 1446 1741 1483 viribus
1763 1443 1844 1494 ejus
1865 1443 2029 1481 charitas
2049 1453 2265 1494 comparata
2287 1454 2338 1481 est
2357 1446 2402 1483 ’'.
2435 1448 2510 1485 Ad-

1383 1499 1422 1536 di
1455 1508 1635 1550 possunt,
1666 1512 1753 1550 quae
1777 1497 1965 1535 habentur
1992 1510 2024 1534 1.
2045 1496 2191 1534 Corint.
2210 1497 2314 1534 thl.
2333 1497 2370 1535 8.
2406 1499 2509 1538 Ciza-

1383 1555 1483 1589 rims
1513 1565 1737 1604 numqucwz
1767 1550 1946 1594 excidit;
1976 1549 2009 1586 ἀ
2039 1564 2127 1602 quae
2157 1549 2442 1590 dixitChristus
2473 1555 2505 1591 i-

1383 1620 1448 1657 pse
1478 1605 1620 1644 J0.1V.
1643 1606 1701 1644 15.
1737 1605 1813 1655 Qui
1842 1603 1974 1642 biberit
2004 1616 2058 1641 ex
2087 1617 2218 1654 aqua,
2248 1618 2370 1656 quam
2402 1605 2504 1645 <tabo

1383 1663 1439 1706 ei,
1471 1672 1550 1696 non
1579 1662 1681 1696 sitiet
1709 1662 1749 1695 in
1770 1665 1968 1694 aeternum
1985 1671 2000 1700 ,-
2031 1656 2097 1694 ubi
2119 1659 2273 1695 nomine
2293 1673 2404 1709 aquae
2426 1675 2507 1698 cer·

1383 1720 1464 1748 tuin
1495 1722 1546 1749 est
1576 1710 1740 1762 intelligi
1761 1710 1984 1748 charitatem
2003 1739 2013 1755 ,
2044 1709 2077 1745 8(
2098 1712 2260 1760 gratiam
2282 1736 2292 1749 .
2325 1711 2423 1749 Hinc
2444 1726 2507 1751 co-

1381 1763 1568 1803 haerenter
1601 1763 1799 1817 Apostolus
1830 1763 1939 1802 Rom.
1963 1762 2065 1800 Vlll.
2086 1763 2150 1802 50.
2191 1765 2343 1815 iuquit:
2395 1766 2504 1816 Quos

1374 1817 1610 1870 justificavit
1627 1848 1638 1866 ,
1668 1817 1736 1855 7205
1764 1817 1813 1858 ὠ
1841 1816 2077 1869 glorificavit
2095 1831 2112 1860 ;
2141 1818 2231 1869 quia
2263 1819 2433 1869 primurn
2454 1821 2504 1859 si-

1379 1884 1428 1908 ne
1457 1871 1573 1909 altero
1602 1885 1678 1909 esse
1708 1871 1864 1923 nequit.

1440 1925 1526 1976 187.
1550 1925 1689 1976 Ἡρη»,
1719 1927 1845 1976 priora
1874 1924 2088 1962 testimonia
2117 1936 2162 1960 ex
2183 1923 2376 1972 Canticis,
2405 1926 2505 1965 sicut

1380 1979 1493 2016 etiam
1524 1979 1640 2016 verba
1671 1977 1839 2029 Apostoli
1876 1978 1923 2016 ad
1954 1976 2117 2015 Roman.
2150 1976 2250 2014 Vlll.
2296 1992 2370 2016 una
2410 1994 2500 2018 cum

1380 2031 1635 2083 explicatione
1655 2031 1696 2069 S.
1717 2031 1920 2083 Augustini
1941 2040 2087 2069 tantum
2111 2032 2289 2078 inuuere,
2322 2046 2503 2084 magnam

1379 2099 1456 2122 esse
1487 2087 1566 2124 vim
1594 2085 1787 2136 charitatis
1829 2086 1877 2123 ad
1919 2084 2149 2137 superandas
2181 2085 2423 2134 tentationes,
2468 2087 2504 2124 δε

1377 2137 1476 2177 nihil
1505 2153 1607 2187 esse,
1637 2139 1739 2190 quod
1769 2137 1911 2189 justum
1941 2153 1963 2175 a
1992 2137 2175 2175 charitate
2206 2137 2327 2175 valeat
2342 2153 2500 2190 supera-

1378 2205 1444 2240 re,
1477 2194 1549 2230 nisi
1579 2195 1658 2245 ipse
1687 2205 1754 2229 sua
1784 2190 1884 2228 mala
1913 2190 2130 2237 voluntate,
2160 2190 2198 2226 in
2218 2201 2371 2241 peccata
2387 2206 2500 2232 ruen-

1378 2245 1426 2283 do
1443 2276 1453 2293 ,
1483 2260 1568 2284 eam
1597 2246 1770 2284 amittere
1800 2244 1988 2289 voluerit3
2019 2244 2118 2281 unde
2139 2243 2179 2280 S.
2200 2242 2342 2281 Paulus
2369 2247 2499 2285 1.Cor.

1378 2298 1477 2338 Xlll.
1499 2301 1564 2349 4.,
1594 2300 1627 2336 8(
1658 2313 1736 2350 seq.
1771 2296 1978 2345 Charitas,
2008 2297 2162 2350 inquit,
2191 2303 2349 2348 patiens
2378 2308 2436 2336 est
2458 2326 2500 2339 0..

1378 2357 1518 2391 omnia
1546 2351 1689 2402 suffert·
1778 2356 1917 2390 omnm
1946 2355 2112 2389 sustinet
2129 2376 2140 2388 .

1435 2407 1523 2446 188.
1556 2406 1712 2445 Possunt
1742 2407 1857 2444 etiam
1889 2409 1904 2457 (
1933 2418 2023 2443 cum
2045 2405 2149 2443 Estio
2170 2405 2208 2442 in
2230 2403 2288 2443 lll.
2311 2403 2408 2444 Dist.
2432 2407 2499 2448 52.

1375 2459 1414 2514 ᾗ.
1438 2461 1510 2510 2.)
1543 2459 1763 2513 hujusmodi
1792 2459 1948 2498 oracula
1975 2459 2022 2496 de
2051 2458 2329 2511 praedestinatis
2358 2460 2499 2499 intelli-

1373 2517 1440 2567 gi,
1477 2516 1545 2568 qui
1575 2516 1707 2566 utique
1738 2515 1778 2552 in
1808 2527 1915 2552 sensu
1946 2516 2155 2564 composito
2183 2525 2271 2550 cum
2304 2514 2498 2563 praedesti-

1373 2571 1520 2607 natione
1549 2577 1741 2621 nequeunt
1779 2569 1818 2605 in
1848 2567 1925 2605 fine
1955 2566 2043 2603 vitae
2072 2581 2095 2603 a
2124 2564 2306 2603 charitate
2337 2566 2409 2605 Dei
2439 2582 2497 2606 se-

1372 2625 1500 2674 parari
1520 2649 1530 2660 .
1560 2623 1669 2660 Certe
1689 2621 1786 2659 illud
1803 2617 1995 2671 Apostoli:
2030 2617 2136 2668 Quos
2148 2618 2387 2670 justificavit
2407 2621 2495 2660 ὠς.

1369 2677 1416 2713 de
1447 2676 1721 2727 praedestinatis
1751 2674 1875 2724 accipi
1904 2671 2036 2719 debet,
2067 2683 2161 2723 quos
2183 2671 2286 2710 Deus
2316 2676 2494 2723 vocavit,

1369 2728 1614 2781 justificavit,
1645 2729 1678 2764 δι
1700 2725 1955 2779 glorificavit3
1985 2737 2220 2776 quamquam
2244 2725 2329 2762 fieri
2352 2736 2492 2777 potest,

1371 2793 1409 2820 ut
1440 2784 1554 2821 etiam
1588 2781 1840 2835 praedestinati
1870 2776 2278 2829 aliquandoajustitia
2294 2781 2494 2827 excidant3

1369 2837 1418 2874 ad
1445 2850 1563 2888 quam
1594 2845 1719 2874 tamen
1749 2841 1832 2870 ante
1863 2840 2021 2885 mortem
2038 2830 2110 2870 Dei
2139 2833 2403 2871 misericordia
2432 2835 2494 2873 in-

1369 2890 1554 2928 fabilliter
1583 2896 1805 2927 revocantur
1835 2885 1921 2935 (ιι).

1427 2943 1514 2996 189.
1531 2942 1696 2990 Quando
1711 2951 1800 2978 vero
1815 2937 2015 2990 Apostolus
2034 2938 2150 2976 dicit:
2175 2939 2361 2978 Charitas
2374 2954 2491 2978 num-

1366 3010 1490 3049 quam
1519 2994 1694 3041 excidit,
1723 3005 1848 3030 sensus
1878 3001 1956 3039 est,
1986 2991 2211 3031 charitatem
2240 3008 2313 3033 non
2344 3007 2419 3031 esse
2448 2995 2488 3030 in

1365 3050 1486 3088 altera
1514 3050 1591 3087 vita
1620 3045 1912 3090 destruendam3
1950 3052 2039 3083 cum‘
2069 3046 2213 3085 scilicet
2244 3046 2453 3099 prophetia:
2473 3076 2485 3094 ,

1363 3103 1398 3139 8<
1427 3102 1504 3141 alia
1532 3100 1647 3151 hujus
1678 3101 1765 3138 vitae
1789 3099 1884 3136 dona
1904 3100 2129 3146 cessabunt3
2162 3101 2258 3138 unde
2288 3101 2488 3150 prosequi-

1365 3164 1449 3193 tur:
1481 3185 1506 3203 „
1527 3153 1616 3192 Sive
1645 3151 1855 3205 prophetiae
1884 3154 2199 3200 evacuabuntur,
2229 3153 2309 3190 sive
2338 3150 2484 3204 linguae

1379 3239 1389 3258 ,
1418 3208 1644 3253 cessabunt,
1674 3207 1751 3244 sive
1781 3206 1937 3244 scientia
1967 3208 2176 3245 destruetur
2191 3204 2240 3242 ''.

1422 3275 1510 3315 ¹90·
1540 3261 1709 3299 Demum
1740 3259 1841 3310 quod
1871 3273 1913 3296 ex
1930 3259 2140 3312 Evangelio
2167 3256 2207 3295 S.
2237 3257 2394 3348 Joannils
2423 3257 2480 3297 al-

2382 3327 2422 3349 a·

1397 462 1423 481 :³

1397 515 1423 533 >³

1396 568 1423 586 2)

1397 621 1422 640 θ’

1396 675 1422 693 ’2

1396 726 1420 746 >³

1362 3239 1374 3258 2

1364 3396 1520 3430 vicissim
1546 3396 1716 3439 Sponsum
1743 3407 1845 3430 suum
1869 3395 2007 3440 diligit-;
2044 3404 2121 3439 quae
2149 3402 2239 3429 certe
2265 3392 2407 3429 dilectio
2429 3394 2484 3428 iu-

1363 3443 1538 3479 violabilis
1563 3449 1638 3475 est.
