2570 3745
243 178 330 218 '152

236 251 370 304 pulum
397 244 653 286 'israeliticum
683 257 820 286 constet
851 248 1016 286 electum
1034 278 1044 296 ,
1085 260 1291 298 omnesque

235 305 323 342 atiae
353 304 518 340 nationes
547 303 628 339 vias
656 314 740 339 suas
768 298 936 354 ingredi,
981 301 1051 340 hoc
1079 310 1130 339 est
1159 314 1291 338 secun-

233 358 324 394 dum
354 357 549 408 propriam
578 355 705 393 vivere
722 356 915 406 permissae
931 363 1013 393 sunt
1030 354 1260 392 voluntatem
1279 381 1289 399 ,

233 422 303 448 non
333 409 383 447 ita
412 423 450 447 se
478 418 604 447 tamen
635 418 776 446 aeterna
788 409 975 446 creatoris
1003 408 1150 445 bonitas
1179 407 1225 443 ab
1246 405 1291 442 il-

227 463 279 501 lis
309 462 528 501 hominibus
557 464 717 510 avertit,
761 470 798 498 ut
829 474 888 498 eos
918 461 964 498 ad
995 460 1290 510 cognoscendum

232 530 297 565 se,
326 524 438 568 atque
467 516 711 554 metuendum
740 514 858 552 nullis
873 512 1210 564 significationibus
1226 511 1291 548 ad-

232 578 421 608 moueret.
463 569 616 607 Coelum
646 570 815 621 quippe,
859 579 902 604 ac
934 575 1056 611 terra,
1094 564 1128 600 ἃ
1159 576 1289 611 mare,

222 625 428 675 omnisque
457 632 652 669 creatura,
682 635 769 673 quae
801 620 942 664 videri,
972 617 1005 652 ὃς
1028 616 1189 668 int-elligi
1209 625 1289 667 pot-

226 686 307 724 est,
337 678 383 714 ad
414 676 510 714 hanc
541 677 735 727 praecipue
765 672 941 723 disposita
970 679 1021 707 est
1050 669 1205 707 humani
1226 684 1290 721 ge·

230 731 331 768 neris
361 729 560 770 utilitatem
578 758 588 775 ,
621 737 658 764 ut
687 734 819 763 natura
848 722 1040 760 rationalis
1061 723 1289 761 decentem-

172 810 200 830 „
232 782 394 834 piatione
417 791 471 820 'tot
499 781 711 833 specierum
740 801 794 815 ....
842 777 889 813 ad
917 775 1063 813 cultum
1082 806 1092 823 ,
1122 776 1156 812 St
1194 776 1290 814 dile-

229 837 392 873 ctionem
420 836 476 873 sui
499 834 732 872 imbueretur
747 829 939 869 auctoris,
987 828 1123 878 Quam
1146 833 1186 866 ἰη
1203 842 1290 868 rem

173 917 200 937 ‚‚
230 889 381 941 allegat
409 892 532 925 etiam
552 884 667 923 Verba,
687 883 727 921 S.
745 882 858 920 Paula·
874 881 963 920 Act.
978 880 1091 920 XIV.
1114 882 1174 921 16.
1204 882 1288 922 Non

170 970 197 990 ,‚
224 942 308 980 sine
336 940 546 979 testimonio
578 937 747 989 (Deus)
777 938 945 987 scipsum
965 936 1143 988 reliquit,
1172 937 1287 974 hene·

226 995 368 1032 faciens
395 994 441 1030 de
469 991 591 1039 coeIO,
620 991 712 1028 dans
741 989 912 1042 pluvias,
942 988 975 1025 ἃ
1004 998 1176 1041 tempora
1207 990 1287 1028 fru-

225 1048 384 1094 misera,
427 1045 590 1098 implens
618 1043 733 1091 cibo,
763 1042 798 1078 &
826 1041 961 1080 laetitia
991 1043 1104 1081 corda
1134 1052 1258 1082 nostra
1277 1069 1288 1082 .

167 1129 194 1148 ,‚
226 1099 283 1136 Ac
312 1100 475 1138 demum
504 1103 562 1136 ita
590 1095 812 1135 concludit.
850 1096 962 1145 Quod
993 1109 1078 1147 crgo
1106 1097 1145 1134 in
1170 1096 1289 1136 ‘Israel

167 1181 194 1201 „
225 1166 292 1205 per
312 1153 614 1192 constitutionem
632 1150 745 1203 legis,
763 1149 796 1187 ὃς
815 1149 1034 1202 prophetica
1054 1148 1205 1202 eloquia
1226 1164 1289 1201 ge>-

222 1206 400 1255 -rebatur,
430 1206 501 1244 hoc
532 1207 572 1243 in
602 1205 787 1244 universis
816 1205 1033 1242 nationibus
1053 1204 1163 1242 totins
1183 1217 1288 1242 crea-

167 1289 194 1308 „
225 1269 319 1299 turae
351 1260 588 1307 testimonia,
618 1258 653 1295 8t
680 1257 858 1296 bonitatis
877 1257 951 1295 Dei
981 1258 1170 1295 miracula
1190 1271 1288 1296 sem-

169 1342 195 1361 „
226 1327 293 1365 per
322 1322 479 1366 egerunt
494 1314 515 1329 ’'
533 1340 543 1352 .
572 1311 634 1351 En
664 1310 788 1365 qualis
817 1311 863 1348 sit
891 1310 960 1349 illa
987 1311 1174 1360 generalis
1203 1325 1288 1362 gm-

168 1368 247 1414 tia,
277 1382 393 1419 qnam
417 1367 625 1419 praeclarus
655 1365 720 1404 ille
750 1364 907 1417 scriptor
937 1364 1122 1405 universis
1143 1364 1286 1415 imper-

166 1421 275 1457 titam
307 1420 522 1459 nationibus
553 1417 814 1472 praedicabat„
1064 1426 1067 1429 '

221 1473 314 1525 589.
344 1474 487 1512 Veram
515 1482 642 1511 antem
665 1471 811 1510 Christi
852 1472 1044 1520 gratiam,
1086 1470 1167 1506 sine
1210 1483 1287 1521 qna

163 1525 262 1563 nihil
291 1527 338 1564 ad
366 1527 527 1564 salutem
558 1533 713 1578 prosunt
740 1523 929 1562 beneficia
958 1523 1032 1560 Dei
1065 1523 1284 1571 exteriora,

166 1591 239 1616 non
268 1580 448 1618 omnibus
469 1580 573 1627 dari,
603 1590 774 1630 expresse
794 1576 995 1615 confitetur
1016 1575 1189 1614 laudatus
1208 1576 1286 1613 Au-

165 1641 243 1670 ctor
261 1663 271 1680 ‚
314 1642 426 1686 atque
455 1632 571 1684 hujus
600 1633 655 1670 rei
681 1643 760 1669 -non
789 1630 909 1668 aliam
946 1629 1053 1668 reddi
1089 1643 1197 1681 posse
1222 1642 1284 1666 *ra-

163 1687 306 1724 tionem
337 1687 456 1734 dicit,
485 1700 603 1738 quam
624 1685 840 1723 divinorum
861 1683 1106 1722 consiliorum
1136 1684 1283 1720 incom-

162 1739 467 1790 prehensibilem
497 1738 812 1790 profunditatem.
843 1766 869 1783 „
900 1736 1136 1773 profunditas
1166 1734 1282 1785 hujus

166 1821 193 1840 „
223 1794 465 1844 quaestionis,
497 1795 552 1828 ait
573 1789 660 1828 Lib.
676 1789 709 1827 Ι.
739 1802 774 1827 e.
797 1790 883 1836 25„
914 1801 982 1836 cur
1011 1787 1100 1826 huic
1129 1789 1282 1838 potius,

164 1874 193 1894 ,‚
222 1859 340 1897 quam
370 1845 427 1883 illi
459 1846 618 1882 donetur
646 1844 767 1894 gratia
785 1872 796 1890 ,
832 1855 950 1894 quam
979 1841 1189 1879 secundnm
1219 1841 1284 1878 ad-

165 1927 192 1947 „
223 1900 463 1937 mirationem
487 1896 657 1950 Apostoli
678 1893 1010 1948 impenetrabilem
1031 1893 1258 1932 confitemur
1274 1923 1285 1942 ,

167 1981 194 2000 ,‚
223 1966 294 2004 per
323 1951 437 1990 liberi
466 1951 617 1990 arbitrii
647 1949 770 1997 velle,
800 1949 834 1985 8<
863 1947 966 1986 nolle
986 1961 1056 1985 non
1077 1946 1231 1985 solvitur
1249 1947 1285 1986 ’'-

164 2005 268 2052 Quae
297 2019 419 2057 pauca
447 2004 565 2042 verba
591 2002 705 2055 plane
734 2000 927 2040 sufficiunt
965 2001 1013 2039 ad
1043 2000 1198 2038 illorum
1231 2013 1288 2038 re-

166 2058 377 2096 fellendam
405 2058 655 2110 opinionem,
694 2056 766 2107 qui
808 2055 987 2092 omnibus
1023 2055 1183 2105 gratiam
1214 2053 1287 2092 Dei

165 2110 368 2163 aequaliter
396 2112 522 2148 adesse
552 2109 789 2154 existimant,
819 2115 936 2144 totum
957 2115 1084 2144 autem
1106 2107 1200 2144 inter
1222 2106 1288 2145 ho-

163 2166 287 2204 mines
317 2165 524 2203 discrimen
553 2177 575 2202 a
603 2161 805 2204 voluntatis
825 2173 1032 2209 consensu,
1063 2159 1125 2201 vel
1144 2160 1287 2200 dissen-

160 2232 206 2256 su
237 2226 429 2271 repetunt.

220 2272 312 2324 ¹590.
343 2271 435 2323 Obj.
464 2279 580 2310 :sexto
610 2269 873 2310 auctoritatem
900 2268 1013 2307 'Pauli
1037 2268 1190 2316 Orosii,
1219 2269 1288 2321 qui

163 2339 265 2364 unus
301 2325 373 2363 fnit
396 2338 446 2362 ‘ex
472 2326 610 2376 >primis
650 2324 805 2361 haeresis
835 2322 1052 2375 Pelagianae
1085 2323 1289 2374 impugna-

162 2379 313 2417 toribus
344 2380 359 2429 (
380 2377 470 2415 Vid.
488 2377 589 2416 Diss.
610 2378 641 2416 1.
663 2392 700 2415 n.
719 2376 783 2415 26.
803 2378 842 2414 in
864 2386 941 2415 not.
957 2390 984 2413 cz
1001 2377 1015 2426 )
1034 2402 1044 2414 .
1076 2376 1149 2414 Hic
1178 2376 1218 2413 in
1239 2377 1289 2413 A·

163 2432 331 2484 po'ioget.
359 2440 487 2469 contra
504 2430 729 2482 Pelagium:
760 2459 788 2478 „
810 2429 901 2467 Mea
918 2460 929 2479 ,
958 2433 1109 2482 inquit,
1139 2442 1289 2481 semper

220 2485 308 2523 -haee
328 2493 380 2522 est
395 2483 519 2523 fidelis
535 2515 546 2533 ,
575 2492 692 2537 atque
705 2483 920 2522 indubitata
934 2485 1139 2532 sententia,
1159 2482 1288 2520 Deum

222 2537 456 2590 adjutorium
486 2551 597 2577 suum
615 2567 626 2586 ,
669 2550 743 2575 non
772 2535 894 2574 solum
931 2538 968 2575 in
1008 2550 1165 2589 corpore
1193 2549 1286 2585 suo,

222 2592 322 2643 quod
353 2600 405 2630 est
434 2591 608 2630 Ecclesia
630 2621 641 2639 ,
667 2591 734 2628 cui
763 2590 942 2640 specialia
970 2591 1020 2628 ob
1050 2590 1288 2629 credentium

222 2646 338 2683 fidem
366 2645 497 2696 gratiae
527 2658 606 2683 suae
643 2644 743 2682 dona
777 2641 964 2693 largitur,
1007 2657 1142 2683 verum
1172 2644 1289 2681 etiam

165 2727 193 2746 „
223 2699 409 2737 universis
435 2700 477 2736 in
508 2697 579 2736 hoc
609 2697 751 2736 mundo
778 2695 981 2748 gentibus,
1021 2706 1175 2748 propter
1204 2696 1286 2736 lon·-

160 2780 193 2799 3,
218 2753 411 2801 ganimem
440 2753 496 2790 sui
514 2782 525 2800 ,
570 2760 828 2801 aeternamque
864 2748 1108 2787 clementiam
1137 2749 1285 2787 submi-

164 2832 195 2852 „
222 2805 379 2842 nistrare
400 2831 456 2844 ....
499 2805 533 2841 8(
560 2805 763 2858 speciatim
791 2803 960 2856 quotidie
991 2816 1058 2854 per
1086 2809 1284 2854 tempora,

162 2884 195 2905 3,
225 2870 292 2908 per
319 2858 424 2907 dies,
466 2871 534 2910 per
563 2865 785 2906 momenta,
833 2869 900 2907 per
929 2864 1096 2905 atomos,
1126 2855 1160 2892 8<
1189 2870 1284 2895 cun*

162 2938 194 2958 „
223 2911 313 2957 ctis,
341 2910 375 2946 8(
404 2911 561 2963 singulis
590 2912 809 2951 ministrare
824 2910 868 2949 ’'-

221 2962 314 3014 391.
344 2963 454 3015 Hesp.
482 2966 661 3004 Orosinm
678 2995 688 3014 ‚
719 2978 793 3004 non
812 2978 918 3003 secus
937 2977 982 3003 ac
1006 2971 1199 3002 auctorem
1217 2962 1284 3001 Li-

159 3013 268 3054 -bron
298 3014 346 3053 cle
365 3014 506 3056 Vocat.
529 3018 719 3057 Gentium
736 3049 747 3067 ,
777 3019 935 3056 nomine
963 3019 1096 3069 gratiae
1127 3019 1281 3055 univer—-

163 3069 254 3108 salis
278 3081 360 3107 ‘non
389 3070 615 3109 intellexisse
638 3071 826 3125 specialia
845 3071 915 3110 il‘la
934 3071 1054 3120 dona,
1083 3084 1171 3123 quae
1198 3084 1281 3108 cre-

165 3123 338 3161 dentium
368 3123 522 3174 propria
547 3133 658 3173 sunt,
690 3125 723 3161 &
751 3125 821 3163 soli
850 3125 1037 3164 Ecclesiae
1068 3125 1279 3163 concedun-

165 3185 254 3223 tur,
297 3174 332 3210 &
360 3188 448 3226 quae
478 3178 630 3227 proprie
658 3178 704 3214 ad
734 3180 894 3230 gratiam
924 3178 1129 3217 salvatoris
1164 3179 1279 3229 perti·

164 3238 279 3277 nent,
309 3228 371 3266 sed
394 3230 622 3266 *communia
650 3233 826 3281 quaedam
856 3232 952 3270 dona
980 3232 1081 3280 Dei,
1120 3230 1281 3283 quisa-

164 3285 217 3320 cit
246 3282 370 3319 solem
398 3294 511 3318 suum
540 3285 634 3318 oriri
661 3295 773 3332 super
801 3284 918 3323 bonos
936 3315 947 3333 ,
975 3286 1171 3326 &malos
1188 3314 1198 3332 ‚
1228 3285 1278 3324 (θ’

166 3334 236 3372 dat
263 3335 436 3385 pluriam
464 3347 581 3385 super
604 3336 753 3386 justos,
782 3338 829 3375 ἔθ’
859 3340 1055 3388 injustos5
1086 3338 1144 3376 his
1173 3339 1279 3376 enim

160 3388 352 3442 exemplis
366 3389 521 3428 Orosius
544 3387 693 3428 ibidem
722 3389 838 3429 utitur
855 3415 866 3429 .
895 3391 943 3429 Et
970 3401 1070 3431 certe
1097 3393 1182 3444 quis
1197 3404 1279 3430 cre-

179 282 206 301 Ἰ)

177 335 205 354 3)

174 387 203 406 -n

175 437 203 458 δ’)

175 491 202 511 52

174 545 202 565 5,

176 597 204 619 55

175 651 202 671 ’2

172 704 201 724 5,

174 756 201 776 5)

171 863 199 883 2)

171 1023 198 1043 9)

169 1076 195 1096 25

168 1234 195 1255 ³5

165 2515 193 2535 23

164 2568 193 2588 3>

164 2622 192 2642 29

165 2675 192 2694 22

753 165 839 212 DE
871 165 1109 213 ‘GRATIA
1144 167 1190 211 P.
1214 167 1245 210 Ι.
1277 163 1543 210 DisSERT.
1567 167 1621 209 V.
1655 167 1783 212 CAP.
1807 167 1908 214 VH.

1359 244 1449 292 dat,
1481 243 1644 283 voluisse
1674 245 1775 286 hunc
1793 249 2055 302 scriptorem,
2087 248 2164 286 veri
2197 248 2365 288 nominis
2393 264 2476 302 gra-

1359 299 1451 334 tiam
1469 325 1479 344 ,
1509 311 1574 334 seu
1604 299 1887 350 inspirationem
1916 312 2053 341 sanctae
2084 302 2324 350 dilectionis,
2354 308 2477 352 quoti-

1358 349 1477 398 tidie,
1507 362 1575 401 per
1589 359 1797 402 tempora,
1823 355 2021 405 per-dies,
2050 366 2118 406 pet·
2140 365 2348 393 momean
2366 385 2376 402 ,
2406 367 2476 406 per

1359 411 1540 450 atomos,
1561 402 1610 442 (9¹
1631 410 1779 444 cunctis
1796 438 1805 454 ‚
1826 409 1874 449 (9¹
1890 410 2053 461 singulis
2075 408 2334 447 ministrari?
2362 408 2476 456 Quod

1358 469 1428 494 nec
1459 455 1636 494 liberales
1667 457 1723 495 illi
1752 459 1971 499 divinornm
2012 462 2243 501 auxiliorum
2278 462 2474 513 dispensa-

1359 516 1455 546 tores
1485 522 1648 547 asserere
1677 511 1843 551 audent.

1413 562 1504 613 592.
1535 561 1628 612 Ob).
1657 566 1822 614 septimo
1866 566 1979 618 plura
2007 567 2137 607 Sancti
2170 567 2335 606 Thomae
2375 569 2476 606 testi-

1359 617 1485 653 monia
1503 641 1513 653 .
1545 614 1680 653 Primo
1709 619 1812 655 enim
1843 619 1949 656 Lect.
1966 621 1996 658 Ι.
2024 622 2062 660 in
2091 637 2176 674 cap.
2196 624 2223 659 Ῐ.
2255 623 2363 673 epist.
2395 622 2475 672 pri-

1358 681 1433 705 mae
1457 668 1503 706 ad
1519 668 1733 707 Corinthios
1753 668 1948 720 explicans
1964 672 2032 710 illa
2047 675 2163 713 verba
2180 674 2323 712 fidelis
2339 674 2477 712 Deus.-

1359 751 1384 770 „
1415 721 1498 759 Non
1528 730 1678 771 autem,
1707 725 1830 771 inquit
1847 752 1857 770 ,
1889 733 1981 761 esset
2008 726 2133 764 fidelis
2150 757 2160 775 ,
2189 730 2220 765 si
2241 742 2303 766 nos
2324 736 2476 766 vocaret

1358 801 1386 822 5,
1416 775 1461 812 ad
1492 777 1707 813 societatem
1736 774 1858 823 Filii,
1889 775 1924 811 δε
1952 776 2060 814 nobis
2090 790 2235 829 negaret
2253 811 2262 828 ,
2292 790 2479 832 quantum

1358 856 1384 875 ,‚
1416 829 1454 866 in
1484 829 1564 880 ipso
1593 837 1671 876 est,
1715 843 1757 866 ea
1775 859 1785 877 ,
1829 842 1896 880 per
1924 843 2012 881 quae
2041 833 2241 881 pervenire
2270 835 2317 870 ad
2348 835 2474 873 Deum

1359 909 1385 929 „
1416 895 1633 933 possemus.
1665 882 1852 920 Praeterea
1881 882 1988 920 Lect.
2018 883 2086 920 ΙΙΙ.
2117 884 2155 921 in
2184 896 2271 936 cap.
2295 885 2383 924 Xll.
2413 902 2476 940 ep.

1356 963 1382 982 „
1412 936 1459 973 ad
1490 935 1672 973 Haebreos
1702 937 1750 974 ad
1780 935 1848 974 illa
1879 936 2020 974 verba:
2050 935 2114 974 Ne
2143 940 2226 987 quis
2256 936 2353 974 desta
2381 952 2475 989 gra-

1354 1015 1383 1036 „
1409 991 1480 1026 'tt'ae
1509 988 1612 1035 Dei,
1643 989 1745 1027 Deus
1770 991 1924 1042 inquit,
1952 990 2152 1028 voluntate
2180 1002 2255 1028 sua
2284 989 2473 1028 liberalis-

1357 1067 1384 1089 „
1414 1045 1519 1079 sima„
1549 1041 1618 1080 dat
1644 1044 1806 1094 gratiam
1837 1043 1942 1080 omni
1985 1045 2218 1096 praeparanti
2247 1058 2312 1091 se,
2357 1046 2477 1095 Apoc-

1357 1122 1383 1143 „
1411 1096 1481 1133 111.
1513 1094 1621 1134 Ecce
1649 1106 1710 1134 sto
1739 1096 1794 1134 affl
1822 1100 1966 1134 ostium
1984 1127 1995 1144 ,
2025 1097 2074 1138 ά»
2094 1097 2233 1149 pulso:
2262 1101 2295 1134 si
2325 1101 2408 1147 quis
2429 1110 2476 1135 ‹z-

1357 1177 1384 1197 „
1413 1153 1581 1198 peruerit
1612 1149 1735 1199 mihi,
1765 1149 1919 1188 intrabo
1947 1149 2002 1187 ad
2031 1164 2151 1188 eum:
2188 1151 2284 1189 had
2302 1150 2475 1189 Timoth-

1357 1230 1384 1249 „
1416 1203 1464 1240 ΙΙ.
1493 1202 1575 1253 ‘Qua'
1604 1204 1679 1241 vult
1707 1217 1846 1242 omnes
1875 1203 2054 1242 homines
2083 1204 2213 1242 salvos
2229 1203 2352 1256 fieri:
2384 1204 2416 1240 δε
2449 1205 2479 1241 i-

1357 1283 1384 1302 „
1414 1255 1483 1293 deo
1511 1258 1630 1308 gratia
1659 1256 1758 1295 nulli
1786 1258 1906 1306 deest,
1950 1258 2013 1295 sed
2042 1258 2222 1296 omnibus
2240 1287 2249 1304 ,
2293 1267 2481 1310 quantum

1357 1337 1382 1355 ‚,
1414 1310 1451 1346 in
1481 1324 1518 1347 se
1547 1319 1625 1357 est,
1667 1324 1705 1347 se
1735 1312 2020 1358 communicat,
2064 1312 2160 1349 sient
2191 1325 2258 1349 nec
2293 1310 2345 1348 sol
2377 1312 2478 1348 deest

1358 1389 1382 1407 „
1413 1363 1533 1400 oculis
1563 1363 1686 1400 caeci.
1718 1363 1893 1414 Denique
1923 1364 1961 1400 in
1992 1362 2156 1402 Lib.llI.
2191 1363 2339 1401 Contra
2371 1364 2480 1402 Gen-

1352 1441 1381 1460 „
1411 1423 1470 1452 tes
1499 1429 1586 1467 cap.
1620 1415 1709 1467 ¹159.
1753 1415 1838 1452 haee
1869 1415 2003 1453 habet:
2038 1416 2137 1452 Cum
2168 1415 2238 1452 hoc
2267 1418 2313 1453 sit
2342 1419 2381 1454 in
2412 1430 2479 1468 po-

1356 1495 1381 1513 „
1411 1476 1538 1505 testate
1567 1468 1680 1506 liberi
1712 1468 1863 1506 arbitrii
1895 1468 2081 1520 impedire
2104 1468 2248 1506 divinas
2274 1471 2404 1520 gratiae
2425 1483 2483 1506 re-

1355 1548 1383 1567 „
1411 1522 1624 1571 ceptionem
1643 1551 1654 1570 ,
1685 1520 1744 1559 vel
1775 1534 1850 1560 non
1881 1521 2090 1574 impedire,
2122 1535 2193 1559 non
2218 1523 2410 1559 immerito
2440 1524 2480 1560 in

1354 1601 1381 1620 ,‚
1410 1573 1568 1626 culpam
1598 1577 1808 1627 imputatur
1832 1575 1894 1623 ei,
1923 1577 1990 1628 qui
2022 1576 2343 1627 impedimentum
2375 1590 2474 1628 prae—

1354 1654 1380 1673 >a
1404 1635 1479 1665 sta-t
1505 1629 1638 1678 gratiae
1671 1629 1902 1680 receptioni.
1945 1629 2050 1667 Deus
2080 1630 2182 1666 enim
2217 1638 2404 1681 quantum
2437 1631 2475 1668 in

1353 1707 1380 1726 2,
1408 1693 1448 1718 se
1478 1689 1555 1729 est,
1587 1690 1739 1732 paratus
1769 1690 1823 1718 est
1851 1682 2033 1719 omnibus
2061 1683 2221 1731 gratiam
2251 1683 2368 1727 dare3
2403 1684 2479 1721 vult

1352 1760 1380 1779 s>
1403 1737 1518 1770 «enim
1549 1747 1688 1771 omnes
1718 1733 1894 1771 homines
1914 1734 2150 1785 salvosfierz'
2169 1765 2179 1782 ,
2209 1738 2257 1775 (ς’
2287 1736 2341 1773 aiz
2362 1740 2477 1788 agni-

1354 1814 1380 1832 „
1410 1789 1558 1823 tionem
1588 1791 1761 1824 ret-emtis
1781 1791 1911 1825 venire
1929 1819 1938 1836 ,
1965 1796 2009 1826 ut
2024 1789 2166 1825 dicitur
2185 1801 2218 1825 1.
2236 1789 2282 1825 ad
2301 1789 2474 1827 '‘siznotl».

1353 1867 1379 1886 ,,
1411 1840 1458 1877 11.
1487 1839 1560 1878 Sed
1592 1840 1650 1878 illi
1680 1840 1750 1878 soli
1779 1842 1898 1891 gratia
1929 1843 2154 1893 privantur,
2187 1842 2251 1892 qui
2284 1842 2323 1879 in
2345 1843 2478 1892 seipsis

1355 1921 1379 1940 ‚,
1410 1894 1541 1944 gratiae
1573 1895 1891 1946 impedimentum
1918 1903 2117 1946 praestant:
2148 1895 2243 1931 sicut
2268 1893 2344 1931 sole
2365 1909 2479 1932 niun·-

1356 1975 1383 1994 „
1411 1947 1504 1984 dum
1535 1946 1806 1995 illuminante,
1836 1949 1874 1986 in
1904 1946 2060 2000 culpam
2091 1949 2301 1998 imputatnr
2318 1949 2378 1996 ei,
2408 1950 2478 2001 qui

1358 2028 1384 2048 „
1413 1999 1542 2039 oculos
1570 2000 1741 2050 claudit,
1771 2002 1802 2039 si
1832 2013 1877 2038 ex
1905 1999 1979 2039 'hoc
2004 2000 2163 2053 aliquod
2181 2001 2326 2038 malum
2343 2016 2480 2054 sequa*

1357 2081 1382 2101 „
1413 2063 1500 2101 tur,
1542 2054 1631 2093 licet
1659 2055 1789 2105 videre
1818 2067 1894 2093 non
1924 2055 2066 2108 possit,
2110 2055 2180 2092 nisi
2211 2054 2359 2094 lumine
2389 2055 2479 2095 solis

1358 2134 1384 2155 „
1415 2104 1710 2158 praeveifiatiir’'
1729 2135 1739 2147 .

1413 2160 1505 2212 595.
1537 2161 1649 2215 Resp.
1684 2162 1729 2201 ad
1761 2162 1958 2214 primum,
2003 2161 2131 2200 Deum
2175 2161 2285 2200 nobis
2316 2162 2477 2200 minime

1357 2226 1509 2265 negare
1538 2230 1608 2264 ea,
1639 2229 1706 2267 per
1735 2229 1823 2268 quae
1854 2215 2056 2266 pervenire
2086 2216 2270 2266 possimus
2299 2215 2346 2252 ad
2376 2215 2478 2252 salu-

1352 2275 1457 2316 tem,
1500 2269 1531 2307 si
1560 2269 1610 2306 ab
1640 2271 1722 2320 ipso
1750 2268 1975 2320 suppliciter
2012 2276 2242 2318 poscantur;
2286 2277 2477 2318 (piantum

1355 2322 1459 2359 enim
1489 2323 1529 2360 in
1559 2324 1640 2374 ipso
1669 2330 1746 2368 est,
1777 2319 1924 2358 auxilia
1956 2319 2181 2358 sufficientia
2209 2321 2390 2358 omnibus
2418 2321 2478 2357 of-

1356 2374 1457 2420 ξεν-[ς
1500 2388 1575 2414 non
1604 2376 1654 2412 ita
1682 2382 1835 2420 tamen,
1880 2382 1917 2411 ut
1946 2374 1992 2412 ad
2023 2388 2066 2411 ea
2096 2375 2219 2426 reipsa
2247 2373 2477 2411 conferenda

1358 2426 1558 2465 hominum
1600 2440 1860 2476 consensum,
1908 2426 1969 2465 vel
2011 2428 2242 2466 desiderium
2284 2435 2478 2480 expectet:

1356 2480 1684 2533 quemadmodum
1713 2494 1827 2534 supra
1857 2481 2038 2533 proposit.
2052 2480 2255 2518 -111.&1V.
2285 2489 2476 2519 ostensum

1356 2543 1429 2573 est.
1459 2535 1508 2572 lis
1537 2535 1653 2586 igitur
1681 2548 1748 2572 sua
1777 2533 1964 2573 beneficia
1994 2535 2287 2572 misericorditer
2303 2534 2474 2580 confert,

1355 2589 1424 2640 (sni
1454 2587 1624 2637 ejusdem
1666 2589 1786 2638 gratia
1831 2588 2043 2638 praeventi,
2087 2586 2120 2621 &
2157 2588 2311 2624 excitati
2341 2586 2475 2624 eadem

1355 2641 1570 2693 postulant.
1600 2641 1738 2680 Tri-stis
1753 2649 1877 2680 autem
1895 2639 2128 2691 experientia
2144 2652 2210 2677 nos
2225 2639 2356 2687 docet,
2388 2653 2476 2690 pec-

1355 2704 1497 2733 cateres
1526 2694 1674 2746 aliquos
1704 2701 1975 2732 consummatae
2005 2691 2165 2731 malitiae
2184 2722 2194 2740 ,
2232 2692 2327 2729 sicut
2357 2694 2472 2731 etiam

1354 2748 1556 2796 infideles,
1602 2747 1764 2787 tenebris
1792 2760 1856 2785 cor
1891 2746 2136 2784 obscuratum
2174 2744 2382 2792 habentes,
2426 2746 2474 2783 de

1354 2800 1576 2854 hujusmodi
1605 2800 1759 2839 auxiliis
1776 2798 2027 2852 implorandis
2043 2813 2088 2837 ne
2105 2800 2267 2851 cogita-re
2287 2799 2444 2851 quidem
2461 2813 2475 2846 3

1353 2856 1524 2907 adeoque
1554 2855 1625 2893 &c-

1408 2910 1500 2962 594.
1530 2909 1573 2946 111
1603 2907 1678 2945 alio
1706 2915 1831 2944 autem
1860 2906 1970 2955 loco,
1995 2906 2082 2945 scil.
2112 2907 2153 2945 iu
2180 2907 2393 2944 comment.
2423 2906 2472 2946 ad

1350 2962 1422 3002 illa
1452 2961 1569 3001 verba
1598 2959 1791 3012 Apostoli:
1834 2958 1898 2997 Ne
1926 2963 2011 3010 quis
2053 2960 2151 2997 <lesit
2188 2964 2334 3012 gratioe
2363 2958 2440 2997 Dec·
2459 2989 2473 3008 ,

1350 3030 1427 3055 non
1450 3014 1580 3053 solum
1600 3026 1675 3051 non
1698 3013 1852 3061 evertit,
1882 3014 1945 3051 sed
1966 3014 2162 3052 manifeste
2183 3014 2383 3052 confirmat
2405 3025 2470 3048 no-

1346 3080 1463 3109 stram
1493 3068 1737 3105 sententiam.
1770 3066 1922 3104 Etenim
1956 3076 2033 3118 post
2062 3067 2177 3105 allata
2197 3067 2314 3104 verba
2335 3067 2372 3102 in
2394 3065 2463 3101 ob-

1346 3123 1509 3174 jectione
1528 3122 1580 3157 ita
1601 3119 1864 3171 prosequitur:
1895 3150 1920 3167 „
1941 3121 2015 3158 Sed
2035 3130 2190 3166 contra3
2219 3120 2310 3171 qnia
2330 3118 2358 3154 si
2379 3131 2464 3168 gra-

1347 3206 1374 3226 „
1405 3176 1455 3212 tia
1483 3186 1561 3212 non
1589 3173 1698 3211 datur
1727 3186 1771 3209 ex
1800 3174 2001 3225 operibus,
2031 3176 2094 3213 sed
2119 3182 2268 3211 tantum
2298 3184 2341 3208 ex
2373 3169 2466 3220 hoe,

1347 3259 1372 3279 „
1402 3229 1504 3280 quod
1533 3226 1673 3278 aliquis
1702 3239 1774 3263 non
1800 3228 1909 3277 ponit
1936 3227 2174 3266 obstaculum
2193 3255 2204 3273 ,
2233 3238 2321 3275 ergo
2350 3223 2468 3261 habe-

1347 3312 1374 3332 „
1405 3295 1444 3318 re
1472 3283 1633 3332 gratiam
1662 3280 1844 3331 dependet
1874 3294 1919 3319 ex
1948 3281 2026 3318 solo
2050 3280 2174 3318 libero
2204 3277 2388 3325 arbitrio,
2430 3277 2466 3313 δε

1346 3366 1374 3386 „
1399 3348 1477 3372 non
1506 3348 1550 3371 ex
1580 3333 1758 3370 electione
1788 3333 1887 3382 Dei,
1930 3334 2032 3386 quod
2074 3341 2124 3369 est
2161 3344 2263 3368 error
2292 3330 2462 3382 Pelagii·

1346 3418 1374 3440 „
1406 3387 1644 3440 Respondeoz
1687 3386 1892 3426 dicendum
1931 3395 2010 3438 est,
2052 3385 2153 3439 quod
2188 3383 2263 3424 hoc
2299 3385 2463 3475 111111ιὲ111,

2266 3449 2387 3490 „quo
