2570 3745
276 160 357 209 146

200 244 290 282 net,
335 247 418 271 eam
447 231 649 270 manifeste
679 231 862 284 approbat
904 232 942 270 in
973 230 1060 269 Lib.
1083 230 1148 267 111.
1175 227 1315 266 'Contra

205 288 322 325 Gent.
354 300 439 337 cap.
466 284 582 334 162„
620 284 686 324 ubi
717 295 917 338 postquam
949 283 1078 321 multis
1108 281 1316 320 rationibus

197 340 444 387 ostendisset,
474 339 602 377 Deum
632 340 780 377 nemini
805 352 885 377 esse
915 351 1068 375 causam
1101 334 1314 387 peccandi,

199 392 364 445 explicat
392 391 573 445 quaedarn
595 393 806 430 testimonia
821 392 1105 443 Scripturarum
1123 417 1134 436 ,
1164 400 1207 424 ex
1228 386 1315 437 qui-

197 445 271 485 bus
302 447 472 494 videtur,
500 446 603 498 quod
620 446 722 484 Deus
752 447 796 483 sit
817 443 1010 495 aliquibus
1026 455 1137 480 causa
1153 452 1315 491 peccan—

198 500 266 548 di,
297 498 330 535 8<
360 499 475 536 dicit':
507 528 532 548 „
558 514 605 537 ea
634 501 762 537 omnia
793 496 1039 546 intelligenda
1063 506 1173 539 esse,
1209 490 1316 542 quod

202 582 228 602 ‚‚
260 552 365 591 Deus
395 552 592 605 aliquibus
622 566 694 589 nou
725 552 867 589 confert
897 547 1085 586 auxilium
1116 545 1163 582 ad
1193 547 1317 581 vitan-

201 635 229 656 „
258 606 351 644 dum
378 616 579 657 peccatum
598 636 607 653 ‚
638 605 739 656 qnod
768 604 852 640 aliis
881 599 1111 653 quibusdam
1142 596 1315 635 confert.

201 688 230 709 ‚,
261 659 341 697 Hoc
372 668 497 696 autem
529 659 716 695 auxilium
748 665 797 692 est
829 667 901 692 uon
923 652 1044 690 solum
1064 650 1209 693 infusio
1228 662 1315 701 gra-

259 714 320 749 tiae
341 741 350 760 ,
375 713 444 749 sed
475 714 588 749 etiam
616 711 779 747 ‘exterior
809 705 998 751 custodia,
1025 716 1097 755 per
1116 716 1233 752 quam
1254 715 1316 740 oc-

258 768 423 803 casiones
453 763 637 817 peccandi
669 761 811 798 liomini
842 772 885 796 ex
915 758 1047 795 divina
1075 755 1317 808 providentIa.

259 818 470 864 tolluntur,
509 816 541 852 8<
574 814 812 866 provocantia
841 811 886 849 ad
919 819 1117 863 peccatum
1148 809 1317 861 compri-

260 879 420 909 muntur
443 895 452 907 .
485 868 650 918 Adjuvat
681 867 796 903 etiam
829 865 932 903 Deus
963 863 1157 901 hominem
1186 872 1316 900 contra

259 932 458 976 peccatum
489 933 556 971 per
586 919 756 957 naturale
786 918 917 955 lumen
947 917 1132 964 rationis,
1178 915 1210 950 &
1239 916 1317 954 alia

260 974 448 1014 naturalia
476 974 576 1010 bona
592 1003 602 1021 ‚
633 985 720 1024 quae
743 971 891 1009 liomiui
911 970 1073 1008 confert.
1103 969 1237 1016 Quum
1259 983 1317 1007 er-

257 1042 302 1074 go
332 1027 414 1064 liaec
445 1025 592 1064 auxilia
633 1025 827 1078 aliquibus
853 1022 1047 1062 subtrahit
1084 1034 1154 1075 pro
1183 1024 1318 1060 merito

257 1073 335 1118 suae
366 1080 554 1126 actionis,
583 1080 792 1117 secundum
823 1078 925 1130 quod
955 1077 1037 1128 ejus
1065 1075 1210 1127 justitia
1239 1077 1318 1114 exi·

201 1164 227 1182 ,‚
257 1136 336 1185 git,
364 1133 505 1171 dicitur
527 1133 629 1170 Deus
645 1145 705 1170 eos
725 1132 914 1169 obdurare
930 1161 940 1179 ,
971 1130 1030 1169 vel
1052 1142 1245 1168 excaecare
1266 1130 1287 1146 ’²
1304 1154 1318 1169 ι

200 1187 311 1226 Nihil
341 1187 580 1239 expressius,
607 1195 650 1225 ut
679 1195 796 1238 pum,
826 1185 900 1222 dici
930 1193 1076 1236 potest,
1119 1183 1165 1220 ad
1196 1182 1319 1236 expli-

198 1241 363 1279 candam
395 1242 433 1277 in
450 1240 650 1278 vobduratis
666 1269 676 1288 ,
706 1239 740 1275 8(
760 1237 1239 1277 obcaecatis-omnimodam
1260 1237 1319 1274 di-

199 1296 378 1333 vinorum
409 1292 644 1332 auxiliorum
675 1293 883 1331 carentiam
901 1318 912 1330 .
942 1291 989 1329 Et
1009 1304 1098 1329 cum
1121 1293 1215 1328 inter
1232 1290 1317 1328 liaec

200 1347 347 1386 auxilia
363 1377 374 1395 ,
395 1360 483 1400 quae
500 1346 772 1385 subtrabuntur
789 1376 800 1395 ,
831 1353 1096 1383 recenseantur
1117 1345 1231 1381 etiam
1253 1357 1322 1380 au·

203 1401 301 1439 xilla
331 1402 544 1448 exteriora,
574 1400 607 1436 8(
637 1400 782 1437 ordinis
810 1412 914 1437 mere
944 1397 1155 1443 naturalis,
1192 1406 1232 1433 ut
1262 1395 1322 1433 lu·

196 1468 293 1494 ,men
322 1455 502 1501 rationis,
545 1467 634 1505 quae
663 1462 762 1491 certe
792 1465 867 1490 non
897 1459 984 1489 sunt
1013 1449 1160 1487 auxilia
1184 1450 1320 1499 gratiae

199 1506 404 1553 efficacia,
432 1506 634 1544 manifeste
663 1514 848 1557 apparet,
887 1503 1118 1556 quibusdam
1147 1501 1322 1539 obcaeca-

200 1561 248 1598 tis
266 1590 276 1608 ,
306 1561 446 1597 nedum
474 1557 675 1607 efficacia,
704 1559 767 1596 sed
798 1558 912 1596 etiam
929 1554 1157 1594 sufficientia
1176 1554 1322 1595 divinae

200 1614 337 1665 gratiae
367 1611 514 1651 auxilia
543 1612 703 1650 minime
733 1611 902 1650 conferri
922 1636 935 1649 v

257 1667 353 1712 548.
384 1665 576 1714 Ulterius,
604 1666 636 1703 si
665 1664 794 1703 Sancti
825 1665 937 1702 nostri
967 1661 1224 1714 Praeceptores
1246 1661 1323 1700 Au-

204 1721 404 1771 gustinus,
436 1717 657 1756 &Thomas
686 1719 840 1756 nonune
869 1717 1133 1754 excaecationis
1162 1729 1237 1753 non
1267 1716 1324 1752 in·

204 1772 448 1824 (elligerent,
478 1773 551 1810 nisi
581 1771 874 1808 subtractionem
905 1770 1035 1821 gratiae
1066 1767 1254 1816 efficacis,
1283 1780 1324 1804 o-

203 1839 311 1864 mues
342 1825 429 1873 illi,
458 1825 598 1877 quibus
627 1825 747 1876 gratia
774 1822 909 1861 efficax
939 1818 1013 1860 non
1043 1821 1223 1859 tribuitur
1253 1823 1325 1871 (ut

203 1892 310 1930 saepe
334 1880 452 1917 ¹etiam
481 1877 588 1929 justis
607 1878 735 1925 deest,
764 1876 856 1913 dum
881 1877 918 1913 iu
941 1884 1095 1926 peccata
1115 1873 1325 1922 labuntur)

205 1933 425 1972 dicerentur
453 1934 681 1978 excaecati,
711 1928 745 1966 8(
774 1927 953 1967 obdurati
967 1944 983 1973 ,·
1025 1928 1126 1980 quod
1155 1937 1206 1965 est
1235 1938 1325 1965 con-

209 1993 268 2024 tra
297 1998 543 2024 communem
573 1997 724 2022 sensum
742 1995 750 2020 :
782 1992 820 2020 ut
841 1984 954 2034 igitur
973 1981 1102 2019 debita
1122 1982 1216 2019 inter
1237 1994 1324 2032 pec-

206 2048 348 2076 catores
377 2051 628 2084 communes,
658 2036 691 2073 8t
722 2035 836 2083 illos,
865 2036 1042 2087 quivere
1063 2034 1262 2081 obdurati,
1292 2033 1326 2070 Sc

206 2091 394 2129 excaecati
420 2099 509 2128 sunt
535 2119 546 2137 ‚
586 2089 781 2127 distinctio
824 2097 994 2125 servetur
1019 2117 1036 2136 ,
1072 2087 1328 2125 confitendum

205 2146 280 2183 erit
298 2175 308 2192 ‚
338 2145 418 2182 istis
448 2152 588 2196 praeter
618 2142 790 2180 efficacia
820 2143 934 2178 etiam
963 2139 1110 2178 auxilia
1138 2139 1329 2178 sufficien-

208 2200 263 2237 tia
291 2199 416 2237 deesse
437 2223 446 2234 .
483 2198 583 2236 Dico
611 2195 660 2234 de
689 2208 775 2234 rere
802 2193 1003 2232 obduratis
1020 2223 1032 2242 ,
1060 2193 1110 2234 ὅ)
1139 2205 1327 2231 excoeca-

209 2255 285 2295 τῖς,-
315 2253 345 2290 si
375 2251 478 2288 enirn
507 2251 643 2289 latiore
670 2248 948 2301 significatione
970 2246 1190 2298 hujusmodi
1220 2260 1328 2286 voces

217 2306 480 2356 accipiantur,
509 2303 609 2342 nihil
639 2311 806 2356 pugnat,
849 2303 944 2354 quin
988 2301 1182 2352 aliquibus
1212 2300 1329 2338 scele-

216 2357 423 2406 stioribus,
452 2370 527 2394 non
556 2365 682 2394 tamen
712 2356 983 2395 scelestissimis
1003 2355 1254 2406 adaptentur,
1283 2354 1330 2391 de

213 2411 356 2464 quibus
384 2409 585 2461 postremis
611 2409 721 2447 nobis
750 2411 1098 2462 impraesentiarum
1116 2420 1242 2446 sermo
1257 2416 1330 2447 est·

271 2464 362 2515 549.
394 2463 470 2501 Hos
508 2464 621 2501 etiam
657 2464 773 2500 tristis
815 2464 1048 2515 experientia
1089 2474 1157 2499 nos
1190 2462 1332 2509 docet,

213 2530 326 2556 ruere
356 2518 395 2555 in
425 2517 651 2568 gravissima
678 2524 857 2567 peecata,
885 2517 966 2554 sine
995 2514 1076 2554 ullo
1094 2515 1333 2553 conscientiae

216 2584 415 2618 remorsu,
445 2572 540 2621 quin
567 2570 832 2621 'praecipitium
861 2570 1078 2618 advertant,
1108 2577 1174 2606 aut
1202 2567 1335 2620 aliqua

215 2624 279 2662 vel
310 2624 387 2661 levi
417 2623 594 2660 interiore
621 2632 750 2661 sancta
780 2623 1005 2675 cogitatione
1035 2638 1057 2661 a
1084 2621 1188 2660 malo
1217 2632 1334 2659 retat-

220 2678 354 2715 dentur
376 2703 386 2714 .
410 2678 512 2714 ‘Cum
542 2685 668 2714 autem
698 2677 819 2728 gratia
847 2688 1132 2729 qnaecumque,
1163 2685 1201 2712 ut
1221 2689 1333 2727 supe-

219 2731 298 2769 ϊῖιις
328 2731 538 2782 expositum
570 2739 646 2777 est,
684 2729 782 2767 nihil
811 2728 917 2766 aliud
944 2730 1018 2777 sit,
1060 2742 1178 2781 quam
1207 2738 1336 2766 sancta

222 2785 359 2822 mentis
395 2783 629 2832 illustratio,
671 2783 706 2820 ἃ
742 2782 946 2822 voluntatis
976 2783 1160 2834 permotio
1181 2811 1192 2830 ,
1234 2790 1336 2819 certe

222 2835 322 2874 hanc
351 2838 510 2887 gratiam
543 2839 581 2876 in
610 2838 742 2888 seipsis
770 2837 965 2875 advertere
994 2836 1175 2874 deberent
1203 2849 1337 2888 pecca-

222 2897 322 2928 tores
350 2889 558 2941 obdurati,
588 2892 618 2929 si
647 2888 757 2930 illam
785 2889 991 2929 haberent:
1020 2902 1278 2943 quaecumqne
1295 2904 1336 2928 e·

203 741 228 762 δ’

202 795 228 814 29

202 848 228 868 ³>

201 902 229 921 θ’

202 954 229 974 2>

201 1007 229 1026 2,

202 1059 227 1078 2)

201 1112 228 1131 5⁵

230 3058 438 3090 oblislscens
453 3077 464 3096 ‚
486 3061 663 3098 praesenticr
688 3060 891 3105 negiigens‚
908 3058 1032 3103 sutura
1044 3072 1108 3092 non
1123 3060 1341 3103 prospiciens

228 3107 294 3136 &c-
322 3103 375 3137 An
401 3113 480 3153 cum
508 3103 569 3134 linc
595 3104 670 3138 duri
698 3107 814 3139 cordis
834 3105 1065 3151 descriptione
1084 3114 1189 3150 possit
1210 3106 1269 3138 illa
1287 3118 1342 3151 pe-

230 3150 351 3182 rennis
374 3157 568 3193 ‘gratiarum
597 3151 777 3193 irrui-atio,
813 3165 919 3197 qnam
953 3153 1019 3186 sibi
1047 3152 1251 3186 Adversarii
1276 3153 1342 3186 fin-

228 3204 313 3240 gunt
330 3216 340 3235 ‚
365 3194 566 3245 conciliari,
592 3196 690 3228 facile
715 3211 860 3242 quzsqne
887 3198 1069 3232 advertere
1094 3207 1230 3243 potest.

281 3242 327 3281 (b)
353 3241 536 3274 Neminem
562 3241 684 3273 offendi
710 3246 834 3277 vellem
861 3257 900 3278 ex
936 3247 979 3279 iis
1004 3245 1145 3278 verbis:
1183 3256 1341 3290 quaecum-

230 3300 290 3366 zue
315 3290 431 3332 gratia
455 3291 490 3319 in
517 3288 648 3319 homine
675 3300 772 3329 recep
790 3305 810 3322 (ι
833 3293 966 3334 aliquid
991 3295 1026 3324 z'n
1052 3303 1091 3325 eo
1117 3297 1252 3334 operari
1278 3294 1340 3325 de-

254 3342 286 3365 et
301 3354 312 3374 2
337 3334 436 3377 quasi
463 3344 564 3365 sensu
579 3333 789 3366 Janseniano
814 3348 879 3368 non
899 3338 1003 3370 aliam
1019 3336 1246 3371 admittamus
1259 3348 1338 3382 gra-

233 3379 321 3424 tiam
342 3379 547 3425 ‘interiorem
561 3399 576 3422 ,
599 3390 706 3425 quam
725 3381 926 3422 efficacem3
952 3385 1102 3429 gratiam
1124 3394 1223 3421 enim
1248 3385 1338 3419 inte·

780 151 862 196 DE
897 149 1130 195 GRA'I'IA
1164 148 1212 192 P.
1242 147 1276 192 Ι.
1307 148 1574 193 DISSERT.
1606 148 1660 193 V.
1695 149 1825 194 CAP.
1859 150 1954 195 VII.

1385 228 1465 265 nim
1495 229 1617 278 gratia
1642 230 1684 266 in
1716 229 1868 268 homine
1899 236 2049 282 recepta
2091 227 2239 281 aliquid
2269 231 2308 268 in
2336 244 2381 268 eo
2408 245 2495 284 ope:

1387 281 1465 318 rari
1495 281 1630 328 debet,
1661 282 1695 317 δι
1723 282 1808 320 fieri
1839 296 1914 321 non
1945 291 2087 335 potest,
2118 285 2211 334 quin
2240 286 2410 334 operatio
2430 287 2498 325 illa

1382 333 1625 390 advertatur.
1654 333 1769 372 Porro
1798 337 1931 375 eadem
1960 336 2190 388 experientia
2219 338 2306 373 satis
2334 347 2497 386 constat,

1382 391 1526 437 justos,
1565 386 1660 424 dum
1704 387 1916 426 infirmitati
1957 400 2103 428 naturae
2141 389 2430 428 succumbentes
2461 394 2498 429 in

1384 447 1538 490 peccata
1567 439 1774 488 labuntur,
1815 442 2047 494 quibusdam
2076 444 2213 481 sanctis
2244 445 2500 496 inspirationi-

1383 492 1454 529 bus
1485 505 1632 542 semper
1661 493 1710 530 ab
1739 494 1872 531 iisdem
1903 497 2066 547 peccatis
2094 495 2270 546 retrahi,
2311 507 2349 534 ut
2379 497 2497 535 veluti

1383 542 1488 582 lucta
1517 544 1696 596 quaedam
1726 546 1820 583 inter
1838 549 2017 598 spiritum
2034 578 2045 596 ‚
2076 548 2110 585 8<
2130 563 2283 588 carnem
2303 560 2497 588 nascatur.
2538 565 2542 569 ·

1379 599 1484 635 Cum
1515 599 1630 648 igitur·
1671 599 1713 636 in
1755 599 2026 638 scelestissimis
2062 602 2324 653 peccatoribus
2355 605 2393 641 id
2422 617 2497 642 nou

1384 653 1535 702 conting
1557 660 1573 687 t
1589 680 1600 699 ,
1629 660 1894 702 argumentum
1922 661 1975 689 est
1994 652 2104 705 longe
2123 655 2379 694 clarissimum
2398 688 2408 705 ‚
2439 670 2501 695 eos

1385 718 1463 742 esse
1491 719 1513 741 a
1541 704 1663 755 gratia
1692 704 1765 741 Dei
1792 703 1990 741 derelictos
2007 728 2017 741 .

1440 757 1532 796 550.
1563 758 1776 795 Audiamus
1797 755 1953 794 Cardin·
1982 754 2261 799 Bellarminnm
2281 793 2291 810 ,
2320 763 2387 814 qui
2410 745 2501 802 [ib.

1384 808 1433 849 ΪΙ.
1465 809 1511 848 <le
1536 819 1648 862 grat.
1678 811 1727 849 Θ
1757 806 1819 848 lib.
1856 807 1941 847 arb.
1971 804 2065 847 c.‘'6.
2103 809 2200 849 hauc
2242 817 2499 866 quorumdam

1382 865 1602 916 opinionem
1622 894 1632 912 ‚
1662 863 1763 915 quod
1793 871 2004 915 peccatores
2023 862 2198 902 obdurati
2219 876 2395 913 voc-entur
2415 872 2501 922 qui.=

1384 918 1471 956 dem
1489 948 1500 966 ‚
1540 918 1606 956 sed
1635 929 1712 954 non
1742 917 1956 968 percipiant
1986 916 2222 954 vocationem
2252 915 2325 956 Dei
2348 948 2359 967 ‚
2404 933 2501 961 recte

1383 971 1476 1009 dicit
1505 982 1597 1009 cum
1625 973 1709 1021 ipso
1737 973 2011 1020 experimento
2031 973 2281 1019 apertissime
2292 984 2502 1024 pugnare,-

1383 1035 1488 1062 nam
1517 1037 1609 1062 cum
1639 1027 1819 1072 vocatio,
1847 1024 2007 1073 pulsus,
2036 1032 2216 1072 tractus,
2245 1029 2436 1064 excitatio
2457 1028 2503 1064 il-

1386 1077 1428 1115 [ιι
1459 1077 1563 1127 Dei,
1606 1081 1656 1116 sit
1684 1081 1791 1114 actio
1820 1086 1959 1114 nostra
1977 1107 1987 1125 ,
2025 1081 2207 1128 quamvis
2235 1091 2314 1116 non
2344 1077 2467 1118 libera
2491 1107 2503 1129 ‚

1384 1135 1578 1169 nimirum
1608 1129 1711 1169 bona
1740 1133 1927 1183 cogitatio
1947 1129 2167 1183 bonumque
2187 1129 2428 1170 desiderium
2445 1147 2506 1171 re-

1385 1195 1530 1236 pente,
1568 1197 1619 1222 ac
1649 1183 1829 1222 <lit-initus
1856 1188 2111 1232 immissum,
2155 1185 2350 1235 quomodo
2379 1195 2507 1238 potest

1374 1238 1503 1292 fieri,
1533 1248 1573 1275 tit
1603 1250 1683 1275 non
1703 1241 1898 1275 sentiatur
1926 1251 1953 1275 a
1983 1235 2112 1286 nobis,
2141 1242 2176 1275 si
2191 1239 2250 1292 fit
2280 1252 2358 1277 non
2379 1241 2507 1278 solum

1388 1296 1430 1329 in
1461 1288 1570 1329 nobis
1588 1322 1598 1339 ‚
1627 1289 1696 1336 sed
1724 1295 1850 1328 etiam
1879 1303 1906 1328 a
1935 1290 2044 1329 nobis
2064 1289 2089 1327 ?
2131 1291 2231 1340 Qnae
2260 1294 2416 1345 quidem
2449 1308 2507 1332 sa·

1388 1346 1650 1397 pientissimus
1664 1343 1878 1382 Cardinalis
1893 1344 2076 1381 afferebat
2093 1372 2104 1391 ‚
2135 1354 2174 1382 ut
2195 1347 2394 1396 probaret,
2426 1346 2510 1391 haec

1389 1399 1522 1448 gratiae
1553 1396 1773 1434 sufficientis
1801 1396 1948 1434 auxilia
1990 1410 2061 1434 non
2104 1410 2286 1448 semper,
2329 1403 2512 1452 omnique

1391 1460 1582 1488 momento
1611 1449 1738 1487 adesse
1755 1479 1765 1496 ‚
1796 1456 1836 1486 ut
1853 1449 2013 1500 quidam
2030 1450 2163 1486 inscite
2178 1450 2391 1488 asserebant
2407 1466 2418 1497 ς
2449 1453 2514 1491 sed

1389 1503 1504 1541 facile
1534 1512 1586 1540 est
1615 1516 1661 1540 ex
1691 1502 1822 1540 eadem
1845 1503 2080 1555 experientia
2100 1502 2279 1554 colligere
2296 1533 2306 1552 ,
2336 1519 2406 1544 nec
2427 1518 2515 1556 graev

1390 1558 1482 1595 tiam
1515 1557 1587 1595 Dei
1627 1555 1888 1609 peccatoribus
1929 1556 2133 1594 obcaecatis
2170 1570 2319 1609 semper
2356 1559 2514 1607 adesse,

1391 1612 1706 1663 quotiescumque
1736 1609 1891 1660 aliquod
1937 1619 2175 1661 praeceptum
2219 1610 2512 1662 adimplendum

1391 1665 1583 1701 occurrit.
1630 1664 1707 1710 Qui
1738 1663 1842 1699 enim
1872 1661 2049 1700 obdurati
2081 1664 2118 1700 iu
2148 1663 2251 1701 malo
2280 1662 2411 1701 bibunt
2440 1669 2516 1703 ini-

1394 1720 1619 1768 quitatem,
1649 1718 1747 1753 sicut
1777 1727 1957 1765 aquam,
2001 1716 2066 1768 qui
2100 1719 2285 1766 perversis
2317 1717 2514 1756 habitibus

1392 1770 1557 1821 quadam
1591 1768 1726 1807 morali
1756 1770 1975 1806 necessitate
2018 1771 2057 1805 in
2102 1769 2247 1807 malum
2289 1770 2516 1822 pertrahun-

1390 1832 1481 1870 tur,
1513 1823 1657 1874 aliique
1688 1821 1808 1869 tales,
1838 1832 1938 1859 certe
1967 1820 2090 1858 nullos
2122 1822 2160 1859 in
2190 1825 2324 1874 seipsis
2352 1825 2518 1861 sentiunt

1393 1878 1524 1926 gratiae
1556 1876 1700 1915 divinae
1730 1874 1911 1922 effectus,
1941 1874 2084 1926 quibus
2112 1873 2245 1913 saltem
2277 1876 2452 1923 videant,
2484 1876 2519 1913 δί

1392 1928 1610 1967 horrescant
1641 1937 1883 1981 peccatorum
1912 1927 2095 1980 abyssum
2113 1956 2125 1976 ,
2167 1929 2208 1968 in
2238 1943 2355 1982 quam
2386 1930 2517 1969 infeli·

1392 1984 1488 2021 citer
1519 1993 1632 2021 ruunt
1663 1981 1747 2033 (b).

1452 2035 1545 2076 351.
1576 2036 1748 2074 Ulterius
1777 2038 1839 2073 cui
1869 2030 1966 2072 bono
1987 2029 2208 2083 hujusmodi
2237 2034 2370 2087 gratiae
2389 2067 2400 2086 ,
2430 2046 2518 2089 quae

1394 2103 1418 2128 a
1448 2089 1710 2141 peccatoribus
1740 2102 1814 2127 non
1851 2087 2154 2140 percipiuntur?
2198 2089 2398 2136 Quomodo
2439 2090 2518 2129 illis

1397 2143 1574 2194 adjuvari
1604 2152 1784 2195 possunt,
1829 2140 1889 2179 vel
1922 2152 1959 2179 ut
1988 2150 2254 2180 convertantur
2282 2144 2330 2181 ad
2361 2143 2487 2181 Deum
2507 2172 2519 2191 ‚

1396 2197 1517 2248 ipsius
1546 2210 1657 2248 opem
1689 2194 1932 2247 implorando
1953 2222 1963 2242 ,
1994 2194 2055 2232 vel
2085 2209 2133 2232 ne
2162 2198 2202 2234 in
2233 2209 2331 2234 nova
2362 2206 2518 2248 peccata

1394 2248 1668 2302 prolabantur?
1700 2249 1915 2287 Assimilari
1943 2248 2047 2284 enim
2080 2248 2158 2285 ittae
2195 2257 2349 2296 possunt
2372 2249 2516 2289 lumini

1396 2303 1548 2341 admoto
1576 2302 1724 2340 homini
1753 2301 1984 2348 dormienti,
2014 2302 2082 2352 qui
2111 2301 2233 2339 oculis
2261 2315 2393 2340 somno
2411 2301 2519 2340 clau-

1399 2356 1448 2394 sis
1478 2355 1576 2394 illud
1604 2368 1681 2393 non
1711 2354 1848 2402 videt,
1890 2362 1955 2391 aut
1998 2355 2199 2394 monitioni
2230 2355 2340 2393 factae
2372 2355 2521 2394 homini

1399 2409 1595 2447 obturatas
1624 2407 1780 2446 habenti
1809 2420 1948 2446 aures.
1977 2405 2105 2457 Sane,
2137 2417 2178 2446 ut
2208 2409 2332 2462 inquit
2359 2410 2524 2447 Conten-

1401 2463 1530 2501 sonius
1551 2492 1562 2511 ,
1603 2460 1827 2513 hujusmodi
1856 2459 2004 2499 auxilia
2033 2459 2202 2512 habere,
2247 2462 2280 2498 &
2317 2463 2362 2500 iis
2392 2474 2522 2501 carere

1402 2517 1648 2568 synonimum
1678 2524 1763 2553 est.
1813 2544 1838 2563 „
1868 2514 1955 2562 En,
1999 2517 2122 2563 inquit
2151 2520 2330 2566 apposite
2360 2513 2405 2554 P.
2434 2515 2526 2554 Ιιισ.

1400 2597 1430 2619 „
1461 2568 1601 2622 Hyrie.
1617 2569 1743 2621 δεῖν]
1758 2573 1799 2606 in
1809 2566 1949 2606 Schola
1958 2564 2197 2606 Tliomistica
2213 2569 2401 2606 vindicata
2411 2579 2523 2608 num.

1403 2652 1430 2672 „
1459 2635 1498 2674 9.
1528 2625 1569 2661 iu
1598 2632 1760 2675 quantas
1788 2621 1979 2673 angustias
2008 2620 2254 2671 rediguntur,
2292 2629 2332 2658 ut
2358 2623 2523 2672 gratiam

1402 2705 1429 2725 „
1458 2675 1593 2714 saltem
1622 2677 1797 2714 orationis
1828 2676 1867 2712 in
1910 2686 2038 2711 omnes
2073 2674 2296 2713 divinorum
2328 2675 2524 2713 mandato·

1404 2756 1430 2777 „
1460 2742 1548 2768 rum
1575 2739 1862 2781 transgressores
1890 2725 2049 2764 effusam
2068 2757 2078 2775 ,
2115 2729 2275 2778 positam
2307 2728 2435 2766 dicant
2478 2730 2518 2767 in

1404 2812 1432 2831 „
1461 2785 1710 2831 excitatione,
1738 2795 1826 2834 quae
1843 2793 1918 2819 non
1940 2781 2104 2828 excitat,
2135 2783 2173 2818 in
2194 2783 2415 2832 cogitatione
2432 2811 2442 2829 ,
2471 2782 2520 2820 de

1404 2865 1432 2885 „
1461 2851 1539 2889 qna
1567 2838 1730 2875 minime
1757 2836 1960 2886 cogitatur,
1990 2834 2030 2871 in
2051 2835 2124 2885 piis
2145 2835 2310 2887 denique
2327 2834 2522 2884 motibus,

1404 2916 1430 2939 ‚‚
1459 2892 1529 2944 qui
1557 2890 1608 2930 ab
1627 2889 1706 2929 illis
1725 2889 1817 2940 ipsis
1832 2917 1843 2937 ,
1872 2888 1942 2939 qui
1962 2897 2184 2937 moventur,
2204 2888 2421 2927 nullatenus
2441 2903 2524 2927 sen·

2312 2970 2341 2992 5,
2371 2951 2470 2980 tinn-

1406 3057 1536 3093 riorem
1561 3052 1771 3091 inefficacem
1796 3066 1859 3101 pro
1883 3055 1979 3089 virili
2006 3063 2122 3089 nostra
2139 3054 2212 3100 jam
2232 3050 2446 3089 defendimus
2463 3065 2522 3087 su-

1407 3118 1471 3152 pra
1497 3104 1590 3137 Diss.
1605 3103 1666 3137 IV.
1692 3114 1722 3136 c.
1756 3114 1785 3135 ι.
1812 3101 1871 3135 sed
1897 3114 1974 3147 quw
2001 3104 2112 3148 gratia
2139 3111 2191 3136 est
2219 3102 2373 3135 inefficax
2402 3112 2520 3144 respe-

1408 3160 1467 3185 ctu
1492 3150 1610 3184 ultimi
1639 3157 1761 3188 actus,
1795 3148 1837 3181 ad
1863 3161 1966 3194 quem
1994 3148 2131 3188 tendit,
2164 3156 2214 3181 est
2239 3157 2376 3191 semper
2399 3147 2522 3179 efficax

1406 3205 1567 3241 respectu
1594 3196 1688 3229 illins
1708 3203 1805 3228 actus
1821 3217 1830 3235 ‚
1857 3194 1898 3227 ad
1913 3208 2018 3240 quern
2038 3193 2236 3229 immediate
2251 3192 2377 3225 datur.

1406 3243 1603 3277 doctrinam
1629 3250 1667 3275 ut
1690 3242 1910 3274 verissimam
1926 3264 1937 3282 ,
1965 3245 1996 3274 ἃς
2020 3251 2239 3275 communem
2254 3238 2520 3272 Tliomistarum

1407 3290 1544 3334 egregie
1569 3289 1746 3333 explicat,
1773 3290 1804 3320 ἃ
1829 3287 1984 3322 defendit
2010 3288 2163 3321 Thomas
2188 3284 2229 3318 da
2260 3287 2382 3319 Lemos
2399 3285 2434 3318 in
2456 3284 2519 3317 Ρα-

1406 3338 1523 3380 neptia
1551 3335 1679 3370 Gracia
1706 3333 1807 3370 ¹r01n.
1825 3335 1885 3371 iv,
1916 3334 2078 3370 Lib.1V.
2117 3333 2211 3367 vm.
2239 3322 2281 3368 ii.
2311 3332 2432 3367 Traez.
2458 3331 2520 3365 ιιι.

1407 3394 1483 3429 cap·
1496 3392 1531 3416 ¹2·

2404 3194 2522 3236 Qqam
2568 3202 2570 3222 ι
