2562 3694
231 195 312 243 148

222 271 310 329 1o5.
343 268 452 322 Hesp.
483 270 609 320 iocum
631 271 732 311 hunc
753 288 831 311 esse
851 274 1038 327 explicatu
1060 275 1280 320 difficilem,

163 321 199 359 ἃ
230 321 484 373 Teologorum
515 326 669 377 ingenia
699 337 898 379 torquere,
929 330 995 380 qui
1027 338 1221 380 propterea
1244 328 1280 363 in

163 377 289 429 varias
318 376 577 415 distrahuntur
605 382 805 418 sententias
834 383 922 431 (ιι);
952 382 1012 419 sed
1030 389 1212 432 quantum
1231 378 1278 416 ad

161 440 246 467 :rem
276 437 437 467 nostram
455 461 465 478 ,
496 430 594 470 illud
623 433 797 471 sufficere
827 443 943 485 potest
965 463 975 480 ‚
1024 433 1123 483 quod
1152 445 1283 470 omnes

159 481 205 520 in
234 480 302 519 hoc
331 486 591 533 conveniunt,
641 501 707 525 nec
738 487 883 524 licitum
929 499 1095 535 unquam
1140 485 1281 532 fuisse,

159 548 237 574 nec
267 536 435 585 permitti
467 537 544 575 ullo
573 541 684 578 modo
712 541 909 577 'Naamano
939 539 1099 587 potuisse
1120 567 1129 585 ,
1161 538 1281 575 velut

163 587 420 626 idololatriam
443 590 638 630 simularet
656 623 665 640 ,
697 593 754 629 vel
776 601 811 628 ut
828 590 1079 641 superstitioso
1100 590 1219 629 cultui
1240 604 1280 628 o-

155 653 294 691 peram
325 643 510 681 conferret
527 676 537 693 ,
567 645 922 697 quomodocumque
942 652 1068 693 postea
1089 643 1193 682 locus
1214 644 1280 682 ille

159 693 392 745 explicetur.
426 697 603 748 Vulgaris
632 707 756 734 tamen
775 725 785 743 ,
817 695 850 730 &
879 709 968 748 quae
990 698 1121 735 ceteris
1141 698 1279 749 proba-

159 745 281 785 bilior
310 749 484 797 videtur,
514 750 706 799 responsio
735 758 809 786 est:
852 749 1094 788 Naamanum
1113 780 1125 798 ,
1168 760 1208 787 ut
1239 753 1277 789 in

158 799 248 838 aliis
278 799 396 849 locis,
441 803 492 840 ita
521 804 634 839 etiam
674 802 712 839 in
741 801 884 853 templo
913 802 1084 841 Remnon
1114 806 1280 854 potuisse

159 855 360 892 servitium
390 868 492 891 mere
522 854 637 893 civile
666 868 733 892 suo
763 855 853 907 Regi
875 866 1083 908 praestare,
1115 871 1279 909 eumque

159 906 209 942 ad
239 906 472 944 adorandum
502 921 540 945 se
568 922 606 945 se
636 908 887 947 inclinantem
918 909 1079 948 brachio
1097 920 1279 950 sustenta-

157 971 226 1005 re,
259 973 408 1010 unaque
438 974 526 998 cum
558 960 626 999 illo
654 975 692 999 se
721 976 759 999 se
788 971 1046 1015 prosternere,
1077 976 1151 1001 non
1173 965 1220 1002 ad
1240 979 1280 1002 a·

155 1010 368 1048 dor-andum
402 1013 544 1051 idolum
564 1044 573 1062 ,
603 1015 666 1052 sed
696 1017 807 1053 unice
829 1024 867 1054 ut
886 1015 976 1068 Regi
998 1015 1277 1063 famularetur3

155 1063 467 1115 quandoquidem
498 1066 565 1105 alii
597 1069 711 1106 etiam
743 1068 972 1107 Patriarcliae
995 1100 1005 1118 ,
1050 1069 1084 1105 δι
1112 1069 1277 1122 Prophe·

156 1124 206 1151 tae
239 1115 404 1167 Regibus
434 1119 640 1159 idololatris
669 1122 861 1160 deservire
889 1123 1038 1160 licitum
1070 1137 1148 1161 esse
1167 1132 1278 1174 puta-

150 1178 264 1228 runt,
298 1179 335 1207 ut
364 1170 501 1223 Josepb
532 1173 747 1224 Pharaoni,
788 1176 926 1214 Daniel
956 1185 1083 1215 autem
1114 1177 1278 1230 Rabylo-

151 1234 309 1261 niorum
344 1223 461 1276 Regi.
491 1226 591 1265 Illud
622 1230 778 1280 proinde
809 1230 969 1267 verbum
1002 1229 1176 1268 adorare
1204 1231 1278 1269 mi-

149 1279 409 1335 {auspi-oprie
438 1279 491 1317 ibi
523 1283 750 1320 sumendum
782 1293 860 1331 est,
904 1283 1048 1321 scilicet
1091 1298 1159 1335 pro
1201 1284 1280 1322 sola

148 1328 403 1368 :inclinatione
421 1363 430 1381 ,
462 1333 520 1371 vel
551 1338 799 1386 prostratione
829 1339 1025 1388 corporis.

212 1382 299 1420 106.
330 1384 431 1439 Huic
462 1395 586 1426 tamen
618 1388 861 1440 explicationi
902 1403 972 1427 non
1004 1404 1159 1442 paucas,
1208 1404 1278 1428 nec

149 1432 262 1472 leves*
284 1435 523 1486 objiciuntur
559 1441 830 1480 difficultates.
880 1442 1016 1480 Primo
1058 1443 1280 1481 scandalum

146 1489 432 1539 spectatoribus
462 1494 590 1531 datum
609 1524 619 1542 ,
650 1497 717 1548 qui
747 1506 848 1533 certe
879 1510 921 1533 ex
944 1498 1026 1548 ipsa
1041 1498 1281 1534 actionisna-

148 1548 235 1601 tura
266 1543 417 1581 credere
447 1546 663 1596 debebant,
694 1549 939 1588 Naamanum
970 1564 1058 1588 cum
1083 1549 1208 1601 Rege,
1239 1565 1279 1587 a-

145 1592 290 1655 ‚Iusque
320 1597 468 1636 Idolum
499 1600 651 1640 colere.
681 1602 864 1640 Secundo
894 1605 1108 1654 cooperatio
1137 1605 1176 1641 in
1209 1602 1278 1641 Re-

149 1661 208 1698 gis
225 1652 526 1709 superstitionem
541 1681 550 1692 .
582 1653 697 1692 Porro
717 1657 956 1695 Innocentius
973 1656 1043 1695 XI.
1073 1656 1172 1694 lianc
1193 1670 1280 1709 pro—

150 1711 375 1762 positionem
407 1719 443 1742 n.
463 1707 526 1743 51.
556 1707 775 1747 damnavit:
819 1739 845 1757 „
877 1710 1065 1748 Famulus
1093 1710 1162 1760 qui
1191 1710 1280 1748 sub-

146 1781 181 1802 „
212 1767 335 1792 missis
365 1756 538 1795 humeris
566 1762 726 1798 scienter
756 1762 912 1812 adjuvat
942 1762 1079 1799 herum
1108 1775 1219 1798 suum
1240 1777 1281 1799 a-

134 1834 181 1857 ᾖ,
211 1808 388 1846 scendere
418 1824 486 1860 per
514 1811 692 1851 fenestras
720 1815 767 1852 ad
795 1815 1043 1867 stuprandam
1064 1815 1276 1865 virginem,

136 1886 181 1908 52,
212 1860 244 1896 ἃ
275 1860 464 1901 multoties
494 1865 616 1902 eidem
646 1865 831 1904 subservit
874 1868 1078 1905 deferendo
1105 1866 1275 1914 scalam,

147 1942 179 1959 ς,
211 1915 414 1963 aperiendo
441 1915 625 1966 januam,
656 1927 721 1956 aut
749 1919 843 1970 quid
872 1919 997 1957 simile
1017 1920 1275 1971 cooperando,

142 1993 178 2013 ᾖ,
209 1978 284 2025 non
316 1977 446 2018 peccat
477 1970 714 2019 mortaliter,
757 1972 786 2008 si
818 1971 856 2008 id
888 1972 1002 2009 faciat
1045 1981 1147 2010 metu
1179 1981 1282 2009 nota-

145 2046 177 2066 ,‚
207 2018 298 2056 bilis
340 2021 587 2070 detrimenti3
630 2033 722 2076 puta
749 2038 798 2062 ne
827 2039 849 2061 a
878 2025 1034 2062 domino
1077 2024 1178 2063 male
1207 2034 1282 2063 tra-

145 2100 177 2120 2,
209 2080 358 2121 otetur,
389 2088 433 2112 ne
462 2078 578 2115 torvis
607 2077 730 2116 oculis
758 2078 990 2129 aspiciatur,
1020 2091 1068 2116 ne
1088 2079 1201 2116 domo
1215 2092 1279 2115 ex-

151 2154 188 2181 2,
211 2124 379 2176 pellatur
409 2131 463 2165 “.
506 2130 549 2167 Id
579 2143 669 2170 vero
711 2140 787 2169 tam
831 2130 957 2169 simile
1000 2131 1149 2169 videtur
1178 2131 1278 2170 facto

151 2177 342 2218 'Naamani
362 2210 372 2228 ,
402 2196 521 2233 quain
549 2197 669 2222 ovum
697 2198 794 2223 0v0.
825 2185 983 2222 Accedit
1002 2184 1164 2222 demum
1182 2185 1278 2223 Ter-

138 2231 303 2270 ,tulliani
333 2237 535 2274 auctoritas
555 2267 566 2284 ,
596 2238 753 2276 dicentis
783 2239 821 2275 iu
853 2238 943 2276 Lib.
973 2238 1021 2276 de
1050 2238 1278 2276 idololatria,

152 2297 300 2335 c.17.:
344 2317 368 2336 „
399 2289 505 2335 Quid
536 2290 673 2328 facient
701 2293 829 2340 servi,
860 2292 920 2329 vel
951 2290 1081 2330 liberti
1112 2291 1277 2331 fideles?

139 2367 180 2386 3,
210 2339 303 2398 Item
333 2341 517 2380 officiales
537 2344 839 2383 sacrificantibus
855 2345 1020 2383 dominis
1037 2376 1047 2394 ,
1079 2345 1136 2384 vel
1153 2354 1278 2398 patro-

140 2419 183 2439 ‚„
213 2405 296 2452 nis,
329 2394 387 2431 vel
418 2397 651 2446 praesidibus
677 2398 943 2437 adhaerentes?
973 2398 1045 2436 Sed
1075 2400 1105 2437 si
1127 2412 1279 2437 merum

144 2472 180 2492 3,
211 2458 297 2495 quis
327 2448 559 2487 sacrificanti
590 2451 815 2500 tradiderit,
846 2452 965 2489 immo
993 2453 1024 2490 si
1054 2452 1171 2491 verbo
1186 2466 1280 2505 quo-

145 2526 182 2546 3„
212 2511 287 2549 que
315 2500 448 2553 aliquo
477 2503 669 2543 sacrificio
707 2506 917 2543 necessario
946 2505 1165 2558 adjuverit,
1207 2506 1280 2545 mi-

148 2720 150 2722 .
208 2677 581 2729 (a>'C·orn1nodi'ssirna
618 2681 759 2716 videtur
783 2683 866 2724 via,
904 2695 1011 2728 quam
1036 2695 1111 2717 non
1134 2684 1182 2718 ita
1209 2684 1283 2729 pri-

116 2762 121 2767 ·
154 2722 237 2754 dem
255 2724 631 2775 *iniit-erutlitissimus
659 2730 693 2761 S.
721 2730 913 2774 Scriptura?
941 2731 1112 2775 interpres
1140 2732 1175 2763 P.
1201 2732 1284 2764 Cal-

154 2775 226 2799 anet
252 2781 287 2801 in
313 2769 405 2803 Diss.
433 2771 475 2804 ad
501 2772 596 2808 hunc
622 2775 759 2816 locum,
789 2775 1001 2809 contendens
1029 2788 1109 2809 cum
1128 2777 1284 2810 Bochai·-

154 2820 192 2844 20
207 2833 216 2850 2
243 2817 274 2846 &
296 2819 415 2868 paucis
442 2819 520 2852 aliis
541 2820 796 2861 Heterodoxis,
821 2834 862 2855 ex
882 2822 1049 2856 hebraico
1075 2823 1169 2856 fonte
1188 2824 1283 2857 Naa-

155 2868 251 2890 mflni
273 2870 486 2911 *petitionem
515 2877 588 2901 esse
626 2867 849 2902 referendam
875 2868 916 2901 ad
943 2870 1191 2913 praeteritum:
1230 2871 1285 2903 A-

153 2905 275 2956 floram
306 2910 339 2938 in
371 2914 493 2954 templo
520 2912 668 2947 Remnon
681 2930 696 2953 ‚·
720 2918 878 2958 ignoscat
903 2916 989 2948 mihi
1009 2914 1203 2956 Domin11s‚·
1243 2925 1285 2950 ut

155 2959 209 2982 ata
235 2949 391 3001 Naaman
417 2969 483 3008 non
509 2959 694 2994 licentiam
719 2973 784 3005 pro
801 2962 944 3002 futuro,
970 2960 1030 2994 sed
1056 2963 1197 2995 veniam
1217 2975 1287 3008 pro

158 3002 341 3041 praeterito
366 3004 523 3040 petierit.
550 3005 624 3039 Sed.
642 3007 729 3040 illud
758 3019 882 3052 parum
903 3008 1096 3042 verisimile
1121 3008 1287 3050 videtur,

156 3042 384 3077 Naalnfiffllm
409 3045 452 3096 df:⁴
474 3048 538 3083 hac
563 3065 632 3086 una
673 3052 883 3088 idololatriae
910 3056 1048 3100 specie,
1084 3067 1163 3099 quae
1189 3065 1283 3089 certe

157 3100 232 3144 mon
259 3097 334 3121 erat
360 3100 514 3126 omnium
529 3100 709 3140 maxima,
735 3102 875 3134 veniam
900 3102 1117 3145 postulasse.
1145 3102 1227 3135 Vid.
1249 3105 1284 3136 la

159 3135 267 3189 Dus:
297 3147 353 3166 sur
371 3137 405 3168 la
429 3142 540 3178 priere
561 3146 602 3175 de
620 3146 776 3179 ZVaaman
796 3148 830 3180 in
849 3148 910 3181 lv.
934 3148 1045 3181 Tomo
1069 3149 1114 3181 cle
1138 3151 1172 3182 la
1191 3153 1287 3183 sain-

157 3190 196 3215 te
221 3180 321 3214 Bible
348 3194 428 3215 avec
466 3185 528 3217 des
553 3198 647 3223 notes
680 3195 743 3225 «Sec.
771 3194 845 3227 Sec.
886 3194 970 3227 edit.
1001 3194 1104 3238 1769.
1123 3216 1136 3236 ,
1173 3199 1205 3227 &
1230 3198 1284 3229 les

161 3228 271 3262 Mem.
297 3230 340 3261 de
359 3227 509 3279 Treqonx
535 3242 642 3283 inens.
668 3239 774 3272 Mart.
795 3241 896 3283 1713.
922 3240 982 3274 ubi
1009 3240 1082 3273 luec
1109 3242 1283 3275 sententia

162 3274 391 3329 confutatur.
419 3277 496 3309 'Non
522 3288 636 3311 minus
664 3285 842 3320 commoda
867 3295 956 3319 esset
980 3288 1037 3320 via
1058 3288 1214 3321 Huoonis
1239 3287 1281 3321 de

160 3321 197 3354 b.
225 3320 362 3361 Charo,
379 3368 385 3373 ·
403 3324 558 3366 putantis
573 3345 583 3362 ‚
614 3333 686 3358 tam
712 3330 931 3366 Naamanum
951 3355 962 3373 ,
989 3346 1095 3378 quam
1117 3317 1281 3367 0Eliseum

164 3378 349 3410 peccasse,
369 3369 477 3422 ‚muni
495 3371 732 3406 stimulatione
752 3374 978 3420 idololatriae,
1005 3380 1112 3414 istum
1138 3379 1285 3414 scanda-

165 3413 240 3448 losa
274 3423 495 3452 conniventia
513 3438 524 3450 .
563 3417 655 3454 Huic
693 3422 873 3458 sentenuae
898 3425 1118 3463 subscribere
1143 3425 1284 3465 videtur

756 193 836 237 DE
871 195 1030 239 VIRT.
1063 194 1289 239 THEOL.
1322 191 1643 237 DJSSERT.1.
1678 194 1806 236 CAP.
1821 194 1900 237 IV.

1352 301 1378 321 „
1407 275 1522 310 nister
1552 271 1756 309 habebitur
1785 272 2009 312 idololatrias
2028 300 2039 312 .
2068 273 2195 326 Hujus
2224 272 2367 325 regulae
2388 285 2468 314 me-

1351 354 1378 374 „
1408 339 1529 363 mores
1559 326 1672 363 etiam
1704 325 2008 375 magistratibus,
2052 327 2084 363 8<
2116 328 2353 379 potestatibus
2382 329 2467 366 offi-

1351 407 1378 427 „
1408 381 1511 417 cium
1542 392 1738 431 possumus
1770 377 1951 426 reddere,
1980 381 2182 418 secundum
2206 381 2467 429 patriarchas,

1353 461 1379 480 „
1409 433 1441 468 &c
1472 442 1611 469 ceteros
1641 430 1825 481 majores;
1854 432 1921 482 qui
1951 432 2104 482 regibus
2123 433 2328 472 idololatris
2351 448 2470 487 usque

1353 515 1379 533 „
1409 486 1456 523 ad
1486 485 1602 523 finem
1643 484 1867 521 idololatriae
1912 495 2168 536 apparuerunt
2197 491 2250 526 “.
2298 489 2336 526 Si
2382 501 2470 538 ergo

1354 538 1553 576 Naamano
1582 538 1694 576 licuit
1724 537 1980 576 idololatriam
2009 537 2192 575 simulare
2212 569 2224 588 ,
2269 541 2401 579 licebit
2431 556 2468 578 e·

1349 592 1439 629 tiam
1471 592 1541 630 &c-

1410 659 1496 696 ¹07·
1530 645 1584 691 Ad
1615 639 1790 696 primam
1820 642 2075 692 objectionem
2107 643 2207 681 baud
2227 645 2395 684 difficilis
2417 655 2469 685 est

1352 700 1568 749 responsio:
1597 712 1685 736 cum
1716 699 1829 735 etiam
1851 696 2025 734 Naaman
2054 696 2212 748 publice
2241 697 2320 748 jam
2350 700 2468 737 idolo-

1346 753 1500 790 latriam
1532 750 1735 803 ejurasset,
1773 752 1930 802 insuper
1958 751 1997 787 in
2028 759 2101 787 toto
2129 752 2217 788 vitae
2248 765 2326 788 suae
2355 766 2465 803 gene-

1347 820 1388 843 re
1417 819 1453 841 se
1483 805 1532 843 ab
1564 805 1754 842 Idolorum
1771 803 1875 840 cultu
1893 802 2064 841 alienum
2085 804 2382 852 demonstraret,
2415 807 2469 843 fa-

1348 859 1422 897 cile
1451 858 1610 897 cuilibet
1641 867 1808 895 constare
1837 866 2009 908 poterat,
2041 858 2166 909 ipsum
2199 858 2345 895 nonnisi
2377 859 2470 896 civi-

1349 912 1376 950 Ii
1410 913 1622 950 ministerio
1653 911 1744 962 Regi
1776 911 1986 960 inservire,
2027 924 2102 949 non
2140 919 2266 950 autem
2295 911 2471 963 supersti-

1347 966 1438 1003 tioso
1467 965 1585 1004 cultui
1616 978 1773 1017 operam
1804 964 1892 1001 dare
1910 989 1921 1002 .

1407 1018 1493 1057 108.
1525 1018 1734 1056 Difficilior
1764 1026 1815 1054 est
1843 1016 2038 1055 secundus
2068 1018 2213 1063 nodus3
2244 1016 2315 1054 hoc
2345 1025 2471 1056 tamen

1346 1072 1473 1110 afferri
1504 1072 1594 1109 solet
1615 1072 1856 1110 Naamanuin
1888 1072 1984 1108 inter
2014 1070 2047 1106 8<
2067 1084 2217 1108 servum
2236 1070 2305 1107 ἃς.
2335 1070 2471 1107 discri-

1348 1140 1467 1172 1nen;
1511 1125 1611 1177 quod
1643 1125 1830 1163 Naamani
1863 1125 2117 1162 ministerium
2158 1137 2359 1161 commune
2390 1123 2472 1160 fue-

1343 1180 1393 1216 rit
1410 1210 1420 1228 ,
1442 1180 1679 1217 ordinarium
1697 1209 1707 1226 ,
1729 1177 1761 1212 8(
1779 1177 1950 1228 generale
1967 1207 1976 1225 ,
2007 1190 2083 1229 quo
2104 1178 2200 1214 servi
2217 1177 2473 1215 communiter

1346 1233 1452 1283 fungi
1483 1231 1627 1279 solent,
1660 1242 1697 1269 ut
1727 1231 1873 1269 scilicet
1903 1231 2010 1267 heros
2031 1231 2287 1277 comitentur,
2319 1229 2473 1267 iisdem-

1346 1300 1423 1337 que
1467 1285 1741 1323 inclinantibus
1785 1285 1976 1334 suppetias
2020 1283 2170 1329 ferant,
2215 1282 2469 1334 quamobrem

1349 1339 1550 1386 Naaman,
1580 1339 1647 1390 qui
1678 1337 1851 1387 alioquin
1882 1338 1997 1373 unius
2026 1349 2070 1372 ac
2099 1337 2179 1373 veri
2211 1336 2284 1372 Dei
2307 1334 2472 1386 Religio-

1348 1405 1433 1428 nem
1465 1391 1595 1443 palam
1627 1389 1875 1442 profitebatur
1894 1419 1904 1435 ,
1936 1387 2151 1425 nullatenus
2180 1387 2367 1425 idolatriae
2388 1401 2472 1425 coo-

1351 1447 1477 1496 perari
1509 1444 1758 1490 censebatur,
1789 1443 1863 1479 nisi
1894 1442 1940 1478 ad
1969 1455 2165 1478 summum
2188 1441 2474 1487 materialiter,

1353 1507 1391 1535 ut
1421 1498 1528 1548 ajunt
1551 1525 1561 1535 .
1606 1495 1792 1534 Famulus
1821 1506 1957 1534 contra·
1980 1494 2071 1532 hero
2101 1507 2167 1532 suo
2195 1494 2336 1532 scalam
2356 1525 2366 1542 ,
2410 1501 2475 1531 aut

1349 1550 1525 1589 humeros
1554 1550 1875 1597 subministrans,
1924 1563 2000 1600 quo
2030 1549 2232 1586 fenestram
2266 1547 2467 1586 ascendere

1350 1605 1398 1642 ad
1430 1605 1750 1656 constuprandam
1770 1604 1958 1653 virginem
1980 1603 2093 1652 possit
2111 1631 2121 1649 ,
2151 1615 2225 1639 non
2240 1615 2443 1639 commune
2462 1630 2474 1649 ,

1350 1657 1383 1693 8<
1413 1657 1612 1709 generale,
1643 1657 1743 1708 quod
1772 1670 1793 1692 a
1824 1654 1981 1692 famulis
2002 1655 2177 1705 praestari
2197 1655 2335 1702 debet,
2366 1654 2474 1691 &so-

1348 1710 1426 1757 let,
1456 1711 1682 1761 obsequium
1713 1716 1893 1760 praestat:
1923 1707 1986 1744 sed
2016 1707 2237 1758 peculiare,
2281 1707 2315 1743 &
2344 1706 2474 1744 insoli-

1349 1771 1430 1799 tum
1449 1792 1464 1810 ,>
1489 1761 1667 1814 quodque
1698 1763 1810 1800 unice
1839 1761 1886 1798 ad
1916 1769 2117 1812 peccatum
2146 1769 2198 1797 est
2227 1761 2475 1804 ordinatum;

1349 1829 1393 1853 ac
1423 1816 1584 1867 proinde
1613 1823 1768 1867 peccato
1796 1822 2020 1862 cooperatur
2035 1812 2273 1851 formaliter.
2303 1813 2414 1850 Conf.
2432 1811 2475 1850 P.

1344 1867 1505 1907 Milante
1534 1867 1716 1906 Exercit.
1746 1866 1932 1905 XXVIII.
1963 1865 2012 1903 T.
2033 1867 2081 1904 11.

1409 1935 1496 1974 109.
1530 1922 1585 1959 Ad
1615 1925 1774 1959 tertium
1803 1920 1936 1957 eadem
1956 1920 2002 1957 sit
2022 1919 2232 1971 responsio:
2262 1918 2473 1956 Tertullia-

1350 1986 1419 2010 nus
1448 1976 1550 2012 enim
1581 1974 1744 2025 intelligi
1765 1973 1873 2010 debet
1893 1974 1938 2010 de
1961 1974 2007 2010 iis
2026 1973 2210 2021 servitiis,
2239 1972 2381 2024 quibus
2398 1974 2474 2010 for-

1349 2027 1502 2064 maliter
1532 2027 1758 2065 idololatriae
1788 2026 1927 2064 famuli
1948 2035 2196 2078 cooperantur
2212 2055 2223 2073 ,
2252 2034 2293 2062 ut
2313 2039 2357 2062 ex
2380 2026 2474 2077 ipsis

1349 2079 1477 2117 verbis
1506 2089 1631 2132 patet3
1660 2080 1740 2119 alia
1769 2081 1870 2117 enim
1899 2081 2053 2118 servitia
2083 2079 2255 2117 exhiberi
2285 2092 2359 2116 non
2382 2092 2468 2130 pro-

1347 2131 1479 2180 hibet,
1509 2133 1638 2170 diceus
1668 2134 1837 2171 ibidem:
1866 2132 2016 2168 Licebit
2045 2132 2188 2170 adesse
2208 2131 2465 2184 quibusdam,

1347 2199 1436 2238 once
1465 2199 1538 2223 nos
1568 2186 1717 2223 homini
1738 2215 1749 2233 ,
1779 2198 1861 2221 non
1891 2183 1993 2221 idolo
2021 2184 2215 2232 officiosos
2244 2185 2387 2223 habent
2406 2211 2417 2222 .

1407 2254 1493 2278 lio.
1523 2239 1618 2291 Obj.
1649 2253 1685 2278 2.
1733 2237 1969 2289 Exemplum
2011 2237 2108 2275 Jehu
2152 2236 2263 2288 Regis
2293 2238 2471 2286 Israelis,

1345 2295 1412 2344 qui
1444 2292 1641 2331 simulavit
1670 2307 1707 2330 se
1736 2291 1835 2330 velle
1868 2290 1971 2328 Idolo
2002 2291 2092 2329 Baal
2123 2292 2299 2328 victimas
2336 2292 2476 2329 imino-

1346 2346 1427 2384 lare
1444 2377 1454 2395 ,
1484 2356 1525 2384 ut
1553 2345 1625 2384 hac
1653 2355 1733 2383 arte
1760 2358 1893 2382 omnes
1923 2343 2030 2382 illius
2057 2344 2219 2382 cultores
2248 2343 2362 2382 simul
2384 2358 2476 2382 con-

1348 2408 1518 2452 gregatos
1539 2401 1808 2437 exterminaret
1826 2425 1836 2436 .
1867 2399 1976 2435 Hanc
1995 2406 2125 2436 autem
2145 2397 2242 2436 Jeliu
2265 2396 2478 2435 simulatio-

1347 2468 1437 2491 nem
1468 2454 1643 2506 probavit
1673 2452 1804 2500 Deus,
1835 2452 1959 2489 eidem
1989 2452 2124 2490 dicens
2144 2482 2154 2500 ,
2185 2451 2225 2497 4.
2255 2451 2399 2502 Regum
2422 2450 2478 2489 X.

1351 2507 1440 2546 50.:
1470 2537 1496 2557 „
1526 2507 1629 2556 Quia
1659 2506 1820 2545 studiose
1850 2505 1986 2557 egistI,
2015 2506 2119 2559 quod
2133 2513 2278 2544 rectum
2301 2512 2407 2552 erat,
2437 2504 2474 2541 &

2279 2588 2306 2607 :s
2335 2557 2420 2610 Pla*

1351 2684 1545 2730 Gregorius
1569 2683 1609 2718 de
1636 2684 1802 2719 Valentia
1829 2693 1860 2716 2.
1882 2693 1914 2715 2.
1941 2681 1983 2716 ‹le
2010 2681 2074 2715 fide
2101 2679 2189 2724 disp.
2216 2692 2245 2714 1.
2273 2692 2307 2724 q.
2328 2680 2360 2713 3.
2386 2690 2477 2724 pun-

1351 2741 1406 2766 cto
1435 2743 1465 2763 2.
1492 2730 1649 2774 docens,
1676 2731 1832 2764 Eliseum
1858 2728 2043 2773 reliquisse
2068 2727 2291 2761 Naamanum
2318 2727 2353 2758 in
2378 2738 2419 2759 ea
2437 2738 2477 2759 o-

1351 2780 1513 2824 pinione,
1538 2791 1606 2822 qua
1623 2778 1690 2811 sibi
1710 2784 1951 2822 persuaserat,
1977 2773 2237 2808 simulationem
2256 2773 2360 2806 licere
2376 2793 2387 2812 ,
2411 2784 2476 2805 nec

1352 2825 1572 2858 contrarium
1589 2837 1667 2857 eum
1693 2823 1854 2856 docuisse
1880 2827 1891 2862 (
1910 2831 1947 2855 ut
1967 2821 2121 2865 alioquin
2141 2818 2319 2853 debuisset
2341 2825 2352 2858 )
2370 2841 2378 2850 .
2406 2817 2475 2851 Sed

1352 2872 1457 2904 nimis
1484 2869 1612 2904 durum
1636 2869 1803 2910 videtur,
1841 2871 1874 2902 S.
1901 2867 2111 2912 prophetam
2136 2866 2333 2900 criminosae
2359 2864 2476 2898 indul-

1353 2918 1478 2961 gentiae
1505 2917 1696 2949 damnare.
1733 2917 1769 2957 Ρ.
1795 2916 1949 2950 Concina
1975 2914 2053 2947 Lib.
2082 2914 2107 2945 1.
2136 2913 2171 2945 in
2196 2912 2299 2945 Decl.
2325 2912 2477 2945 Dissert-

1353 2965 1417 2998 IX.
1444 2966 1487 2997 de
1515 2963 1693 2997 scandalo
1720 2974 1795 3007 cap.
1819 2973 1852 3006 7.
1879 2968 2020 3001 censet,
2046 2959 2271 2993 Naamanum
2290 2958 2473 2996 timuisse,

1352 3022 1396 3043 ne
1423 3019 1460 3042 ut
1483 3010 1553 3043 sibi
1573 3018 1676 3042 antea
1701 3008 1903 3048 acciderat,
1929 3015 2113 3052 cogeretur
2131 3006 2220 3050 Regi
2238 3006 2274 3038 in
2294 3002 2476 3037 sacrificiis

1352 3056 1524 3088 inservire
1545 3077 1556 3096 ,
1582 3059 1614 3087 ὃ(
1640 3067 1720 3089 cum
1739 3066 1781 3088 eo
1808 3053 1976 3087 adorante
1996 3065 2030 3086 se
2049 3065 2084 3086 se
2109 3061 2350 3097 prosternere,
2375 3046 2479 3100 adeo-

1352 3114 1422 3147 que
1449 3102 1619 3142 anxium,
1661 3105 1693 3134 <Se
1717 3101 1965 3135 meticulosum
1989 3100 2034 3133 ab
2059 3099 2176 3132 Eliseo
2201 3098 2365 3142 petiisse,
2391 3092 2478 3137 quid

1353 3150 1450 3182 factu
1473 3152 1559 3193 opus
1585 3157 1706 3188 esset3
1732 3148 1890 3193 Eliseum
1917 3155 2035 3180 autem
2060 3143 2301 3190 respondisse:
2330 3142 2414 3193 cade
2439 3144 2478 3172 in

1351 3207 1459 3239 pace,
1486 3195 1550 3228 hoc
1576 3204 1628 3228 est
1655 3195 1719 3229 tihi
1745 3193 1780 3227 id
1805 3205 1985 3238 nunquam
2012 3193 2170 3226 futurum
2197 3199 2270 3240 esse
2295 3186 2479 3232 praedmo,

1350 3243 1503 3275 Demum
1528 3253 1601 3274 non
1625 3240 1838 3281 defuerunt,
1864 3242 1923 3286 qui
1950 3252 1989 3273 ea
2014 3238 2122 3271 verba
2143 3236 2251 3269 Elise1
2270 3247 2279 3265 z
2306 3231 2414 3274 {Vade
2440 3237 2481 3266 im

1349 3301 1433 3333 pace
1460 3289 1509 3322 ita
1529 3288 1866 3332 interpretarentur:
1895 3285 1990 3319 Vade
2004 3306 2016 3325 ‚
2042 3287 2083 3315 ΕΤ
2102 3283 2174 3315 noli
2193 3283 2336 3323 amplius
2363 3280 2477 3331 idfa-

1351 3349 1454 3375 cere,
1492 3337 1579 3379 quod
1617 3334 1834 3378 incursuram
1856 3334 2093 3371 idololatriam
2134 3328 2289 3369 redolet,
2325 3330 2380 3361 cui
2403 3337 2475 3374 Jam

1350 3385 1507 3420 nuncium
1533 3384 1703 3417 remisisti
1719 3403 1736 3413 -v
