2570 3745
883 123 961 166 DE
1000 120 1276 167 JUS'l'lFIC.
1307 122 1640 167 ESSENTIA.

80 205 166 245 t-'uiv
178 218 250 243 am
281 204 420 253 Saroe,
451 202 596 244 ibidem
627 215 725 241 vers.
748 215 807 255 ις).
839 203 948 240 Unde
968 203 1214 244 concludit&

88 272 156 297 nos
186 259 437 310 justificatum
456 259 502 295 iri
522 286 532 304 ,
562 261 596 294 si
623 255 909 294 crediderimus
939 262 979 295 in
1009 272 1122 305 enm,
1152 260 1216 307 quc·

89 317 289 350 suscitavit
316 311 453 349 Jesum
486 309 685 347 Christum
717 309 938 349 Dominum
978 323 1153 350 nostrum
1183 323 1211 347 a,

90 369 253 404 mortuis
270 391 281 402 .
310 363 497 402 Praeterea
517 378 561 401 ea
582 365 699 403 verba
722 379 732 410 ;
761 366 810 404 (³)
831 375 1056 416 reputatum
1079 374 1134 402 est
1156 364 1211 400 illi

92 418 148 457 acl
169 419 372 470 justitiam
400 429 475 454 non
507 426 659 469 possunt
689 417 760 456 hoe
800 418 880 455 loco
912 420 959 457 de
995 421 1120 470 prima
1150 416 1210 468 ju-

91 471 343 509 stificatitione
371 469 562 522 intelligi,
599 485 718 523 quam
750 471 945 510 Abraham
977 472 1055 524 jam
1084 484 1211 509 conse-

90 532 200 562 cutus
230 533 308 562 erat
337 523 459 562 inulto
488 534 625 572 antea,
669 539 787 577 quam
818 528 973 564 seminis
1005 527 1121 563 futuri
1154 537 1211 560 re·

93 578 382 629 promissionem
402 577 617 629 acciperem
648 580 710 616 sed
732 580 776 616 ‹le
798 588 1021 630 argumento
1041 579 1210 630 justitioe,

92 631 194 682 quod
224 640 439 683 promptam
458 661 469 680 ,
508 632 541 667 ἃ
570 642 711 671 certam
742 633 858 670 tidem
889 633 961 670 Dei
994 632 1211 685 promissio·

92 683 202 722 nibus
232 694 412 736 praestans
440 695 665 723 consecutus
695 696 774 725 est.

147 736 212 782 54.
242 737 335 789 Ubj.
354 751 389 775 2.
421 737 558 777 Manli.
576 738 646 777 lX.
671 753 701 778 t.
733 739 897 776 dicitur:
941 768 968 788 „
989 736 1211 776 offerebant

92 821 118 839 „
149 792 182 828 ei
222 790 481 844 paralyticum
517 792 705 843 jacentem
744 794 781 830 iu
824 792 945 829 lecto.
1004 792 1050 829 Et
1080 791 1212 828 videns

93 874 120 893 „
150 844 257 882 Jesus
287 844 401 882 fidem
434 844 587 884 illorum
617 847 712 884 dixit
746 844 984 898 paralytico:
1026 844 1210 891 confide,

93 927 119 945 ,‚
150 897 235 946 fili,
265 899 509 937 remittuntur
539 900 610 936 tibi
641 908 793 950 peccata
823 898 950 935 tua’‘.
996 898 1043 935 Et
1072 899 1211 935 iterum

92 951 246 990 dicebat
275 952 382 990 Jesus
413 951 725 990 Haetnorrlioissae
758 952 851 988 ibid.
883 964 980 989 vers.
1013 964 1076 988 22.
1110 949 1211 987 Con-

88 1004 200 1056 fide,
219 1004 344 1058 filiii,
362 1004 473 1058 fides
501 1013 571 1042 tua
600 1014 638 1041 te
666 1005 823 1042 salvam
840 1003 945 1056 jecit
963 1030 973 1042 .
1016 1004 1213 1055 Apostolus

96 1059 210 1096 etiam
233 1058 334 1110 Eph.
352 1059 416 1095 lli.
441 1071 500 1096 12.
528 1057 575 1094 de
593 1057 745 1095 Christo
775 1057 950 1109 loquens:
981 1055 1028 1093 In
1049 1070 1123 1105 quo
1143 1054 1213 1093 ha.-

96 1110 231 1148 bemns
247 1110 478 1164 fiduciam,
516 1111 666 1161 inquit,
703 1111 753 1151 (ν’
781 1122 991 1148 accessum
1021 1113 1072 1146 ιἠ·
1091 1108 1215 1161 confi·

97 1165 232 1202 (leutici
246 1163 453 1216 perfidem
468 1164 578 1216 ejus.
607 1164 777 1202 Demum
795 1164 913 1202 ttebr.
931 1162 983 1202 X.
1011 1176 1071 1215 ¹9·
1102 1163 1217 1212 „Ha-

97 1247 125 1266 ‚,
154 1218 280 1256 beutes
310 1217 493 1256 fiduciam
516 1242 572 1255 ....
602 1218 641 1255 in
670 1220 855 1270 sanguine
867 1217 1008 1258 Christi
1025 1243 1082 1255 ....
1111 1230 1218 1255 acce-

98 1300 125 1319 „
156 1271 289 1308 damus
319 1285 409 1309 cum
438 1283 528 1310 vero
556 1271 668 1310 corde
698 1273 736 1310 in
763 1271 1042 1323 plenitudinem
1072 1271 1218 1308 fidei''.

153 1325 216 1362 55.
250 1323 361 1375 Resp.
390 1325 439 1362 ad
469 1325 639 1376 primum
658 1354 669 1373 ,
711 1324 908 1376 duplicem
939 1326 977 1362 in
1009 1324 1222 1376 paralytico

98 1376 403 1427 distinguendam
426 1392 503 1416 esse
523 1378 638 1416 fidem
657 1391 668 1424 3
699 1380 865 1430 primam
880 1408 890 1426 ,
920 1391 996 1429 qua
1025 1379 1071 1415 ad
1092 1378 1221 1415 Jesum

98 1444 136 1467 se
165 1430 304 1468 deterri
335 1434 512 1479 curavit,
555 1444 709 1483 sperans
739 1431 787 1469 ab
831 1444 875 1468 eo
913 1432 1107 1468 sanitatem
1139 1443 1220 1468 cor-

98 1485 200 1536 poris
231 1498 304 1522 una
332 1499 422 1522 cum
453 1494 694 1536 peccatorum
728 1486 947 1522 remissione
981 1499 1020 1522 se
1048 1485 1220 1522 obtentu-

97 1551 212 1584 rum5
243 1537 429 1584 alteram,
459 1552 550 1576 cum
571 1538 724 1575 “audivit
754 1553 774 1574 a
795 1539 944 1575 Christo
972 1538 1045 1575 sibi
1077 1539 1218 1574 remitti

95 1601 274 1642 peccata:
320 1589 486 1642 Conficle
502 1589 599 1641 fili,
628 1591 716 1630 &a
760 1589 997 1629 Prima-erat
1025 1591 1220 1642 dispositio

96 1644 143 1682 ad
173 1643 485 1695 justificationem
503 1672 514 1692 ,
544 1657 660 1695 quam
678 1642 864 1681 Catholici
884 1656 1017 1681 omnes
1039 1657 1113 1681 una
1129 1656 1218 1680 cum

93 1696 244 1735 Concil.
266 1697 493 1736 Tridentino
508 1696 606 1735 Sess.
625 1696 691 1734 Vl.
713 1709 798 1749 cap.
815 1694 853 1735 6.
874 1696 1122 1744 confitentur,
1152 1696 1218 1733 bo-

97 1751 154 1788 nis
183 1759 310 1791 tamen
339 1751 521 1803 operibus
551 1751 711 1788 minime
749 1749 938 1788 exclusis.
981 1750 1111 1788 Altera
1152 1763 1219 1787 au-

95 1812 171 1842 tem
201 1813 280 1842 erat
308 1805 491 1842 certitudo
519 1813 733 1844 consecutae
764 1803 843 1856 jam
873 1804 1064 1852 sanitatis,
1096 1802 1128 1838 ἅ
1159 1802 1219 1854 ju-

98 1857 359 1905 stificationis,
390 1857 520 1896 habita
548 1871 595 1895 ex
625 1859 705 1910 ipso
735 1857 944 1896 salvatoris
972 1871 1062 1895 ore.
1094 1858 1218 1895 idem-

97 1924 172 1963 que
200 1911 402 1950 dicendum
433 1911 477 1949 de
500 1911 828 1959 Haemorrhoissa,
857 1925 1079 1964 quanquam
1113 1913 1150 1949 in
1176 1909 1221 1948 il-

95 1962 208 2002 lade
237 1963 316 2003 sola
345 1965 517 2017 corporis
545 1967 706 2003 sanitate
726 1974 852 2003 actum
875 1965 989 2003 fuisse
1008 1996 1018 2013 ,
1051 1965 1220 2003 videtur.

96 2016 262 2072 Reliqua
288 2019 365 2056 duo
396 2017 561 2070 Apostoli
592 2018 674 2056 loca
702 2017 803 2057 nihil
842 2018 947 2057 aliud
977 2018 1219 2071 significant,

95 2085 213 2124 quam
244 2085 312 2125 per
339 2071 480 2110 Christi
517 2073 739 2124 sanguinem
777 2071 887 2110 nobis
930 2081 1104 2125 apertum
1144 2086 1221 2110 esse

98 2138 293 2164 accessum
323 2125 370 2163 ad
401 2124 526 2164 Deum
556 2139 648 2163 cum
685 2124 928 2176 plenitudine
950 2125 1085 2180 fidem
1128 2126 1222 2177 quia

98 2191 166 2229 per
197 2178 312 2215 fidem
333 2180 622 2229 cognoscimus,
648 2179 844 2217 Christum
876 2181 1018 2218 factum
1049 2193 1125 2217 esse
1156 2191 1223 2230 pro

99 2230 206 2269 nobis
235 2230 489 2270 Mediatorem
523 2233 624 2283 apud
655 2231 830 2270 Patrem.
880 2235 962 2271 lmo
1001 2247 1046 2271 ex
1086 2234 1221 2271 iisdem

100 2285 227 2323 verbis
258 2292 384 2337 patet,
415 2297 491 2322 non
521 2286 623 2322 idem
655 2299 730 2322 esse
759 2286 876 2322 fidem
895 2315 904 2333 ,
935 2301 979 2324 ac
1010 2285 1221 2334 fiduciam,

103 2348 141 2376 ut
161 2338 364 2375 adversarii
383 2337 535 2375 volunt:
565 2337 655 2375 dicit
677 2340 780 2376 enim
796 2339 921 2376 Sanct.
944 2338 1106 2377 Paulus:
1139 2369 1164 2387 „
1184 2340 1222 2376 ln

102 2421 129 2440 „
159 2405 235 2444 quo
265 2390 451 2429 habemus
481 2390 663 2428 fiduciam
683 2422 693 2439 ,
736 2391 770 2428 8(
813 2406 1003 2430 accessum
1037 2394 1073 2429 in
1106 2392 1223 2430 const·

102 2474 128 2494 „
159 2446 283 2482 denua
314 2459 380 2497 per
410 2444 526 2481 fidem
557 2443 662 2494 ejus:
692 2445 725 2480 ἃ
755 2444 935 2483 habentes
957 2446 1137 2483 fiduciam
1161 2461 1222 2484 ac-

102 2528 128 2548 ,‚
158 2498 336 2536 cedamus
366 2499 405 2535 in
436 2497 677 2550 plenitudine
708 2497 868 2544 fidei’';
911 2513 1049 2551 nempe
1078 2499 1222 2538 fiducia

104 2581 130 2600 „
160 2554 280 2590 oritur
310 2565 352 2589 ex
384 2551 480 2589 fide.

158 2606 250 2657 Obj.
282 2605 319 2644 5.
365 2604 490 2644 Marci
521 2604 592 2643 Xl.
625 2604 688 2651 24.
730 2605 881 2644 dicebat
911 2605 1078 2645 Clu-istus
1107 2607 1222 2645 disci-

105 2658 207 2710 pulis
235 2661 334 2697 suis:
385 2658 538 2696 Omnia
567 2672 824 2710 quoecumque
863 2668 1024 2697 orantes
1066 2664 1219 2711 petitis,

106 2710 280 2760 credite,
309 2716 401 2764 quia
431 2716 660 2763 accipietis,
689 2714 738 2754 Εἴ]
767 2723 945 2751 evenient
975 2712 1103 2751 robis:
1133 2716 1219 2767 qui-

102 2764 197 2802 libet
226 2779 313 2817 ergo
355 2767 611 2804 remissionem
655 2777 898 2820 peccatorum
942 2777 1219 2818 consequetur,

104 2818 312 2857 dummodo
341 2833 425 2858 eam
455 2829 584 2872 petat,
615 2835 777 2874 eamque
806 2822 878 2859 sibi
909 2834 1127 2859 concessum
1158 2821 1220 2869 iri,

102 2881 204 2911 certo
232 2873 386 2912 credat.

159 2927 222 2978 57.
255 2925 394 2978 Resp.,
426 2927 589 2975 Fidem,
619 2943 696 2982 qua
726 2929 1003 2981 impetramus,
1042 2941 1112 2966 non
1144 2941 1222 2965 esse

97 2978 222 3019 oolam
241 3010 251 3028 ,
282 2981 345 3018 sed
374 2993 462 3018 cuin
493 2983 660 3020 oratione
675 2983 933 3034 conjunctam:
964 2995 1221 3033 quaecumque

104 3043 267 3072 omnies
295 3037 450 3084 petitis.
497 3033 637 3073 Rursus
665 3049 741 3074 non
770 3036 957 3090 quaelibet
999 3036 1118 3073 oratio
1149 3037 1219 3072 im-

105 3095 248 3136 petrat,
278 3088 341 3126 sed
371 3102 458 3140 quae
488 3087 556 3136 stt,
586 3093 847 3139 sicut·oportet
865 3118 873 3128 .
909 3087 1011 3140 Quid
1039 3101 1219 3136 oremus,

106 3141 202 3176 sicut
230 3151 404 3190 oportet,
435 3145 658 3179 nescimus:
689 3141 798 3182 Rom.
832 3144 936 3182 Vlll.
970 3142 1032 3181 26.
1066 3142 1132 3179 llle
1153 3156 1220 3179 au·

105 3199 182 3228 lein
213 3197 300 3242 petit
330 3196 589 3234 remissionem
621 3206 861 3248 peccatorum
880 3227 890 3246 ,
925 3197 1019 3234 sicut
1049 3204 1219 3246 oportet,

108 3244 176 3295 qui
206 3243 320 3295 fidei,
361 3264 425 3288 seu
455 3249 610 3288 fiduciae
642 3252 930 3302 promissionem
961 3251 1074 3287 etiam
1105 3248 1221 3287 fidem

108 3296 403 3359 Mysteriorum,
431 3303 653 3357 debitasque
681 3304 729 3343 ad
758 3303 1067 3357 justificationem
1097 3303 1223 3355 dispo-

108 3360 260 3392 sitiones
288 3358 506 3408 conjungit.

2267 132 2347 173 215

1340 205 1404 242 55.
1434 202 1527 253 Obj.
1557 202 1597 246 Δ.
1627 202 1666 238 S.
1698 200 1862 250 Paulus,
1909 204 1992 242 Act.
2025 204 2128 243 Xlll.
2160 206 2226 245 38,
2268 207 2302 244 ἆ
2334 208 2399 261 39.

1284 257 1335 295 lta
1364 255 1517 294 Jndaeos
1547 254 1838 306 alloquebatur:
1885 285 1909 303 „
1941 258 2078 296 Notum
2118 260 2233 310 igitur
2262 263 2305 299 sit
2333 275 2399 300 vo·

1280 338 1306 359 „
1334 309 1423 357 bis,
1452 309 1526 348 viri
1556 309 1714 355 fratres,
1751 311 1843 360 quia
1872 323 1939 360 per
1970 310 2072 347 hunc
2103 313 2299 362 (lesum)
2333 329 2398 352 vo-

1281 393 1307 413 „
1336 363 1398 403 bis
1427 363 1600 402 remissio
1630 371 1874 413 peccatorum
1906 365 2160 403 annunciatur
2255 368 2297 405 [τι
2329 367 2400 407 hoc

1281 447 1307 466 „
1336 417 1487 463 omnis,
1516 416 1583 467 qui
1613 415 1759 463 credit,
1804 415 2033 466 justificatur
2063 416 2108 452 ”t
2159 419 2251 456 mes
2284 423 2398 471 igitur

1280 472 1326 509 ad
1357 469 1667 521 justificationem
1697 471 1908 507 necessaria
1951 479 2001 506 est
2034 468 2128 518 illa,
2175 486 2251 522 qna
2288 475 2397 513 nobi,

1282 533 1525 576 peccatorum
1556 535 1724 561 remissio
1753 533 2007 560 annunciatur
2025 549 2034 559 .

1336 578 1399 629 59.
1433 576 1544 628 llesp.
1562 606 1572 624 ,
1601 588 1645 614 eo
1674 575 1757 613 loco
1785 590 1997 614 sermonem
2028 589 2106 614 esse
2126 576 2172 614 de
2205 577 2278 615 fide
2300 578 2402 617 theo-

1281 630 1403 680 logica
1422 660 1432 677 ,
1464 629 1672 676 historica,
1701 628 1735 665 8(
1765 629 2005 680 dogmatica,
2049 644 2126 681 qua
2155 630 2262 668 iesus
2291 633 2400 671 Chri-

1280 693 1382 731 stus,
1425 684 1458 720 &
1490 683 1539 723 ab
1569 683 1651 733 ipso
1680 683 1846 722 instituta
1876 682 2024 734 Religio
2053 684 2246 731 creditur,
2291 696 2328 723 ut
2358 699 2403 723 ex

1281 745 1354 776 tota
1385 736 1451 774 illa
1481 737 1520 776 S.
1553 735 1660 774 Pauli
1693 739 1884 784 oratione,
1915 737 2171 788 inSynagoga
2193 738 2403 776 Antiochiae

1281 788 1412 828 habita
1429 820 1439 838 ,
1470 789 1683 828 luculenter
1711 799 1892 841 apparet3
1924 804 1998 828 non
2014 800 2140 828 autem
2159 791 2203 828 de
2221 791 2301 829 sola
2317 806 2406 844 pro-

1281 845 1504 882 missionum
1535 843 1698 884 fiducia.
1730 844 1771 882 ld
1800 852 1852 881 est
1883 843 2082 896 Apostolus
2113 844 2292 883 Messium
2323 845 2404 895 jam

1281 898 1476 937 advenisse
1506 897 1741 949 praedicabat
1771 898 1817 934 ad
1849 898 2112 935 remissionem
2135 908 2403 950 peccatorum,

1281 965 1302 988 a
1330 949 1473 1001 quibus
1503 962 1578 990 non
1610 959 1810 1002 potuerunt
1839 949 1963 988 Judaei
1995 952 2033 989 in
2065 951 2144 1000 lege
2176 949 2304 1004 Moysi
2342 951 2405 1003 ju·

1282 1004 1437 1042 stificari
1456 1029 1466 1040 .
1498 1003 1636 1042 Subdit
1665 1013 1814 1042 autem:
1860 1003 1906 1041 In
1936 1003 2005 1041 hoc
2034 1008 2192 1051 omnir,
2223 1009 2287 1055 qui
2317 1019 2403 1043 cre-

1283 1055 1366 1103 elic,
1402 1057 1676 1108 justificatur,
1720 1057 1999 1108 comprehendo
2028 1058 2099 1094 sub
2143 1058 2215 1096 sule
2245 1061 2403 1109 omnia,

1283 1123 1371 1163 quae
1405 1123 1499 1149 nova
1518 1109 1657 1148 Christi
1688 1108 1750 1147 lex
1780 1111 2016 1161 praescribit;
2047 1112 2141 1149 sicut
2161 1113 2311 1150 nomine
2327 1115 2405 1152 cir-

1286 1164 1533 1202 cumcisionis
1563 1162 1651 1201 solet
1682 1162 1741 1200 lex
1773 1162 1920 1214 Moysis
1949 1163 2154 1215 significari
2173 1192 2182 1201 .

1341 1216 1407 1255 60.
1436 1216 1530 1267 Obj.
1564 1217 1601 1254 5.
1647 1215 1760 1254 Fides
1801 1231 1824 1253 a
1858 1217 1994 1253 Sancto
2025 1216 2142 1255 l'aulo
2186 1219 2304 1256 Hebr.
2335 1219 2407 1258 Xl.

1287 1270 1470 1308 definitur
1499 1267 1796 1320 sperandarum
1839 1268 2064 1307 substantia
2107 1283 2270 1309 rerum:
2320 1285 2408 1324 ergo

1288 1337 1366 1362 non
1396 1323 1587 1371 consistit,
1619 1324 1689 1360 nisi
1719 1325 1756 1361 in
1785 1322 1930 1361 fiducia
1960 1323 2030 1360 &c-

1342 1376 1408 1415 51.
1442 1376 1552 1428 Resp.
1570 1406 1581 1425 ,
1612 1375 1714 1414 hunc
1745 1390 1822 1414 csse
1842 1377 2065 1428 Apostolicae
2088 1376 2192 1415 illius
2221 1378 2411 1416 definitio-

1288 1430 1344 1468 nis
1374 1443 1522 1468 sensum
1542 1460 1551 1477 ,
1582 1431 1683 1481 quod
1713 1430 1806 1467 sides
1835 1430 1880 1467 sit
1910 1438 2046 1469 nostrae
2067 1432 2147 1481 spei
2177 1431 2409 1481 substantia,

1289 1482 1347 1523 vel
1380 1483 1700 1528 fundamentum3
1730 1483 1822 1534 quia
1853 1483 1924 1521 nisi
1954 1493 2043 1521 esset
2073 1484 2193 1531 fides,
2233 1499 2299 1522 nec
2331 1485 2413 1523 ulla

1290 1551 1373 1590 spes
1403 1551 1479 1575 esse
1510 1546 1655 1588 posset.
1703 1537 1882 1573 Ceterum
1913 1536 2107 1587 objectum
2153 1548 2288 1576 nostrae
2319 1539 2410 1577 fidei

1287 1604 1363 1627 non
1395 1604 1472 1628 esse
1499 1589 1624 1627 solum
1653 1588 1754 1626 bona
1784 1591 1968 1640 speranda
1987 1620 1996 1637 ,
2035 1592 2096 1628 sed
2127 1593 2239 1630 etiam
2270 1602 2412 1634 mvste-

1288 1645 1346 1680 ria
1375 1643 1583 1690 credenda,
1613 1643 1734 1693 liquet
1763 1655 1807 1678 ex
1824 1644 2096 1694 sequentibus3
2127 1658 2212 1681 mox
2234 1639 2336 1685 eniti]
2353 1647 2411 1684 di-

1286 1698 1409 1734 citur:
1449 1725 1475 1743 „
1505 1693 1581 1733 fide
1610 1694 1864 1744 intelligimus
1892 1705 2020 1747 aptata
2049 1710 2126 1736 esse
2156 1697 2298 1736 saecula
2326 1712 2412 1736 ver-

1289 1778 1316 1798 „
1346 1749 1396 1787 bo
1425 1747 1589 1788 Dei:,&
1618 1747 1858 1786 accedentem
1888 1751 1935 1786 ad
1954 1749 2080 1788 Deum
2110 1760 2253 1803 oportet
2282 1753 2411 1790 crede-

1291 1831 1317 1852 „
1349 1817 1417 1852 re,
1447 1804 1540 1854 quia
1570 1810 1621 1842 est
1651 1802 1672 1817 '’

1342 1856 1408 1896 [32.
1439 1855 1533 1907 Obj.
1565 1855 1633 1894 ult.
1677 1856 2003 1909 Quotiescumque
2033 1857 2183 1910 aliquid
2215 1859 2319 1897 nobis
2349 1860 2411 1898 vel

1290 1912 1520 1963 promissum
1539 1940 1549 1958 ,
1581 1907 1640 1947 vel
1671 1909 1846 1948 oblatum
1877 1919 1955 1957 est,
1986 1911 2084 1949 nihil
2113 1911 2220 1949 aliud
2250 1926 2295 1950 ex
2324 1928 2412 1965 par-

1290 1974 1324 2003 te
1354 1973 1476 2003 nostra
1507 1963 1742 2015 requiritur,
1775 1965 1846 2001 uisi
1877 1966 2107 2016 acceptati05
2136 1967 2245 2017 atqui
2272 1965 2413 2018 justifi-

1290 2019 1389 2056 catio
1418 2017 1528 2055 nobis
1557 2029 1602 2054 ex
1632 2017 1780 2054 meritis
1800 2016 1940 2055 Christi
1971 2020 2155 2068 promissa
2185 2028 2264 2067 est,
2296 2020 2412 2057 &ob-

1290 2071 1389 2110 lata:
1438 2069 1533 2108 nihil
1566 2070 1681 2121 igitur
1710 2067 1817 2107 aliud
1846 2083 1890 2107 ex
1921 2079 2026 2122 parte
2068 2079 2238 2109 nostrum
2267 2073 2411 2111 deside-

1291 2133 1396 2162 ratur
1414 2154 1423 2172 ,
1453 2137 1571 2175 quam
1600 2124 1834 2173 acceptatio,
1865 2137 1953 2176 qua:
1984 2123 2029 2161 fit
2057 2124 2243 2162 credendo
2273 2126 2411 2165 divinis

1291 2176 1608 2231 promissionibus
1624 2203 1634 2215 .

1344 2230 1410 2270 63.
1443 2230 1581 2283 Hesp„
1630 2227 1823 2280 Maiorem
1854 2243 1930 2268 esse
1961 2244 2090 2269 veram
2109 2261 2119 2280 ,
2165 2245 2255 2270 cum
2285 2235 2410 2285 agitur

1289 2286 1336 2325 de
1366 2283 1678 2337 promissionibus
1721 2282 1934 2332 absolutis,
1982 2298 2056 2322 non
2086 2294 2211 2324 autem
2256 2288 2412 2339 quando

1290 2340 1416 2391 agitur
1444 2339 1490 2376 de
1521 2337 1838 2390 promissionibus
1855 2337 2133 2377 condicionatis
2150 2355 2165 2384 ,-
2194 2348 2286 2378 tunc
2307 2342 2413 2379 enim

1292 2403 1430 2445 praeter
1460 2392 1758 2443 acceptationem
1790 2393 1999 2443 requiritur
2019 2393 2132 2431 etiam
2151 2393 2414 2432 conditionum

1291 2446 1536 2498 adimpletiO.
1568 2445 1653 2484 Jam
1684 2457 1774 2483 vero
1803 2443 2025 2496 justificatio
2055 2461 2122 2498 per
2153 2449 2286 2485 merita
2300 2447 2412 2485 Chri-

1292 2501 1335 2538 sti
1367 2499 1478 2538 nobis
1508 2499 1692 2551 promissa
1722 2507 1774 2536 est
1803 2498 2072 2537 conditionate
2091 2531 2101 2548 ,
2132 2502 2162 2538 si
2193 2514 2328 2552 nempe
2349 2501 2413 2538 de-

1290 2553 1379 2593 bitis
1394 2552 1710 2605 dispositionibus
1724 2552 1770 2591 ad
1788 2552 1895 2590 illam
1927 2553 2189 2605 recipiendam
2221 2567 2285 2592 nos
2313 2567 2412 2605 prae-

1292 2610 1580 2659 paraverimus.
1611 2605 1793 2644 Invenies
1822 2619 1941 2654 eum,
1971 2611 2004 2644 si
2033 2616 2173 2643 tamen
2188 2614 2264 2643 toto
2293 2607 2412 2645 corde

1290 2664 1524 2711 quaesieris,
1554 2660 1669 2698 Dent.
1701 2658 1769 2698 IV.
1802 2672 1889 2711 29.:
1935 2659 1975 2696 Si
2005 2662 2147 2705 impius
2176 2664 2300 2709 egerit
2329 2674 2411 2711 ρω-

1291 2718 1504 2753 nitentium
1536 2712 1586 2752 ab
1614 2712 1794 2752 omnibus
1808 2716 1982 2762 peccatis
2011 2725 2091 2749 suis
2185 2717 2263 2750 rita
2292 2717 2411 2762 rit-et,

1288 2767 1429 2808 Ezech.
1460 2767 1605 2807 XVlll.
1629 2781 1693 2805 21.
1724 2765 2012 2803 Paenitentiam
2041 2769 2179 2815 agite,
2209 2767 2256 2807 (9⁶
2287 2766 2411 2817 bapti-

1292 2831 1399 2860 zetur
1429 2825 1691 2872 imusquisque
1721 2828 1919 2865 vestrum,
1950 2817 2036 2856 Act.
2068 2819 2114 2856 ll.
2148 2819 2211 2858 28.

1345 2875 1410 2921 64.
1442 2873 1599 2913 Maneat
1631 2875 1744 2924 igitur
1759 2869 1956 2910 Catholica
1987 2873 2150 2921 veritas,
2181 2887 2298 2924 quam
2314 2876 2436 2914 Cous

1289 2927 1426 2966 cilium
1458 2928 1567 2965 'Prid-
1599 2925 1657 2962 his
1699 2924 1827 2962 verbis
1856 2926 2036 2976 expressit
2064 2926 2163 2965 Sess.
2196 2926 2262 2966 Vl.
2306 2943 2340 2966 c.
2371 2942 2412 2982 9.

1292 3010 1317 3029 „
1347 2981 1537 3029 Quamvis
1566 2987 1692 3017 autem
1724 2979 1978 3016 necessarium
2010 2980 2057 3017 sit
2077 2980 2256 3029 credere,
2288 2996 2410 3034 neque

1291 3063 1316 3082 „
1348 3036 1516 3081 remitti,
1547 3046 1668 3083 neque
1701 3033 1853 3069 remissa
1885 3045 2057 3085 unquam
2087 3034 2202 3072 fuisse
2231 3047 2410 3086 peccata,

1291 3116 1315 3135 „
1345 3090 1413 3125 nisi
1446 3087 1561 3138 gratis
1590 3086 1720 3123 divina
1743 3086 2004 3124 misericordia
2025 3097 2177 3139 propter
2192 3087 2411 3135 Christum;

1290 3169 1316 3189 ,‚
1347 3141 1491 3178 nemini
1523 3149 1647 3176 tamen
1678 3137 1860 3177 fiduciam
1879 3169 1890 3187 ,
1921 3137 1954 3175 8<
1982 3141 2249 3180 certitudinem
2281 3145 2410 3180 remis-

1291 3223 1315 3241 „
1346 3194 1458 3231 sionis
1489 3200 1731 3243 peccatorum
1763 3205 1917 3230 suorum
1939 3192 2119 3244 jactanti,
2151 3194 2184 3231 ἃ
2219 3195 2256 3232 in
2290 3211 2332 3233 ea
2353 3209 2408 3233 so-

1293 3277 1317 3294 „
1349 3246 1385 3285 la
1415 3245 1652 3297 quiescenti,
1681 3255 1836 3297 peccata
1865 3246 2035 3295 dimitti,
2066 3247 2126 3285 vet
2157 3247 2311 3286 dimissa
2333 3260 2409 3284 esse

1292 3330 1317 3348 „
1348 3299 1552 3338 dicendum
1582 3307 1657 3336 est:
1688 3313 1777 3337 cum
1807 3301 1909 3352 apud
1927 3299 2151 3350 haereticos,
2181 3301 2410 3338 &schisma-

1292 3382 1318 3402 „
1349 3355 1437 3392 ticos
1468 3352 1581 3404 possit
1615 3365 1717 3400 esse,
1747 3353 1828 3392 imo
1854 3363 1981 3393 nostra
2009 3363 2228 3409 tempestate
2258 3354 2328 3399 sit,
2373 3350 2408 3388 8<

2220 3434 2244 3454 ,‚
2276 3419 2355 3442 ma-
