2570 3745
828 136 907 180 DE
941 136 1251 182 CORNELIO
1283 134 1611 179 JANSENIO.

89 219 273 272 gebatur,
301 226 462 264 testans,
491 215 692 255 damnare
720 228 763 253 se
791 217 908 254 corde
925 246 934 263 ,
964 218 1012 257 &
1031 230 1099 255 ore
1127 217 1193 256 ‹lo-

89 277 264 311 ctrinam
285 273 322 310 5.
358 273 665 321 propositionum
700 268 867 307 Cornelii
896 269 1077 308 Jansenii
1098 301 1109 319 ‚
1152 275 1194 308 in

89 327 176 364 e'us
194 324 290 363 libro
303 354 315 373 ‚
343 327 406 361 cui
419 324 550 360 titulus
569 323 830 374 Augustinus,
851 334 1079 372 contentas,
1094 337 1193 374 quas

120 376 274 429 01111101,-
290 407 301 426 ,
329 377 379 418 <9⁴
394 375 580 426 Episcopi
610 377 697 424 jam
718 376 964 414 damnarunt
981 392 994 414 .·
1023 390 1112 428 quoe
1127 376 1192 414 ‹lo-

83 434 216 469 ctrina
235 430 276 468 S.
299 431 506 482 Augustini
536 442 615 467 non
644 439 728 478 est,
757 440 797 467 nt
814 430 1026 468 lans-euius
1054 440 1194 468 contra

83 481 198 536 hujus
227 483 268 522 S.
290 482 472 522 Doctoris
502 493 680 521 mentem
711 485 918 533 implicarit
938 511 948 522 .
989 484 1088 521 Huic
1121 485 1194 521 sor-

84 535 254 575 mulatio
291 535 596 598 irrefragabilem
639 539 898 575 anctoritatem
940 536 1076 587 adjecit
1106 537 1193 574 Ate-

79 590 226 628 311111101-
246 589 353 637 Vll.,
381 604 448 641 qni
479 590 697 628 Innocentio
718 590 768 628 X.
801 593 836 627 111
858 589 1071 642 Apostolica
1095 589 1191 627 Petri

82 641 180 680 Sede
207 652 456 689 successerat,
486 643 684 682 declarans
702 645 738 680 111
761 657 825 680 sna
841 643 1109 681 Constitutione
1133 642 1193 679 Ad

82 694 256 734 Sacram
287 695 333 734 Β.
365 695 469 733 Petri
485 695 629 733 Setlern
648 696 720 734 Dte
743 696 802 734 16.
832 699 917 734 Oct.
940 695 1053 734 1656.
1083 709 1192 745 qum-

109 761 157 786 ue
184 749 276 787 illas
302 753 586 800 propositiones
615 762 668 786 ex
697 748 792 786 libro
823 748 992 786 Cornelii
1011 748 1193 786 Jansenii

81 762 256 853 iprensis
275 801 483 853 Episcopi,
513 807 573 840 cui
601 802 734 840 titulus
764 802 1026 854 Augustinus,
1054 814 1193 839 excer-

81 864 196 906 ptas,
222 869 274 894 ac
304 860 345 893 in
373 869 491 894 sensu
520 854 571 894 ab
600 854 740 892 eodem
759 854 940 892 Cornelio
956 858 1105 892 intento
1120 854 1194 892 ‹la-

81 918 249 946 mnatas
264 907 424 961 juisse.
451 908 499 947 Et
529 910 665 946 iterum
696 908 733 944 in
765 907 840 944 alio
859 908 1193 960 lii-evipostquin-

79 964 294 1014 quennium
324 964 459 1001 emisso
479 973 511 999 1.
529 960 626 1011 Aug.
649 958 764 998 1661.
792 962 996 1011 increpans
1014 972 1097 1007 eos,
1126 962 1192 1011 qni

80 1015 398 1067 refragabantur,
428 1012 532 1052 velut
552 1016 810 1059 temerarior,
842 1011 1082 1059 mendaces,
1104 1026 1192 1049 ma-

81 1069 208 1106 iorum
235 1070 477 1105 zizaniorum
506 1069 548 1102 in
577 1078 678 1117 agro
707 1064 873 1103 Domini
902 1067 1165 1102 seminatores
1182 1095 1192 1113 ,

82 1120 280 1159 Ecclesia·
307 1117 516 1157 catholicae
543 1116 833 1167 perturbatores
852 1147 863 1165 ,
900 1126 1084 1154 auctores
1114 1127 1195 1153 tur-

75 1177 227 1224 pissimi
253 1171 480 1211 schismatis
496 1201 510 1220 ,
536 1175 579 1209 in
607 1169 742 1222 quibus
769 1174 966 1222 protervia
996 1169 1191 1208 clio-nosci-

74 1237 166 1274 tur,
207 1223 521 1264 cavillationibus
549 1223 747 1272 subdolis,
789 1225 840 1264 (9⁶
876 1203 1101 1262 circuitigus
1129 1222 1193 1260 οό-

74 1283 183 1318 viam
211 1277 330 1318 eundi·
350 1277 546 1317 Ecclesiae
574 1276 866 1331 definitionibus
884 1304 894 1315 .
925 1277 972 1315 Et
992 1278 1085 1329 quia
1101 1290 1194 1315 non-

71 1332 170 1371 nulli
199 1333 271 1372 sub
299 1332 467 1371 Jansenii
493 1332 598 1369 corio
625 1330 699 1370 SS.
719 1331 948 1382 Augustini,
979 1330 1011 1367 8t
1029 1329 1192 1368 Thomas

74 1385 286 1423 doctrinam
316 1385 561 1423 condemnari
578 1414 595 1432 ,
619 1383 952 1422 calumniabantur
968 1413 982 1431 ,
1010 1383 1111 1421 idem
1143 1385 1194 1421 A·

76 1436 232 1476 lexand.
255 1437 340 1475 Vll.
370 1438 414 1475 in
440 1438 553 1475 Brevi
584 1437 630 1475 ad
660 1436 872 1488 Theologos
888 1436 1138 1475 Lovanienses
1158 1451 1193 1487 7.

74 1490 175 1541 Aug.
201 1489 316 1530 1660.
344 1489 439 1528 Non
455 1489 708 1538 dubitamus,
734 1491 878 1541 inquit,
907 1493 999 1539 quin
1017 1503 1081 1527 vos
1095 1502 1195 1540 proe-

73 1543 391 1582 clariss-imorum
422 1542 618 1582 Ecclesiae
646 1542 866 1580 Doctorum
884 1543 1117 1594 Augustini,
1144 1543 1194 1583 ὠ

78 1595 244 1635 Thomoe
273 1597 484 1647 Aquinatis
513 1600 752 1633 inconcussa
773 1624 784 1643 ,
820 1599 1098 1646 mitissimaque
1126 1595 1193 1633 do-

72 1658 217 1702 gmata
247 1651 356 1700 sequi
382 1661 567 1699 semper,
609 1657 649 1684 ut
679 1651 860 1685 asseritis
881 1677 892 1695 ,
934 1647 984 1688 (θ’
1014 1652 1192 1699 impense

71 1705 241 1741 revereri
259 1701 405 1740 velitis.
437 1700 614 1751 Quorum
643 1699 820 1752 profecto
840 1703 1189 1738 sanctissimorum

72 1759 242 1794 virorum
269 1767 390 1805 penes
418 1754 632 1793 catholicos
661 1758 862 1792 universos
891 1757 1098 1804 ingenita,
1140 1755 1190 1794 <9¹

73 1821 238 1846 omnem
266 1807 427 1846 laudem
455 1821 713 1861 supergressa
742 1811 911 1846 nomina
931 1811 1018 1846 nori
1037 1820 1188 1859 proeco-

75 1865 133 1899 nii
161 1861 511 1900 commendatione
539 1874 620 1899 non
650 1870 795 1914 egent.

125 1913 192 1965 67.
221 1913 329 1952 Dum
356 1914 453 1953 bene
481 1913 593 1953 multi
635 1928 706 1952 nec
750 1915 831 1952 istis
862 1913 1074 1962 mandatis,
1117 1927 1189 1953 nec

71 1965 264 2006 Pontificis
291 1967 608 2015 confirmatione,
638 1981 707 2006 nec
738 1967 846 2019 Regis
875 1970 1094 2006 auctoritate
1123 1968 1187 2005 ad-

48 2021 162 2059 oduei
191 2030 362 2072 possent,
404 2030 446 2059 ut
475 2020 566 2060 111110
595 2021 696 2060 Cleri
728 2021 922 2059 Gallicani
962 2019 1188 2059 formulario

72 2073 355 2112 subscriberent
372 2104 385 2122 ‚
430 2074 589 2113 demum
632 2074 848 2113 Alexander
884 2073 972 2113 Vll.
1016 2073 1190 2125 ejusdem

71 2125 175 2165 Cleri
195 2125 391 2166 Gallicani
422 2128 602 2180 precibus
630 2138 840 2166 commotus
857 2157 867 2176 ,
897 2127 1074 2175 Stratus,
1104 2126 1189 2164 nul-

74 2178 156 2216 lum
185 2179 294 2217 aliud
320 2180 541 2219 remedium
569 2180 772 2233 pestiferae
800 2180 916 2234 hujus
936 2184 1188 2233 contagionis

73 2230 245 2282 reliquiis
272 2233 521 2283 extirpandis
550 2233 725 2273 adhiberi
754 2247 892 2286 posse,
929 2247 1052 2286 quam
1082 2237 1115 2272 si
1144 2247 1189 2271 o-

73 2296 189 2322 mnes
216 2294 371 2323 certam
387 2284 618 2337 formulam
647 2286 930 2325 subscriberent
965 2291 1086 2338 ipsius
1113 2300 1186 2325 au-

73 2340 257 2376 ctoritate
273 2337 498 2389 firmatam
529 2342 642 2387 (sunt
664 2340 780 2378 verba
795 2339 992 2378 Pontificis
1012 2341 1026 2388 )
1044 2371 1054 2386 ,
1085 2340 1186 2378 cele-

70 2389 181 2428 brem
219 2389 336 2428 edidit
370 2391 677 2429 constitutionem
717 2392 936 2445 Regiminis
973 2393 1186 2445 Apostolici

70 2457 164 2481 ann.
198 2441 313 2482 1665.
341 2442 403 2480 die
438 2443 501 2481 15.
530 2442 670 2491 Febr„
700 2446 742 2482 in
766 2459 843 2498 qua
871 2445 943 2484 hoc
972 2445 1079 2484 aliud
1110 2447 1185 2484 for-

72 2496 285 2535 mularium
316 2496 549 2547 praescripsit
566 2526 577 2544 ,
619 2497 683 2534 cui
711 2509 839 2536 omnes
868 2498 1109 2537 subscribere
1134 2508 1186 2537 te-

73 2557 225 2587 nentur:
268 2546 360 2638 Εξο
392 2546 665 2586 Constitutioni
695 2549 931 2600 Apostolicae
961 2549 1099 2590 Innoc.
1128 2548 1184 2592 Χ.

72 2600 183 2640 datoe
211 2600 274 2639 die
303 2631 312 2639 .
335 2615 368 2639 1.
397 2600 511 2654 Maji·
546 2602 682 2650 1653„
712 2604 761 2644 (9⁶
794 2603 1067 2642 Constitutioni
1096 2605 1186 2643 Ale-

71 2654 223 2694 xandri
253 2651 364 2703 VIL,
394 2653 504 2694 datoe
533 2654 595 2694 die
631 2655 689 2694 16.
713 2655 892 2695 Octobris
925 2656 1036 2696 1656.
1067 2657 1184 2696 Sum-

70 2721 229 2746 morum
244 2706 483 2761 Pontificum
514 2722 580 2748 me
607 2708 767 2762 subjicio
784 2740 795 2758 ‚
824 2710 874 2750 (θ’
903 2715 1068 2762 quinque
1095 2725 1183 2764 pro-

71 2765 282 2811 positiones
309 2775 363 2800 ex
395 2760 566 2801 Cornelii
584 2761 766 2801 Jansenii
797 2762 890 2801 libro
907 2793 917 2811 ,
947 2768 1009 2802 cui
1037 2778 1185 2803 nomen

72 2814 342 2868 Augustinus,
385 2824 621 2866 excerpta-s,
664 2817 713 2857 <9¹
749 2821 789 2854 in
819 2829 937 2854 sensu
966 2815 1017 2854 ab
1047 2817 1186 2856 eodem

74 2876 240 2906 auctore
264 2872 441 2918 intento,
470 2879 583 2921 prout
612 2870 703 2908 illas
731 2883 799 2920 per
828 2869 957 2907 dictas
990 2868 1186 2908 Constitu-

72 2923 199 2958 tiones
227 2920 348 2960 Sedes
379 2923 603 2973 Apostolica
631 2923 868 2972 damnavit,
911 2927 1067 2961 sincero
1096 2927 1186 2961 ani-

70 2987 140 3014 mo
154 2975 291 3028 rejicio
306 3004 321 3026 2
345 2987 395 3014 ac
415 2975 594 3028 damno,
619 2978 669 3020 <9⁹
689 2981 746 3016 ita
759 2979 879 3032 juro.
907 2976 972 3016 Sic
994 2989 1058 3016 me
1074 2975 1186 3015 Deus

112 3138 162 3175 (a)
188 3136 301 3170 Acuta
324 3136 390 3171 hac
415 3138 891 3175 utebantur·similitudine.
934 3141 969 3174 Si
1007 3152 1091 3181 rex,
1126 3140 1178 3174 in-

68 3182 234 3225 quiebant
250 3204 262 3223 ,
297 3184 402 3217 talem
428 3184 603 3220 hominem
629 3188 667 3220 in
689 3189 749 3221 tali
777 3187 880 3221 domo
905 3196 1179 3221 commorantem

69 3228 310 3278 comprehendi
337 3230 505 3275 juberet,
530 3232 735 3268 mandatum
759 3246 804 3268 ex,
829 3243 955 3267 natura
979 3246 1040 3267 sua
1067 3234 1177 3267 horni-

69 3275 488 3324 uns-cmnprehensionem
516 3286 650 3313 tantum
677 3282 894 3325 respiceret3
915 3279 1037 3314 domus
1063 3290 1178 3314 antem

66 3315 263 3362 filestgwio
284 3332 373 3357 esset
399 3325 667 3359 circumstantia
692 3326 919 3360 accidentalis
936 3349 946 3366 ‚
971 3338 1084 3371 quiam
1106 3338 1181 3359 cer-

70 3371 104 3400 te
128 3364 334 3405 mandatum
347 3371 456 3417 Regis
477 3371 621 3409 minime
646 3371 840 3409 intenderet
856 3396 864 3407 .
890 3374 938 3410 At
964 3383 1046 3409 vero
1059 3394 1072 3415 ,
1096 3372 1179 3407 sub-

2265 138 2322 193 69

1262 215 1449 267 adjuvet,
1491 214 1540 254 (9¹
1570 212 1654 250 haec
1691 222 1837 250 sancta
1866 213 2116 267 Evangelia.
2162 214 2375 253 Auctoritas

1262 270 1375 307 etiarn
1408 266 1522 318 Regia
1551 267 1731 312 accessit,
1771 265 1803 299 ἃ
1832 268 2010 305 omnibns
2041 265 2375 319 Α10111ορ130ορ13,

1261 322 1295 359 ἃ
1312 321 1512 373 Episcopis
1539 320 1705 358 districte
1736 319 1955 356 mandatum
1973 349 1984 366 ,
2015 330 2054 357 111
2082 321 2152 357 hoc
2175 319 2376 359 Formula·

1262 377 1362 413 rium
1393 388 1415 412 a
1442 372 1603 424 singulis
1625 371 1896 410 Ecclesiasticis
1918 374 2112 423 utriusque
2133 387 2240 411 sexus
2257 403 2279 424 ³.
2299 375 2374 413 1111·-

1262 441 1326 467 1110
1362 426 1396 465 Bt
1431 441 1454 464 a
1484 426 1774 476 Luditnagistris
1812 424 1955 476 absque
1996 424 2076 461 nlla
2110 427 2374 475 distinctione,

1263 481 1539 533 explicatione,
1565 478 1628 517 vel
1659 478 1889 516 restrictione
1917 476 2107 515 subscribi
2136 490 2340 517 curarent.

1314 533 1382 572 68.
1413 533 1493 571 Hoc
1524 530 1748 570 formulario
1774 530 1943 568 Jausenii
1972 530 2183 567 defensores
2212 533 2256 570 ad
2288 533 2376 572 ulti.

1263 602 1346 624 mas
1371 587 1560 638 angustias
1590 585 1730 623 redacti
1759 594 1871 629 sunt3
1901 584 1935 619 &
1964 592 2054 620 tuuc
2077 584 2114 620 in
2138 585 2259 620 varias
2279 599 2375 635 qua-

1262 642 1291 678 si
1322 649 1442 678 sectas
1466 639 1671 677 abierunt.
1710 638 1924 675 Commune
1953 636 2110 689 quidem
2138 645 2215 673 erat
2244 650 2376 675 eorum

1260 695 1435 731 omnium
1465 692 1725 745 principium:
1754 720 1781 738 „
1804 690 1965 728 Factum
1993 704 2016 727 a
2044 689 2216 739 dogmate
2237 689 2373 727 distin-

1262 776 1289 795 „
1319 745 1512 798 guendum
1543 758 1650 793 esse,
1679 745 1719 782 111
1749 744 1921 795 dogmate
1949 742 2228 794 agnoscendum
2245 741 2378 780 Eccle-

1263 829 1287 847 ‚,
1318 801 1386 838 siae
1414 796 1667 838 infallibilem
1695 798 1957 835 auctoritatem
1975 825 1991 842 ,
2034 811 2056 834 a
2084 794 2234 833 Christo
2262 809 2382 846 usqne

1263 883 1289 901 „
1319 853 1365 890 ad
1386 852 1755 891 consummationem
1768 850 1935 897 Saeculi,
1965 851 1999 887 ei
2022 850 2273 901 promissam,
2303 861 2381 886 uon

1263 935 1288 954 „
1318 907 1372 944 sic
1402 914 1530 943 autem
1570 905 1608 942 in
1639 904 1764 952 sacto,
1805 903 2020 955 cujusmodi
2065 911 2144 939 erat
2184 901 2379 939 attributio

1263 988 1289 1006 „
1319 960 1492 1011 quinque
1521 959 1787 996 damnatarum
1826 957 2126 1009 propositionum
2166 954 2256 992 libri
2287 954 2379 992 Jun-

1262 1040 1287 1059 ‚‚
1317 1013 1412 1049 senii
1430 1012 1450 1027 ‘'
1470 1038 1481 1050 .
1512 1011 1593 1048 Hoc
1615 1012 1774 1062 inquam
1797 1019 1874 1047 erat
1894 1023 2098 1047 commune
2121 1021 2252 1045 eornm
2275 1009 2378 1059 priu-

1263 1065 1439 1114 cipium3
1468 1065 1531 1102 sed
1559 1073 1745 1116 quantum
1777 1063 1825 1102 ad
1854 1063 2173 1114 subscriptionem
2196 1062 2233 1099 111
2256 1061 2383 1099 varias

1261 1115 1566 1154 distrahebantur
1596 1118 1815 1154 sententias.
1847 1116 2018 1163 Quatuor
2049 1114 2258 1166 Episcopi,
2291 1114 2379 1152 Ate-

1265 1169 1400 1206 ctensis
1418 1198 1427 1216 ,
1451 1170 1694 1220 Apamiensis
1709 1199 1718 1216 ,
1749 1169 2023 1207 Bellovacensis
2040 1199 2050 1216 ,
2080 1167 2114 1204 8(
2134 1168 2379 1218 Anilegaveu-

1264 1221 1313 1258 sis
1331 1251 1341 1268 ,
1372 1220 1479 1259 nulla
1508 1223 1809 1273 tergiversatione
1827 1251 1837 1269 ,
1867 1231 1930 1259 aut
1959 1224 2071 1259 tacita
2090 1220 2384 1258 difficultatione

1264 1275 1318 1311 uti
1349 1287 1452 1326 posse
1479 1284 1697 1322 censentes,
1727 1283 1856 1325 aperta
1885 1275 2006 1312 fronte
2035 1273 2304 1320 declararunt,
2340 1286 2379 1311 se

1264 1325 1509 1366 Formulario
1537 1327 1776 1365 subscribere
1793 1356 1804 1374 ,
1847 1325 1883 1362 δι
1910 1326 2101 1365 subscribi
2141 1340 2165 1362 a
2192 1327 2269 1364 suis
2297 1327 2380 1363 ovi-

1262 1380 1334 1418 bus
1363 1379 1525 1432 jubere,
1567 1390 1754 1433 quantum
1784 1379 1832 1417 ad
1860 1377 1948 1431 jus,
1990 1393 2056 1416 seu
2094 1378 2379 1416 condemnatio·

1262 1447 1350 1472 nem
1375 1435 1414 1472 5.
1457 1436 1759 1485 ropositionuin3
1786 1432 1853 1472 sed
1880 1441 2068 1485 quantum
2097 1439 2236 1483 spectat
2257 1432 2303 1469 ad
2326 1430 2383 1468 fa-

1262 1496 1365 1525 ctum
1383 1517 1394 1536 ,
1424 1449 1496 1524 linc
1526 1496 1579 1526 est
1608 1488 1831 1525 earumdem
1859 1485 2142 1524 attributionem
2171 1484 2271 1523 libro
2289 1483 2381 1523 ,11111-

1261 1540 1388 1587 senii,
1417 1554 1455 1577 se
1476 1539 1715 1578 subscribere
1735 1541 1813 1577 sine
1839 1538 2036 1577 mendacio
2055 1551 2130 1576 uon
2147 1551 2270 1589 posse;
2302 1538 2382 1590 Ap-

1261 1592 1455 1644 postolIcae
1489 1602 1614 1631 tamen
1635 1593 1742 1632 Sedis
1771 1592 1986 1629 auctoritati
2013 1604 2051 1629 se
2081 1599 2232 1629 eatenus
2261 1600 2381 1628 exter-

1260 1659 1308 1682 ne
1339 1647 1554 1698 parituros‚
1599 1655 1637 1683 111
1669 1644 1843 1696 religioso
1880 1644 2028 1682 silentio
2065 1642 2188 1681 nullas
2215 1645 2384 1685 excitent

1259 1697 1388 1736 turbas
1407 1712 1423 1744 ·,
1459 1698 1559 1750 quod
1589 1700 1821 1736 extrinsecus
1850 1695 2128 1736 Ecclesiasticae
2159 1695 2382 1747 disciplinae

1258 1751 1350 1788 ordo
1379 1753 1522 1803 exigit.
1555 1751 1622 1788 His
1651 1752 1767 1802 pauci
1795 1750 1863 1787 alii
1893 1748 2125 1787 adbaerentes
2155 1749 2385 1787 uumeribus

1259 1804 1438 1842 omnibus
1456 1834 1466 1853 ‚
1496 1804 1681 1856 bonisque
1711 1802 1938 1855 exspoliati,
1968 1800 2129 1840 exilium
2148 1831 2158 1849 ,
2189 1800 2223 1836 ἃ
2243 1800 2320 1840 alia
2340 1815 2383 1839 a-

1256 1857 1434 1896 cerbiora
1463 1857 1567 1895 mala
1597 1859 1741 1909 perpeti
1765 1854 2004 1903 maluerunt,
2035 1869 2152 1908 quam
2175 1854 2384 1893 Fon-mula-

1258 1912 1316 1948 rio
1345 1910 1586 1949 subscribere
1603 1941 1613 1959 ,
1651 1910 1755 1963 quod
1782 1911 1862 1948 sine
1888 1908 2060 1962 perjurio
2087 1909 2214 1947 facere
2241 1922 2279 1948 se
2307 1921 2385 1946 1101)

1257 1977 1364 2016 posse
1391 1964 1617 2002 dictabant.

1311 2016 1377 2069 69.
1408 2016 1488 2055 Alii
1519 2027 1649 2056 tamen
1674 2017 1908 2055 remissiores
1937 2017 2027 2055 vitae
2056 2016 2259 2054 commoda
2287 2028 2380 2054 etun

1255 2069 1424 2108 Jausenii
1455 2071 1675 2109 defensione
1707 2070 1935 2121 conjungere
1978 2069 2211 2120 cupientes,
2252 2070 2385 2106 miuus

1257 2132 1386 2175 aperte
1415 2123 1706 2175 refragabantur
1723 2152 1734 2171 ,
1765 2122 1798 2159 81
1814 2123 1931 2160 talem
1952 2120 2196 2159 Formulario
2209 2121 2377 2159 subscri-

1256 2178 1425 2231 ptionem
1455 2190 1493 2213 se
1523 2185 1706 2228 praestare·
1731 2174 2039 2228 profitebantur,
2064 2173 2219 2226 qualem
2241 2175 2279 2212 in
2304 2173 2379 2211 liu--

1254 2230 1423 2280 jusmodi¹
1443 2229 1737 2267 circumstantiis
1753 2226 1927 2266 Ecclesia
1948 2227 2097 2279 exigere
2116 2240 2266 2278 semper
2285 2238 2381 2264 con-

1254 2285 1407 2328 suevit3
1437 2296 1507 2334 pro
1535 2291 1636 2320 certo
1663 2291 1790 2320 autem
1822 2280 2041 2328 habebant,
2071 2281 2221 2317 nonnisi
2251 2288 2378 2317 exter·

1253 2350 1345 2374 nam
1373 2336 1630 2374 obedientiam
1661 2336 1710 2373 ab
1730 2333 1903 2373 Ecclesia
1923 2334 2024 2384 exigi
2055 2345 2158 2383 posse
2176 2361 2186 2379 ,
2216 2331 2251 2368 δε
2279 2331 2377 2370 sole·

1253 2403 1321 2428 re.
1364 2390 1530 2436 Quidem
1562 2388 1784 2427 verbalibus
1812 2388 1906 2425 actis
1941 2386 2086 2438 scripto
2118 2386 2376 2437 consignatis,

1254 2442 1428 2481 nonnulli
1459 2443 1584 2480 solum
1612 2451 1788 2479 oretenus
1810 2441 1979 2492 idipsum
2001 2437 2260 2477 testabantur.
2290 2438 2372 2477 Ali-

1254 2499 1321 2548 qui
1351 2498 1468 2534 etiam
1495 2508 1696 2548 suppresso
1726 2495 1878 2545 penitus
1905 2493 2074 2531 Jansenii
2108 2492 2292 2538 nomine,
2334 2504 2378 2528 se

1254 2549 1373 2587 talem
1403 2547 1640 2587 Formularii
1677 2547 1999 2599 subscriptionem
2037 2554 2216 2596 praestare
2244 2542 2376 2582 decla-

1255 2602 1415 2651 rabant,
1452 2616 1529 2654 qua
1558 2601 1688 2653 palam
1718 2609 1925 2646 constaret,
1969 2611 2006 2635 se
2033 2598 2203 2648 quinque
2232 2607 2375 2646 propo.

1253 2658 1406 2695 sitiones
1432 2656 1579 2694 sincere
1606 2656 1813 2693 damnare.
1843 2651 1923 2689 Nec
1951 2651 2117 2698 denique
2136 2647 2372 2697 defuerunt,

1252 2710 1320 2761 qni
1348 2709 1552 2757 docerent,
1597 2722 1762 2760 puram,
1805 2704 1839 2740 ἃ
1868 2700 2089 2761 simplicem
2121 2699 2369 2752 subscriptio-

1253 2776 1342 2801 nem
1371 2762 1616 2800 Formulario
1646 2759 1850 2813 praestitam
1881 2768 1924 2792 ex
1954 2767 1991 2792 se
2021 2767 2130 2806 ipsa,
2160 2767 2204 2792 ac
2234 2763 2373 2793 natura

1253 2830 1321 2854 sua
1348 2815 1472 2854 solum
1503 2817 1542 2854 in
1571 2814 1633 2865 jus
1660 2812 1824 2856 cadere,
1863 2820 1939 2846 non
1968 2816 2096 2844 antem
2126 2809 2166 2845 in
2194 2807 2372 2857 factum,

1252 2883 1343 2907 cum
1373 2870 1516 2907 facturn
1545 2876 1680 2905 natura
1709 2877 1776 2899 sna
1805 2876 1827 2899 a
1847 2859 1930 2912 jure
1950 2860 2171 2898 distinctum
2194 2863 2268 2908 sit,
2295 2874 2370 2900 uec

1252 2921 1455 2960 infallibili
1478 2919 1660 2959 Ecclesiae
1688 2914 1902 2954 definitioni
1932 2913 2151 2965 subjectum
2174 2914 2262 2963 (a).
2292 2913 2370 2951 Sed

1252 2973 1390 3015 borum
1417 2975 1592 3012 omnium
1622 2968 1782 3008 subdola
1823 2967 1959 3021 agendi
2001 2968 2099 3006 ratio
2139 2967 2281 3005 nedum
2318 2967 2372 3005 ah

2230 3018 2292 3058 his
2306 3049 2321 3069 „

1246 3139 1374 3174 debant
1389 3160 1399 3178 ‚
1426 3146 1487 3181 per
1505 3132 1635 3179 Regem
1662 3132 1811 3178 intelligi
1829 3131 1984 3177 Papam,
2010 3140 2072 3175 per
2095 3128 2272 3163 hominem
2297 3125 2364 3160 da-

1245 3194 1405 3220 mnat-im
1433 3180 1474 3214 ad
1501 3180 1640 3214 vincula
1663 3180 1817 3225 quinque
1844 3178 2122 3224 propositiones,
2157 3178 2188 3207 &
2214 3186 2279 3225 per·-
2299 3171 2365 3206 do-

1246 3243 1347 3266 mnm
1362 3228 1517 3262 Jansenii
1544 3227 1697 3262 librum.
1725 3226 1791 3259 vet
1814 3226 1922 3259 etiarn
1947 3221 2119 3257 addebant
2138 3222 2196 3254 alii
2214 3242 2224 3261 ‚
2253 3232 2280 3253 si
2302 3230 2370 3270 pu·

1244 3278 1345 3312 blico
1364 3273 1479 3308 edicto
1502 3281 1624 3308 notum
1647 3273 1770 3313 fier-ei,
1805 3269 1982 3317 quasdam
2019 3267 2208 3301 medicinas
2239 3273 2366 3318 'nestas

1244 3335 1317 3356 esse
1332 3344 1342 3362 ,
1369 3333 1446 3366 (με
1472 3321 1510 3353 in
1533 3329 1633 3354 certo
1651 3319 1919 3368 plxarrnmopaeo
1943 3313 2167 3354 venduntur,
2193 3319 2365 3362 principa-

1245 3370 1289 3404 113
1316 3366 1422 3403 edicti
1446 3366 1528 3403 finis
1550 3374 1640 3403 esset
1650 3387 1670 3409 ‚
1690 3373 1730 3401 nt
1755 3364 1800 3401 ab
1823 3360 1998 3411 ejusmodi
2020 3359 2284 3397 medicamentis
2300 3353 2369 3388 ho-
