2562 3694
823 120 907 167 DE
940 120 1185 167 mvnvs
1217 119 1578 166 SINENSIBUS
1602 150 1614 164 .

63 236 100 262 3,
126 220 191 248 eos
217 212 345 260 utpote
371 201 674 258 superstitionem
702 200 868 251 olentes,
897 204 979 242 sine
996 202 1186 254 graviRe-

69 294 98 315 „
127 263 282 316 ligionis
308 259 451 300 im'nria
479 257 648 310 permitti
669 255 775 294 nullo
795 256 907 296 modo
926 270 1032 308 posse
1047 271 1187 295 assere-

68 347 99 369 „
127 325 209 356 rent
239 339 295 354 ...-
366 312 465 349 rimo
493 312 622 364 itaque
649 310 697 348 ad
725 310 876 351 Sanctae
904 310 1013 349 Sedis
1040 310 1187 348 Tribu-

66 402 97 423 ‚,
125 370 189 410 nal
216 378 374 406 eausam
402 363 500 403 banc
530 364 744 403 detulerunt
773 365 825 412 ii,
855 365 921 417 qui
938 365 1189 402 ceremonias

69 454 99 475 ,²
126 422 240 468 inu,
278 419 312 456 ἃ
341 419 435 456 ritus
462 418 612 458 Sinicos
639 419 905 470 superstitione
932 417 1098 455 imbutos
1125 431 1187 455 su-

65 506 98 528 „
125 473 401 528 opinabantur.
430 471 555 525 Super
583 471 660 510 illis
687 471 805 509 dubia
835 470 1021 509 nonnulla
1051 483 1189 523 propo-

68 559 98 580 „
127 530 197 566 sita
226 527 379 565 fuerunt
405 525 698 577 congregationi
727 525 775 563 de
802 523 1047 577 Propagauda
1066 523 1188 572 Fide,

62 612 96 634 „
122 593 211 634 quae
240 592 343 619 anno
375 578 490 624 1645.
519 578 784 631 comprobavit
813 591 1015 630 responsa,
1046 591 1091 615 ac
1120 577 1186 614 de-

62 665 97 687 „
125 636 286 673 cisiones
313 631 595 683 Tlieologorum
614 661 626 680 ‚
667 633 734 684 qui
763 633 1040 680 caeremonias,
1071 630 1103 667 8(
1135 632 1187 669 ri-

63 718 95 740 „
123 697 183 727 tus
210 687 359 726 eosdem
388 687 651 739 superstitione
680 698 813 723 revera
852 686 1011 723 infectos
1038 684 1188 735 judica-

66 771 97 793 „
125 749 238 780 runt.
269 739 431 779 Proinde
459 740 703 779 innocentius
729 739 783 778 Χ.
812 739 858 777 ad
889 739 1060 791 praefatae
1090 738 1189 776 Con-

65 825 96 847 „
124 795 349 848 gregatioms
378 807 509 846 preces
536 793 743 840 omuibus,
785 791 819 829 St
849 792 1008 844 singulis
1037 790 1191 830 Missio-

64 877 98 898 ‚,
126 850 248 888 uariis
275 847 347 886 sub
375 860 493 899 poeua
513 847 920 885 excommunicationis
939 846 1026 884 latae
1041 854 1190 884 senten-

66 912 112 952 ,ξ
125 904 218 950 tiae,
247 901 322 939 sibi
351 913 396 938 ac
437 899 480 939 S.
508 901 600 939 Sedi
629 909 859 948 reservatae,
897 899 1120 946 mandavit,
1152 906 1192 936 ut

59 985 95 1006 „
124 967 304 1007 responsa
320 984 331 1003 ‚
361 968 407 994 ac
431 953 642 993 decisiones
671 954 871 1006 praedictas
888 953 1044 991 omnino
1063 952 1190 990 obser-

63 1038 96 1059 „
125 1017 285 1056 νει-ειη,
315 1021 453 1060 easque
481 1007 526 1045 ad
550 1009 700 1060 praxim
720 1007 973 1053 deducerent,
1001 1005 1118 1043 donec
1140 1008 1190 1044 si-

65 1091 96 1111 „
124 1061 190 1110 bi,
219 1062 253 1098 Bt
274 1062 502 1111 Apostolicae
519 1061 607 1099 Sedi
637 1060 749 1099 aliter
779 1061 903 1098 visum
934 1071 1007 1096 nou
1030 1063 1161 1097 esset“
1179 1086 1190 1098 .

126 1116 215 1154 125.
245 1145 272 1164 „
303 1115 450 1153 Verum
479 1115 596 1167 paulo
625 1122 704 1165 post
733 1113 783 1150 ab
803 1113 890 1150 aliis
910 1111 1077 1162 ejusdem
1102 1113 1190 1150 mis-

65 1198 97 1218 „
126 1169 243 1207 sionis
269 1169 466 1220 Operariis
497 1170 726 1218 (praecipue
755 1165 800 1204 P.
832 1165 1016 1203 Martino
1038 1165 1190 1204 Marti-

63 1251 95 1272 „
123 1222 232 1271 nez)
261 1221 339 1258 alia
366 1221 487 1259 dubia
515 1221 563 1258 de
591 1220 727 1259 iisdem
756 1220 914 1269 ritibus,
945 1219 978 1255 ἃ
1006 1233 1192 1258 caeremo-

62 1303 96 1325 ‚‚
125 1274 200 1313 niis
229 1275 382 1326 ipsimet
408 1274 702 1326 congregationi
743 1274 791 1312 de
819 1273 1067 1325 Propaganda
1097 1274 1191 1312 Fide

61 1357 96 1378 3,
125 1328 279 1366 fuerunt
308 1326 478 1365 exhibita
496 1357 505 1375 2
549 1340 594 1365 ex
623 1327 764 1379 quibus
793 1329 1036 1365 caeremoniae
1067 1329 1160 1379 ipsae
1181 1358 1193 1374 ‚

65 1410 95 1431 9,
126 1382 295 1433 ritusque
324 1380 473 1419 nullam
505 1381 544 1418 in
573 1395 611 1420 se
638 1382 943 1432 superstitionem
975 1380 1115 1418 habere
1137 1382 1193 1419 vi·-

62 1463 94 1484 ‚,
124 1434 336 1472 debentur.
367 1434 571 1485 Negotium
603 1436 731 1485 itaque
750 1434 938 1484 ejusmodi
960 1433 1008 1471 ab
1030 1433 1194 1472 Alexan-

63 1516 95 1537 „
124 1487 193 1524 dro
214 1486 315 1540 Papa
331 1486 416 1526 Vll.
438 1489 478 1526 S.
503 1488 760 1540 inquisitionis
779 1488 1071 1540 Congregationi
1089 1502 1192 1526 com-

61 1569 96 1590 „
124 1542 283 1579 missurn
315 1540 413 1590 suit,
442 1555 532 1594 quae
565 1550 676 1593 prout
707 1542 841 1588 varia,
878 1542 1102 1594 diversaque
1133 1555 1193 1580 ra-

64 1622 96 1643 „
126 1594 224 1632 tione
253 1595 376 1633 fuerat
405 1595 480 1632 sibi
517 1596 564 1632 de
593 1594 728 1632 iisdem
769 1597 1008 1632 caeremouiis
1046 1598 1193 1647 exposi-

62 1673 95 1695 -‚‚
125 1655 205 1684 tum
228 1676 240 1694 ‚
283 1647 378 1685 alias
406 1646 565 1698 quidem
595 1655 776 1698 tanquam
820 1661 925 1684 mere
954 1647 1086 1685 civiles
1104 1678 1114 1695 ,
1156 1648 1192 1684 a&

63 1728 96 1749 3,
125 1698 297 1751 politicas
326 1714 403 1739 esse
433 1700 732 1753 permittendas,
779 1698 874 1736 alias
911 1712 1002 1735 vero
1031 1701 1193 1737 minime

64 1781 96 1802 ,‚
125 1752 275 1792 tolerari
298 1767 405 1806 posse
425 1754 611 1806 judicavit
630 1780 640 1791 .
670 1753 854 1805 idemque
876 1751 1089 1790 Alexander
1106 1752 1191 1791 Vll.

68 1834 97 1854 „
127 1804 299 1844 Pontifex
329 1821 420 1846 ann.
457 1806 572 1846 1656.
603 1805 700 1846 lianc
729 1807 954 1844 sententiam
985 1806 1189 1859 probavit,

69 1888 98 1909 „
124 1858 161 1895 ἃ
190 1860 438 1900 confirmavit
465 1864 493 1883 ‘⁶
515 1887 527 1899 .

127 1911 215 1950 126.
244 1913 340 1952 Haec
369 1916 476 1966 quasi
506 1915 676 1966 opposita
707 1913 869 1952 Decreta
898 1913 955 1952 liti
980 1915 1115 1951 iterum
1138 1915 1192 1951 in-

63 1966 282 2004 staurandas
311 1969 549 2007 occasionem
579 1968 761 2005 dederunt
779 1997 790 2015 ‚
820 1967 854 2004 8t
885 1969 992 2005 varia
1013 1969 1193 2017 utrinque

65 2020 208 2072 ocripta
238 2021 462 2072 prodierunt
491 2024 530 2061 in
561 2020 687 2060 lucem
705 2047 716 2059 .
748 2020 804 2058 Ex
836 2021 1100 2060 Dominicanis
1121 2019 1193 2057 PP.

65 2070 298 2121 Navarette‚
328 2073 363 2110 ἃ
392 2075 524 2124 Varo,
554 2088 599 2113 ex
628 2074 781 2117 Jesuitis
809 2073 880 2113 PP.
902 2073 1042 2113 Bartoli
1061 2104 1071 2121 ‚
1102 2073 1134 2110 ἃ
1159 2073 1194 2111 le

69 2124 219 2164 Tellier
248 2130 448 2180 praecipue
478 2129 737 2167 inclaruerunt
755 2153 765 2163 .
810 2127 910 2164 Hinc
940 2130 1048 2164 tertio
1076 2128 1120 2164 ad
1152 2127 1193 2166 S.

64 2177 204 2218 Sedem
234 2182 489 2219 controversia
517 2180 640 2218 delata
670 2189 749 2217 est.
780 2178 820 2217 P.
850 2180 906 2217 ἕο.
939 2180 1100 2218 l’olauco
1117 2180 1194 2218 Do-

64 2234 286 2272 minicanus
315 2232 476 2273 Romam
507 2235 661 2272 veniens
690 2232 800 2284 plura
830 2233 947 2272 dubia
969 2234 1011 2272 S.
1030 2234 1193 2286 lnt‘piisi-

64 2286 185 2324 tionis
211 2287 502 2339 congregationi
525 2289 718 2340 proposuit
737 2317 747 2333 ‚
778 2286 952 2338 illudque
975 2289 1190 2336 imprimis:

65 2368 96 2390 3,
125 2339 268 2378 Utrum
297 2340 424 2380 adhuc
453 2343 594 2393 vigeret
623 2342 833 2379 innocentii
866 2339 978 2393 Papae
1010 2341 1062 2379 X.
1094 2355 1192 2392 pree-

68 2423 96 2444 „
125 2402 279 2445 ceptum
297 2425 307 2444 ,
338 2396 440 2448 quod
470 2395 542 2434 sub
571 2409 686 2446 pena
714 2397 1116 2433 excommunicationis
1139 2395 1193 2433 la-

67 2476 96 2497 „
123 2454 174 2484 tae
204 2450 400 2486 sententiae
441 2449 643 2488 mandabat
671 2447 952 2487 observantiam
983 2451 1193 2500 responsio-

66 2513 96 2551 ,‚'
126 2513 245 2549 num,
274 2515 320 2540 ac
348 2503 580 2542 decisionum
605 2533 616 2551 ‚
645 2515 733 2555 quae
763 2517 783 2540 a
812 2503 1117 2555 Congregatiuue
1147 2504 1193 2542 de

66 2583 95 2604 „
124 2551 372 2607 Propaganda
402 2571 466 2596 an.
494 2556 608 2603 1645.
640 2566 678 2594 ut
708 2569 820 2607 supra
851 2551 994 2595 dictum
1028 2566 1077 2593 est
1101 2587 1111 2604 ‚
1155 2573 1193 2595 e-

68 2636 98 2657 „
125 2620 376 2648 manaverunt
399 2637 455 2649 ....
488 2609 689 2663 Respondit
719 2611 763 2647 ad
795 2608 879 2647 liaec
908 2610 948 2648 S.
982 2612 1194 2662 inqu-»isitiu-

68 2688 97 2710 „
125 2662 184 2700 nis
201 2661 449 2717 Congregatio
476 2663 675 2717 an.1669.
706 2664 1195 2717 praesatumCongregatio-

119 2819 170 2854 (ιι)
199 2815 284 2849 Hoec
309 2824 423 2850 sutem
450 2818 486 2850 in
513 2817 852 2862 &congregauonis
877 2817 1056 2861 responsis
1082 2818 1196 2851 eonti-

71 2861 245 2897 nebannu-
265 2884 273 2893 .
299 2861 415 2897 Primo
438 2864 552 2897 Deum
578 2863 824 2909 appellandum
849 2877 920 2897 esse
938 2866 1075 2897 nornine
1094 2862 1197 2897 Tien-

71 2908 146 2940 Ch&
163 2929 174 2948 ‚
200 2907 265 2940 hoc
291 2918 340 2942 est
361 2909 452 2944 Coela‘
471 2910 654 2943 Dominum
671 2932 681 2951 ‚
707 2923 776 2943 nnn
805 2921 920 2943 autem
942 2909 1026 2943 Tien
1046 2912 1195 2943 (mltum

72 2965 184 2998 neque
210 2953 340 2999 Kanug
365 2954 432 2997 Ti,
464 2956 557 3001 quod
583 2968 786 3001 supremum
815 2959 1060 3002 imperatorem
1089 2958 1198 3000 signi-

73 3000 182 3040 fient,
217 3013 256 3033 ac
283 3010 465 3046 propterea
490 3002 695 3036 inhibendas
721 3016 793 3036 esse
821 3004 966 3038 iat-elias
995 3005 1027 3036 in
1057 3004 1196 3047 templis

73 3045 221 3092 appendi
240 3048 359 3080 solitas
380 3060 458 3080 cum
481 3050 707 3093 inscriptione
726 3051 840 3083 Sinica
863 3050 1061 3093 [flag-Tum
1080 3071 1090 3090 ‚
1117 3051 1198 3082 (Ἦν-

73 3094 139 3127 lum
154 3096 261 3127 colito
274 3115 282 3124 -
313 3093 475 3128 Secundo
490 3106 557 3127 non
585 3096 688 3127 licere
702 3095 915 3129 Christianis
930 3108 1076 3140 preesse
1093 3117 1103 3135 ‚
1131 3097 1196 3129 mi-

73 3138 247 3181 nistrare,
274 3148 331 3172 aut
359 3142 525 3173 interesse
552 3141 764 3174 solemnibus
790 3142 995 3181 sacrificiis,
1022 3155 1078 3174 seu
1097 3142 1198 3176 obla-

74 3184 227 3220 tionibus
244 3208 254 3227 ,
279 3198 357 3232 quae
384 3199 401 3220 a
429 3187 632 3220 Sinensibus
659 3188 866 3232 infmroque
882 3188 1107 3231 li⁴2qiiinoctio
1131 3200 1194 3221 eu-

74 3229 282 3277 juscumque
307 3234 388 3265 anni
416 3234 585 3267 Confucio
604 3254 614 3272 ,
650 3236 682 3264 ἃ
708 3233 992 3277 progenitoribus
1017 3232 1192 3267 defunctis

74 3277 320 3319 celebrantur3
345 3278 505 3324 idemque
523 3279 692 3312 statuitur
710 3278 750 3310 de
778 3280 855 3312 aliis
870 3280 1086 3312 cmrcmoniis
1106 3300 1116 3319 ,
1141 3280 1191 3311 ri-

75 3323 171 3357 tibus
193 3344 203 3363 ‚
229 3326 261 3357 ἃ
286 3325 518 3360 oblationibus
533 3348 544 3366 ‚
569 3338 643 3370 quse
670 3326 703 3358 in
730 3324 862 3359 sedibus
880 3325 1038 3359 Cont'ucii
1056 3347 1066 3365 ,
1089 3325 1191 3358 Mino

73 3369 283 3417 appellatis,
308 3371 344 3404 in
368 3373 560 3408 Novilunio
577 3394 587 3414 ‚
614 3372 811 3406 plenilunio
827 3393 839 3413 ,
863 3373 1009 3417 aliisque
1032 3372 1192 3406 occasio-

2239 127 2316 172 151

1254 231 1282 253 „
1311 202 1369 240 nis
1397 201 1442 238 de
1472 200 1722 253 propaganda
1751 200 1848 240 Fide
1875 200 2070 241 decretum
2114 202 2239 243 adhuc
2276 207 2379 258 vige-

1255 285 1283 306 „
1313 268 1380 303 re,
1412 253 1544 292 habita
1575 258 1719 293 ratione
1749 269 1877 294 rerum
1899 287 1910 304 ,
1938 271 2028 309 quae
2061 258 2216 296 fuerunt
2251 261 2289 298 in
2310 260 2381 298 du-

1256 340 1282 359 „
1312 309 1385 347 biis
1413 310 1593 360 expositae
1610 337 1621 355 ,
1649 322 1773 360 neque
1795 309 1889 347 illud
1909 312 2022 348 fuisse
2043 313 2382 365 circumscriptum

1257 393 1282 412 „
1312 377 1334 400 a
1364 362 1514 400 decreto
1542 361 1859 412 S.Inquisitionis
1877 392 1887 409 ,
1916 365 2017 414 quod
2046 365 2244 404 an.1656.
2275 381 2379 406 ema-

1257 447 1283 466 „
1313 417 1442 454 navit:
1489 417 1610 454 immo
1645 428 1724 453 esse
1760 417 1916 452 omniuo
1952 417 2238 458 observandum
2269 419 2378 470 juxta

1256 500 1284 519 ,‚
1313 470 1500 522 quaesita‚
1529 469 1856 516 circumstantias,
1886 469 1920 505 &
1949 472 2101 517 omnia,
2131 487 2222 524 quae
2252 475 2292 511 iu
2311 489 2382 514 an-

1256 552 1282 571 „
1313 533 1348 560 te
1377 524 1487 561 dictis
1516 523 1645 561 dubiis
1673 524 1934 561 continentur.
1965 522 2185 562 Declaravit
2207 529 2379 578 pariter,

1257 606 1282 625 ,‚
1313 577 1446 614 eodem
1488 579 1600 614 modo
1642 590 1719 614 esse
1754 575 2035 613 observandum
2080 580 2307 627 praedictum
2337 581 2380 621 S.

1256 659 1282 678 ‚,
1312 631 1620 682 Congregationis
1651 629 1856 667 Decretum
1886 643 1948 666 an.
1984 628 2098 667 1656.
2137 630 2242 680 juxta
2271 647 2381 684 quae-

1257 712 1283 732 „
1313 685 1382 722 sita
1404 714 1414 731 ‚
1459 685 1764 722 circumstantias
1792 681 1826 718 ἃ
1855 682 2005 734 reliqua
2041 683 2080 719 in
2113 684 2203 735 ipsis
2232 698 2381 736 expres-

1255 766 1282 786 „
1312 751 1351 775 sa
1369 764 1378 775 .
1411 737 1490 775 Hoc
1511 748 1638 775 autem
1659 737 1853 774 decretum
1869 735 2048 774 Clemens
2070 735 2170 788 Papa
2188 737 2257 775 lX.
2277 752 2382 777 com-

1257 790 1284 840 ,ζ
1315 790 1490 843 probavit
1519 795 1545 813 “
1564 817 1574 829 .
1618 790 1767 841 'Nempe
1797 803 2022 842 quanquam
2052 789 2121 829 illa
2153 792 2231 829 duo
2249 792 2383 830 decre-

1260 874 1286 893 „
1315 854 1352 882 ta
1383 846 1457 882 sibi
1487 845 1578 897 ipsis
1606 844 1834 882 videbantur
1861 844 2036 896 opposita
2055 873 2066 891 ‚
2096 845 2150 882 rei
2183 859 2222 882 sa
2251 853 2383 886 tamen

1260 927 1287 946 „
1315 899 1486 949 opposita
1515 912 1586 936 non
1616 906 1722 935 erant
1743 928 1753 945 ,
1797 899 1889 948 quia
1916 898 2076 935 diversis
2116 898 2144 935 si
2179 899 2267 952 ique
2295 913 2384 939 cou-

1260 981 1287 1000 ‚,
1318 953 1445 989 trariis
1475 953 1564 990 facti
1596 951 1842 989 relationibus
1871 951 2152 989 innitebantur.

1317 1019 1404 1056 ¹27·
1436 1004 1548 1042 Porro
1576 1006 1621 1043 ad
1652 1005 1925 1051 contentiones,
1963 1018 2051 1056 quae
2081 1018 2231 1058 semper
2260 1006 2384 1059 majo-

1258 1072 1338 1098 rem
1371 1062 1408 1097 in
1441 1060 1595 1097 modum
1627 1059 1889 1109 augebantur,
1920 1059 2070 1096 tandem
2103 1059 2315 1108 tollendas,
2345 1061 2381 1098 &

1259 1122 1299 1150 ut
1329 1122 1542 1160 constaret,
1573 1126 1750 1165 quaeuam
1784 1125 1871 1163 pars
1901 1113 1938 1149 in
1957 1112 2044 1150 facti
2075 1115 2308 1165 expositione
2323 1128 2384 1151 er-

1259 1175 1384 1214 raret,
1424 1168 1676 1204 necessarium
1707 1165 1935 1212 videbatur,
1979 1165 2150 1217 aliquem
2182 1168 2218 1203 in
2251 1169 2294 1205 iis
2326 1182 2385 1205 re-

1257 1221 1432 1271 gionibus
1473 1219 1667 1257 ocularem
1712 1229 1840 1256 testem
1873 1218 2035 1257 habere:
2075 1230 2286 1271 opportune
2315 1235 2384 1259 au·

1259 1284 1335 1311 tem
1364 1274 1521 1326 contigit
1542 1303 1553 1321 ,
1584 1283 1623 1310 ut
1644 1272 1802 1311 Carolus
1818 1271 1984 1322 Maigrot
2011 1272 2194 1311 Sorhouae
2216 1274 2355 1312 Doctor
2371 1305 2383 1323 ,

1261 1327 1294 1363 8<
1322 1326 1479 1375 Socius,
1509 1339 1555 1364 ex
1582 1327 1879 1378 Congregatione
1900 1324 2231 1364 Missionariorum
2261 1341 2383 1366 saecu·

1261 1380 1403 1419 larium
1434 1382 1578 1419 noviter
1607 1382 1645 1418 in
1667 1379 1800 1419 Gallia
1828 1388 1974 1428 erecta,
2001 1382 2064 1418 vir
2093 1379 2127 1415 8<
2156 1379 2290 1419 litteris
2320 1394 2386 1420 ex-

1260 1434 1412 1483 cultus,
1442 1433 1475 1470 8<
1505 1435 1641 1486 pietate
1663 1433 1975 1481 commendatus,
2017 1433 2116 1471 nulli
2147 1436 2243 1486 parti
2275 1435 2384 1472 adfli-

1260 1498 1367 1536 ctus,
1412 1487 1591 1526 Vicarius
1620 1487 1860 1540 Apostolicus
1903 1488 1942 1525 iu
1973 1485 2173 1526 Provincia
2204 1487 2385 1528 Fotiensi

1260 1542 1419 1594 degens,
1462 1542 1631 1594 adeoque
1660 1555 1741 1579 rem
1782 1548 1894 1592 prout
1922 1549 2026 1588 erat,
2070 1542 2236 1593 propriis
2264 1542 2387 1580 oculis

1261 1596 1499 1646 conspiciens
1528 1594 1761 1647 ann01693.
1790 1592 1941 1632 celebre
1971 1594 2131 1632 ediderit
2159 1595 2353 1633 decretum
2372 1624 2385 1644 ‚

1261 1662 1339 1700 quo
1354 1647 1500 1685 cultum
1516 1649 1705 1686 Confucio
1721 1677 1732 1695 ,
1762 1646 1795 1682 8(
1817 1648 2122 1699 progenitoribus
2137 1647 2353 1685 adhibitum
2373 1678 2384 1696 ,

1261 1700 1496 1752 tabellasque
1523 1702 1577 1738 eis
1597 1713 1810 1752 appensas,
1841 1708 1880 1736 ut
1901 1702 2172 1750 superstitiosas
2201 1713 2386 1738 caeremo-

1261 1753 1344 1791 nias
1371 1753 1626 1805 prohibebat,
1668 1754 1733 1791 cui
1761 1752 1912 1790 decreto
1939 1754 2056 1791 ceteri
2086 1751 2235 1792 Vicarii
2267 1753 2389 1807 Apos-

1259 1806 1363 1844 tolici
1394 1808 1534 1845 assensi
1563 1812 1678 1845 sunt.

1321 1859 1409 1897 128.
1438 1859 1585 1897 Verum
1604 1889 1614 1907 ,
1643 1872 1733 1897 cum
1762 1871 1831 1896 nec
1860 1859 1914 1895 sic
1957 1858 2081 1896 turbae
2109 1860 2287 1912 componi
2319 1874 2388 1912 po-

1261 1914 1440 1959 tuissent,
1468 1911 1648 1955 Clemens
1667 1911 1738 1949 Xl.
1761 1941 1786 1960 ‚,
1808 1920 1888 1961 post
1903 1914 2231 1950 accuratissimam
2255 1915 2306 1951 rei
2326 1916 2388 1953 di-

1263 1995 1289 2014 „
1320 1967 1551 2004 scussionem
1569 1996 1580 2014 ‚
1611 1973 1693 2017 post
1722 1965 1870 2002 auditas
1891 1977 1941 2002 ex·
1953 1975 2114 2018 utraque
2135 1976 2241 2017 parte
2271 1969 2388 2006 ratio·

1261 2048 1288 2067 ‚,
1317 2033 1406 2066 nes,
1435 2018 1578 2072 quibus
1607 2019 1728 2057 libere
1758 2019 2010 2070 producendis
2039 2021 2251 2072 unicuique
2280 2021 2388 2060 locus

1262 2102 1289 2121 „
1318 2071 1580 2124 amplissimus
1608 2073 1718 2110 datus
1740 2073 1838 2120 fuit,
1867 2086 1964 2110 anno
1989 2074 2103 2122 1704.
2120 2074 2386 2124 confirmavit,

1261 2156 1288 2174 ‚‚
1318 2126 1351 2162 St
1376 2126 1589 2177 Apostolica
1611 2128 1833 2164 auctoritate
1853 2126 2119 2176 comprobavit
2140 2126 2267 2165 Sacrae
2289 2129 2387 2167 Con-

1263 2209 1288 2228 „
1317 2181 1544 2231 gre-gationis
1573 2182 1857 2232 responsiones,
1888 2179 2031 2231 quibus
2063 2182 2154 2218 ritus
2182 2180 2387 2231 Sinenses,

1263 2263 1289 2281 „
1321 2243 1447 2284 utpote
1477 2236 1745 2284 superstitione
1776 2233 1912 2271 imbuti
1938 2232 2238 2284 prohibebantur
2260 2236 2403 2286 (‹z)'‘:,

1261 2287 1473 2324 Instituerat
1518 2299 1624 2324 antea
1655 2288 1754 2325 idem
1786 2288 1962 2325 Clemens
1991 2287 2061 2325 Χῖ.
2101 2290 2388 2340 :impiissimum

1261 2343 1387 2378 virum
1419 2340 1545 2379 Carol.
1577 2340 1719 2379 Tlioin.
1760 2341 1805 2377 de
1836 2340 2046 2386 'rourum-³
2091 2350 2181 2379 tunc
2225 2342 2387 2380 l’atriar-

1261 2394 1372 2432 eliam
1410 2394 1689 2433 Antiochemun
1722 2396 1758 2432 iu
1787 2394 1966 2432 Siuarum
2000 2393 2127 2442 Regno
2145 2395 2387 2434 Visitstorem

1262 2448 1549 2500 ffimstolirunu
1593 2451 1654 2487 cui
1687 2449 1841 2500 proinde
1887 2449 1924 2485 iu
1958 2450 2142 2486 mandatis
2183 2450 2315 2496 dedit,
2347 2455 2388 2487 ut

1262 2512 1455 2539 exactam
1487 2503 1624 2540 decreti
1670 2504 1727 2540 sui
1757 2500 2048 2540 observantiam
2093 2502 2297 2549 omnihus,
2334 2502 2386 2543 <9-

1262 2556 1427 2606 szugistis
1451 2555 1721 2595 Missionariis
1749 2586 1758 2604 ,
1789 2559 1911 2605 poenis
1932 2568 2082 2604 quoque
2111 2560 2314 2594 canonicis
2344 2559 2387 2593 in

1260 2609 1527 2662 refractarios
1556 2610 1712 2647 indictis
1729 2640 1738 2657 ‚
1769 2614 1996 2659 prcecz'peret
2014 2635 2024 2645 .

1323 2677 1410 2716 ¹29·
1432 2694 1459 2714 ‚‚
1481 2663 1739 2716 Promulgavit
1768 2663 1925 2715 quidem
1947 2661 2163 2701 l'atriarclia
2180 2661 2387 2702 Antioche-

2196 2745 2223 2764 „
2253 2730 2327 2755 nus

1264 2816 1367 2851 nibus
1394 2818 1427 2851 in
1453 2816 1623 2849 honorem
1649 2813 1804 2859 ejusdem
1830 2814 1991 2848 Confucii
2020 2814 2092 2848 lieri
2119 2816 2232 2848 solent
2249 2838 2257 2847 .
2301 2815 2385 2849 Ter-

1264 2867 1313 2896 t1'o
1339 2865 1569 2909 prohibentur
1594 2863 1786 2896 oblationes
1812 2863 1926 2894 minus
1964 2862 2134 2895 solemnes
2160 2864 2193 2894 in
2221 2864 2385 2908 templis,

1265 2911 1336 2942 sive
1363 2911 1494 2944 nulibus
1516 2911 1784 2952 i‘rogenitorum
1801 2930 1811 2949 ,
1838 2917 1896 2941 aut
1922 2909 2028 2941 etiarn
2055 2919 2316 2943 cor-:meorum
2334 2919 2386 2942 ts-

1264 2956 1366 2990 bellis
1394 2959 1428 2990 in
1455 2956 1615 2989 domibus
1640 2956 1788 2999 privatis
1805 2976 1814 2994 ‚
1841 2965 1882 2986 ne
1907 2953 2048 2999 quidem
2064 2956 2242 3000 pra-missa
2270 2957 2386 3001 publi-

1265 3014 1302 3035 ca
1319 3026 1329 3043 ,
1357 3005 1410 3036 vel
1438 3005 1571 3048 privata
1592 3010 1722 3034 secreta
1751 3002 2025 3046 protestatione,
2049 3013 2084 3034 se
2108 3013 2175 3034 non
2193 3003 2381 3046 religioso,

1265 3048 1323 3081 sed
1350 3050 1472 3090 civili,
1509 3061 1546 3081 ac
1574 3048 1716 3092 politico
1743 3056 1879 3080 tantum
1905 3047 2001 3080 etiltu
2027 3058 2106 3092 erga
2132 3047 2312 3081 defunctos
2339 3049 2381 3080 il-

1263 3095 1295 3127 la
1323 3104 1488 3137 prestare
1504 3117 1513 3134 ‚
1541 3106 1601 3126 nec
1626 3093 1669 3126 ab
1688 3094 1736 3126 eis
1754 3092 1948 3138 quidquam
1967 3102 2083 3138 petere
2101 3117 2110 3136 ‚
2138 3104 2195 3127 aut
2216 3106 2353 3138 sperare
2369 3117 2378 3125 .

1264 3139 1403 3173 Daemmu
1430 3139 1702 3186 permittendum
1729 3153 1794 3172 non
1821 3151 1893 3172 esse
1907 3139 2039 3173 Christi
2058 3140 2215 3174 fidelibus
2234 3161 2243 3179 ,
2271 3140 2381 3173 tabel-

1261 3187 1312 3218 las
1338 3186 1580 3220 defunctorum
1603 3186 1865 3230 t’rogenitorum
1893 3186 1927 3219 in
1952 3187 2025 3219 suis
2052 3187 2198 3232 privatis
2212 3185 2376 3218 domibus

1260 3233 1409 3265 retinere
1448 3234 1548 3275 juxta
1576 3232 1715 3265 illarum
1743 3233 1896 3277 partium
1932 3245 2090 3272 morem,
2132 3232 2195 3265 lioc
2221 3240 2271 3264 est
2297 3244 2376 3264 cuin

1260 3280 1485 3323 inscriptione
1511 3279 1627 3312 Sinica
1645 3301 1655 3319 ‚
1690 3291 1759 3324 qua
1786 3278 1959 3320 thronus,
1994 3291 2052 3314 seu
2078 3277 2173 3312 sedes
2201 3277 2343 3322 spiritus
2364 3298 2376 3318 3

1257 3325 1313 3358 vel
1337 3326 1462 3360 animae
1489 3324 1533 3359 N.
1559 3325 1796 3370 significetur.
