2562 3694
724 161 1275 222 QUAESTIUNCULAE
1302 160 1385 205 ms
1417 158 1793 207 [instituimur.
2293 181 2348 223 99

90 279 120 302 ,‚
146 250 368 304 juventute,
397 244 548 284 etiamsi
580 258 695 284 senex
724 257 777 285 est
807 256 1005 290 mortuus,
1036 244 1097 283 vel
1126 246 1209 282 fue-

88 334 117 354 „
149 314 201 344 rat
232 305 456 347 habiturus,
499 300 530 337 si
559 308 644 337 ante
673 309 724 338 est
752 300 956 338 defunctus
982 302 1039 336 “.
1085 298 1211 337 Allato

83 368 214 397 auten»
248 353 407 393 Paulino
448 353 667 392 testimonio
701 353 805 406 Epli.
835 353 901 391 IV.
936 352 1028 392 13.·.
1070 350 1211 390 Donec

85 421 346 450 occicrmmus
373 420 519 445 omnes
630 411 670 444 ιἰι
701 420 936 446 mensuram
966 408 1103 443 oetatis
1130 406 1210 456 ple-

81 461 271 502 nitudinis
302 460 475 499 Christi.
501 489 532 509 ,‚.
555 460 597 498 Si
629 461 699 499 boc
716 489 731 507 „
753 461 880 499 subdit
906 460 951 498 S.
978 458 1051 509 P..‚
1076 458 1125 497 de
1152 473 1208 497 re-

86 544 115 566 „
143 516 381 554 surrectione
405 527 608 566 corporum
629 515 778 552 dictum
796 523 868 559 est;
899 514 952 552 sic
972 514 1209 564 accipiamus

84 596 113 619 ‚‚
140 569 316 617 dictum,
345 577 386 606 ut
416 581 483 606 nec
513 566 638 616 ultra,
669 582 740 606 nec
768 569 868 606 infra
888 566 1101 619 juvenilem
1133 566 1207 603 sor-

81 651 114 673 „
139 636 248 661 mam
276 630 473 674 resurgant
500 633 658 673 corpora
680 631 950 666 mortuorunm
976 620 1037 657 sed
1067 621 1104 657 in
1125 617 1206 670 ejus

81 705 111 727 „
138 684 274 724 astate,
311 690 356 714 ac
385 675 546 723 robore,
583 674 633 713 ad
659 689 777 728 quam
804 674 1002 713 Christum
1029 672 1090 711 bic
1121 685 1206 723 per-

79 759 108 779 „
139 732 288 768 venisse
307 729 555 780 cognovimus
571 754 581 766 .
610 729 722 768 Circa
745 729 808 766 30.
830 729 980 780 quippe
1001 738 1122 764 annos
1142 726 1207 764 de-

80 812 109 834 „
140 783 320 822 finierunt
348 796 432 821 esse
455 783 572 820 etiam
609 781 727 820 seculi
758 780 872 831 liu-jus
900 780 1108 818 doctissimi
1139 778 1204 819 ho-

77 866 109 887 „
136 838 263 876 mines
286 836 549 888 juventutem,
587 849 680 887 quae
705 849 792 873 cuin
825 835 938 872 luerit
968 834 1094 885 spatio
1117 846 1202 884 pro-

79 919 109 940 „
139 892 227 943 prio
249 891 446 928 terminata
462 919 477 938 ,
503 888 686 940 indejain
715 887 916 926 bominem
943 887 981 924 in
999 887 1201 924 detrimen-

78 973 106 992 „
139 955 173 981 ta
204 957 359 994 vergere
387 941 599 995 gravioris,
630 942 665 978 8(
693 941 823 979 senilis
852 941 1003 977 astatis.

140 997 231 1049 157.
258 998 428 1050 l‘dipsum
457 1003 587 1049 postea
620 995 722 1033 idem
753 995 958 1045 Angelicus
989 992 1059 1030 bac
1089 994 1204 1030 ratio-

77 1063 126 1090 ne
155 1051 403 1089 corroborat:
428 1078 453 1097 ‚,
484 1047 614 1085 Homo·
637 1056 805 1099 resurget
831 1048 975 1099 absque
1003 1047 1105 1084 omui
1137 1047 1202 1084 de-

77 1133 106 1153 „
136 1104 236 1142 fectu
265 1103 452 1141 humanae
477 1109 653 1146 natiirae··‚
686 1103 780 1153 quia
807 1101 904 1138 sicut
934 1099 1035 1137 Deus
1066 1099 1202 1137 liuma-

75 1185 104 1205 „
132 1170 226 1195 nam-
252 1165 426 1195 naturam
454 1154 599 1206 absque
626 1155 779 1192 defectu
806 1155 996 1202 instituit,
1042 1154 1092 1190 ita
1121 1155 1201 1191 sine

76 1237 105 1257 „
133 1210 285 1249 defectu
312 1207 502 1261 reparabit
518 1221 536 1254 5,
559 1207 690 1246 deficit
717 1216 845 1245 autem
868 1207 1034 1244 bumana
1065 1216 1200 1245 natura

73 1288 101 1311 ,‚
128 1261 357 1314 dupliciter:
403 1274 480 1300 uno
508 1262 652 1310 modo,
676 1263 770 1313 quia
797 1261 973 1299 nonduin·
1001 1261 1202 1312 perfectio-

73 1340 104 1364 „
129 1328 219 1354 nem
250 1315 432 1354 ultimam.
469 1323 524 1353 est
548 1324 774 1353 consecuta:
816 1313 899 1352 alio-
922 1315 1033 1352 modo
1054 1344 1069 1362 ,,
1108 1316 1200 1365 quia

74 1397 103 1417 ‚‚
132 1368 218 1418 jam
242 1369 292 1407 ab
314 1369 449 1408 ultima
477 1369 708 1421 perfectione
724 1369 892 1414 recessit3
921 1367 955 1403 8(
972 1368 1097 1419 primo
1117 1381 1198 1404 ino-

74 1450 101 1469 „
130 1422 179 1459 do
198 1421 326 1460 deficit
346 1423 386 1460 in
407 1425 549 1475 pueris,
578 1422 745 1460 secundo
768 1421 877 1460 modo
893 1421 1021 1460 deficit
1042 1422 1081 1459 in
1102 1422 1198 1459 seni·

73 1504 102 1523 „
131 1473 229 1514 bus.
260 1475 310 1514 Et
337 1476 426 1514 ideo
450 1477 489 1514 in
511 1475 681 1528 utrisque
711 1475 911 1513 reducetur
933 1475 1100 1512 bumana
1129 1489 1201 1512 iia--

71 1556 100 1577 2,
129 1536 213 1566 tura
241 1542 311 1581 per
338 1532 650 1568 resurrectionem
680 1530 726 1566 ad
757 1537 895 1566 statuin
931 1527 1084 1565 nltimae
1111 1542 1196 1580 per-

68 1608 96 1629 „
126 1581 324 1628 fectionis,
366 1583 440 1634 qu'r
465 1590 519 1620 est
548 1583 589 1619 in
618 1581 783 1632 juvenili
820 1589 958 1628 aetate,
1001 1581 1049 1619 ad
1077 1595 1200 1633 quam:

67 1660 96 1683 ,‚
125 1635 349 1673 terminatur
367 1642 497 1672 motus
512 1635 736 1687 augmenti,
765 1633 801 1670 8(
819 1647 841 1671 a
860 1647 938 1684 qua
958 1634 1096 1685 incipit
1115 1647 1199 1671 ino·

67 1715 98 1737 „
124 1695 188 1726 tus
209 1687 440 1726 decrementi
460 1690 514 1727 ‘⁶0'

127 1741 216 1780 138.
247 1741 350 1780 Huic
377 1741 563 1780 doctrinae
593 1740 744 1780 videtur
770 1739 946 1788 obstare,
975 1738 1083 1791 quod'
1101 1747 1197 1777 aetas·

67 1795 196 1833 senilis
226 1795 430 1846 praefertur
458 1794 646 1847 juvenili:
678 1793 870 1833 Senectus
898 1793 1000 1831 enim
1022 1805 1188 1831 venera·

66 1848 152 1886 bilis
180 1857 264 1896 est,
295 1858 335 1887 ut
363 1849 504 1888 dicitur
531 1848 624 1900 Sap.
644 1847 712 1886 IV.
736 1862 772 1900 7.
801 1847 841 1884 8(
857 1847 967 1886 Prov.
989 1845 1099 1885 XVI.
1121 1847 1186 1886 51.

68 1900 228 1940 Corona
257 1902 472 1956 dignitatis
494 1911 677 1941 senectus
692 1928 708 1940 .,
748 1901 958 1953 Respondet
989 1909 1122 1939 tamen
1145 1900 1185 1937 S.

65 1955 237 1994 'Pliomas
265 1958 312 1994 ad
349 1970 381 1995 ι-.
398 1986 410 2004 ,
438 1964 666 1994 senectutem
687 1969 764 1994 esse
785 1952 1074 2002 venerabilem,
1105 1967 1188 1991 non

63 2018 218 2058 propter
238 2009 506 2048 conditionem
527 2013 720 2061 corporis,
741 2008 843 2060 quod
864 2012 905 2046 in
926 2006 1084 2059 defectu
1104 2015 1183 2054 est,

65 2062 136 2100 secl
155 2072 311 2114 propter
329 2067 576 2114 sapien-tiam
596 2068 754 2101 animae
765 2090 777 2111 ‚
797 2075 888 2113 quoe
907 2061 956 2099 ibi
975 2073 1064 2099 esse
1081 2073 1184 2111 prce·

65 2114 232 2154 sumitur
260 2130 314 2155 ex
341 2121 529 2167 temporis
559 2121 822 2167 antiquitate.
853 2114 1119 2162 Quamobrem
1144 2115 1185 2153 iu

63 2167 174 2207 laud.
200 2169 311 2208 Prov.
340 2170 424 2208 loco
450 2170 626 2207 additur:
655 2182 745 2218 quoe
773 2172 818 2205 in·
844 2172 913 2205 viis
935 2169 1105 2219 justitiae
1123 2180 1185 2205 re-

63 2226 209 2272 peritur
225 2239 241 2268 ,-
269 2223 309 2260 &
333 2222 591 2262 Ecclesiastici
621 2221 752 2260 XXV.
784 2220 829 2259 8..
857 2219 1014 2259 Corona
1042 2234 1187 2259 senum·

65 2278 195 2314 multa
221 2280 392 2326 peritia,
422 2278 472 2317 <9-
499 2276 631 2328 glorla
661 2276 817 2313 illorum
847 2278 966 2312 ti'mor
993 2272 1072 2313 Dei
1090 2300 1100 2312 .
1137 2274 1191 2313 Et

63 2329 161 2368 ibid.
178 2330 216 2369 5.
237 2330 276 2376 4.
308 2328 405 2367 Tres
431 2333 581 2381 species
600 2329 716 2367 odivit
735 2332 880 2366 anima
900 2341 996 2366 mea
1087 2341 1187 2378 pau-

62 2396 200 2435 perem
219 2383 426 2434 superbum
444 2414 455 2432 ,
484 2384 644 2421 dis-item
664 2382 905 2420 mendacem
923 2412 932 2430 ‚
962 2395 1100 2420 senem
1109 2381 1193 2434 fa-

63 2446 202 2486 tuum,
231 2438 280 2478 <9⁰
310 2442 560 2476 insensatum
578 2463 593 2475 .
618 2438 674 2475 Ac
702 2437 867 2488 denique
897 2444 938 2473 ut
969 2435 1090 2474 multa
1110 2435 1189 2475 alia<

59 2492 262 2540 omittam»,
282 2490 503 2530 Ecclesiast.
518 2490 588 2530 IV.
609 2490 669 2530 15.
700 2489 848 2528 Melior
862 2498 921 2528 est
939 2501 1090 2542 pauper
1110 2488 1193 2529 Re-

59 2557 110 2597 ge
137 2557 253 2594 sene,
283 2545 337 2585 69*
361 2545 478 2583 stulto
493 2571 509 2583 ..

111 2597 272 2646 Quaeres
299 2602 461 2650 quinto,
491 2605 660 2651 quonam
687 2605 862 2649 tempore
885 2596 1014 2635 futura
1040 2597 1088 2636 sit
1115 2596 1187 2636 ho·

56 2652 209 2690 minum
239 2650 496 2692 resurrectio?

117 2705 203 2757 ¹39·
234 2705 345 2756 Resp.
375 2709 416 2744 in
443 2709 657 2744 novissimo
679 2705 768 2752 die,
798 2703 989 2756 quomodo
1016 2702 1183 2758 propbe-

54 2758 147 2796 tavit
175 2759 251 2796 Job
266 2759 376 2798 XIX.
399 2760 468 2799 25.
493 2759 689 2798 &Mattln
701 2757 832 2796 XXV.
849 2758 914 2796 51.
944 2771 1022 2810 seq.
1055 2759 1183 2796 futura

53 2813 281 2850 resurrectio
307 2813 551 2864 praedicitur:
603 2812 702 2851 Cum
732 2815 877 2850 venerit
908 2810 1029 2849 Filius
1054 2810 1182 2849 homi-

54 2869 118 2902 m's
147 2869 187 2902 in
216 2866 434 2918 majestate
462 2881 537 2905 sua
559 2893 605 2905 ...
629 2867 679 2908 ‘59'
708 2864 1056 2917 congregabuntur
1085 2874 1183 2904 ante

49 2930 141 2956 euin
157 2932 297 2957 omnes
312 2929 449 2972 gentes
465 2921 535 2959 &c.
557 2919 598 2960 ln
613 2934 644 2959 1.
657 2919 838 2958 Cor.XV.
853 2921 920 2958 52.
937 2918 985 2956 In
1001 2931 1182 2956 momen-

52 2981 119 3019 to,
149 2975 190 3010 ιή
209 2976 287 3010 ictu
315 2973 448 3021 oculi,
472 2977 516 3011 in
541 2978 758 3012 novissima
785 2973 902 3020 tuba,
931 2981 1052 3011 canet
1072 2975 1180 3010 enim

52 3025 146 3064 tuba.
164 3056 179 3075 ,Α
195 3027 245 3068 <9²
266 3029 408 3064 mortui
429 3037 635 3080 resurgent
652 3054 663 3065 .
692 3027 751 3065 J0.
772 3028 863 3065 item
881 3026 1031 3073 V1.40.
1063 3025 1097 3061 8(
1112 3026 1178 3072 44.

52 3081 240 3128 promittit
258 3080 428 3119 Christus
445 3110 456 3128 ‚
486 3094 523 3118 se
545 3082 852 3118 resuscitaturum
874 3080 1009 3118 electos
1029 3094 1113 3118 suos
1138 3084 1180 3117 in

51 3136 267 3173 novissimo.
288 3133 385 3180 ‹lie;
425 3133 459 3170 8(
490 3133 537 3172 11.
556 3133 620 3180 24.
648 3132 831 3182 Martha,
857 3146 950 3171 cum
979 3132 1039 3171 illi
1066 3132 1180 3171 Chri-

106 3319 155 3355 (a)
181 3315 214 3348 S·
238 3317 368 3353 Doctor
393 3320 432 3354 in>
456 3320 518 3352 IV.
546 3319 703 3353 Sentene.
729 3318 822 3351 Dist.
841 3318 899 3360 43.
936 3329 996 3362 qu.
1023 3329 1080 3350 unv.
1108 3327 1174 3352 art.

59 3361 95 3395 3.
134 3363 240 3395 aliam
277 3368 484 3400 sententiam
526 3366 800 3411 probabilior-un
835 3363 1056 3410 judicaverat
1086 3386 1097 3404 ,
1139 3373 1177 3398 ut

57 3409 169 3443 etiam
192 3407 311 3444 videre
335 3419 388 3445 est
413 3413 452 3446 in
475 3413 653 3459 Supplem.
673 3425 732 3458 qu.
758 3423 814 3457 77·
841 3419 909 3446 art.
935 3423 964 3445 1-
991 3409 1035 3445 ad.
1058 3413 1090 3446 3.
1118 3410 1180 3444 sedi

1276 250 1352 282 stus
1382 241 1639 293 praedixisset,
1672 243 1858 280 Lazarum
1887 251 2216 292 resurrecturum,
2246 257 2402 296 respon-

1276 297 1353 334 dit:
1396 294 1507 342 Scio,
1544 299 1639 346 qum
1669 304 1846 346 resurget
1874 299 1915 332 in
1945 301 2232 336 resurrectione
2261 301 2302 336 ὶη
2331 311 2401 335 no-

1277 352 1434 387 vissimo
1462 348 1546 396 die,
1571 347 1718 387 scilicet
1748 349 1787 384 in
1815 349 1982 399 generali
2003 352 2177 388 omnium
2201 351 2401 390 bominum

1279 404 1551 441 resurrectione
1567 427 1578 439 .
1608 400 1772 450 Quando
1790 410 1916 438 autem
1940 402 2086 439 siiturus
2106 406 2149 440 nit
2170 407 2400 442 novissimus

1277 457 1355 494 dios
1373 487 1382 504 ‚
1413 456 1520 494 Deus
1546 468 1620 494 uos
1642 453 1760 494 voluit
1790 454 1960 505 ignorare
1976 484 1986 502 ‚
2018 454 2154 493 Manli.
2170 456 2317 496 XXIV.
2335 457 2404 497 56.

1277 510 1402 548 Marci
1420 509 1528 548 XIII.
1550 521 1609 547 ια.
1639 508 1674 545 8(
1705 508 1791 546 Act.
1804 507 1834 545 Ῐ.
1853 521 1889 557 7.

1338 564 1423 608 141).
1457 563 1656 601 timonem
1684 570 1813 600 autem
1843 560 1987 599 tamdiu
2009 560 2138 598 dilatae
2160 565 2401 602 resurrectio·

1275 617 1333 653 nis
1363 616 1563 655 bominum
1593 628 1790 668 possumus
1813 628 1903 653 cum
1924 614 2064 652 Sancto
2081 614 2230 652 Timum
2247 617 2397 666 11119111)-

1273 671 1393 719 plwn.
1423 685 1461 723 q.
1481 684 1546 721 77.
1573 679 1643 707 art.
1672 682 1704 707 1.
1735 670 1774 707 in
1803 681 1884 720 arg.
1915 667 1984 705 sel
2013 677 2156 705 contra
2186 668 2282 706 banc
2313 671 2396 707 red-

1272 724 1361 760 dere
1391 737 1435 760 ex
1467 725 1516 761 iis
1540 722 1671 761 verbis
1697 720 1869 775 Apostoli
1899 721 2020 760 Hebr.
2041 721 2107 759 XI.
2131 721 2195 774 59.
2225 722 2272 758 de
2300 733 2399 759 vete-

1272 776 1380 814 ribus
1411 775 1518 827 justis
1544 777 1728 815 dicentis:
1776 774 1833 812 Hc'
1860 787 2002 812 omnes
2045 779 2269 813 testimonio
2293 774 2399 828 filei

1271 829 1424 880 probuti
1443 842 1523 868 non
1538 838 1777 881 acceperunt
1792 831 2141 877 repromissionem
2170 832 2190 880 (
2208 829 2300 866 idest
2317 828 2398 881 ple-

1271 897 1363 921 nam
1380 884 1536 929 fanimae
1553 914 1564 931 ⁷
1594 884 1626 920 8(
1647 883 1814 934 corporis
1836 881 2168 931 beatitudinem),
2198 881 2291 920 Deo
2315 895 2400 920 rne-

1270 937 1345 973 lius
1374 937 1525 988 aliquid
1553 951 1622 986 pro
1651 938 1758 974 nolus
1788 936 2040 985 disponente,
2085 949 2134 973 ne
2172 939 2264 974 si'ze
2288 936 2398 973 nobis

1269 1000 1669 1038 consumnmrentur‚
1703 991 1793 1027 idest
1825 990 2119 1041 perficerentur.
2154 989 2397 1028 AdditGios-

1270 1056 1329 1080 sa:
1358 1053 1400 1080 ut
1429 1048 1470 1081 ιἰι
1498 1047 1701 1081 communi
1729 1044 1877 1095 gaudio
1906 1047 2086 1080 omniurn
2117 1043 2252 1095 majus
2268 1042 2396 1096 fieret

1267 1097 1461 1149 gaudium
1490 1099 1736 1150 singulorum
1754 1124 1771 1135 .

1331 1151 1416 1196 141.
1449 1151 1529 1189 Hoc
1558 1162 1684 1189 tamen
1715 1163 1789 1188 non
1817 1150 1996 1202 impedit,
2026 1150 2121 1202 quin
2151 1162 2204 1187 ex
2232 1150 2398 1199 speciali

1267 1207 1466 1256 privilegio
1496 1204 1695 1257 aliquibus
1721 1205 1768 1241 sit
1797 1216 2036 1250 concessum,
2068 1212 2106 1240 ut
2134 1213 2220 1241 ante
2242 1206 2397 1242 univer-

1268 1258 1385 1296 salein
1414 1261 1592 1296 omnium
1623 1259 1937 1295 resurrectionem
1967 1258 2014 1295 ad
2045 1258 2161 1294 vitam
2190 1256 2396 1308 gloriosam

1267 1312 1340 1350 sint
1371 1314 1560 1359 revocati,
1592 1320 1630 1349 ut
1661 1312 1723 1362 pie
1749 1310 1918 1348 creditur
1946 1311 1992 1347 de
2023 1310 2244 1348 Beatissima
2266 1309 2396 1362 Visgi-

1269 1379 1317 1403 ne
1332 1365 1474 1403 Maria.
1498 1364 1588 1403 Vid.
1603 1365 1880 1403 eruditissimus
1896 1363 1956 1402 Jo.
1971 1364 2234 1415 Crysostomus
2255 1363 2395 1401 Trom-

1267 1417 1361 1456 belli
1391 1417 1460 1456 De·
1485 1418 1641 1457 Mariae
1669 1418 1949 1456 &incussimae
1977 1421 2057 1454 vicu
2078 1417 2150 1454 ἃς.
2179 1416 2292 1454 Τοιη.
2324 1415 2397 1456 iv,

1266 1471 1423 1510 Dissert.
1442 1472 1612 1520 XLVI.,
1643 1471 1677 1508 8(
1705 1472 1754 1509 ab
1785 1484 1828 1508 eo
1850 1470 2027 1508 laudatus
2044 1471 2267 1508 Benedictus
2283 1469 2394 1508 XIV.

1265 1525 1329 1563 De
1358 1525 1569 1563 Servorum
1599 1525 1675 1563 Dei
1705 1524 1923 1576 beatificat.
1954 1523 2024 1562 ἃς.
2057 1523 2188 1562 Lib.l.
2219 1538 2304 1574 cap.
2324 1524 2390 1569 4.;

1265 1588 1376 1630 atque
1407 1580 1520 1616 etiam
1539 1609 1549 1627 ,
1580 1581 1608 1617 si
1640 1579 1746 1616 lubet
1763 1609 1774 1626 ,
1804 1578 1845 1616 P.
1861 1578 1944 1615 Jae.
1966 1578 2089 1629 Hyac.
2112 1577 2229 1628 Serry
2251 1577 2393 1616 Exere.

1264 1631 1427 1669 LXVII.
1457 1632 1505 1669 <le
1538 1632 1711 1679 Christo,
1742 1633 1902 1682 ejusque
1936 1628 2098 1681 Virgine
2118 1630 2280 1667 Mitre.

1324 1685 1412 1729 14¹2.
1442 1684 1613 1731 Quidam
1643 1687 1759 1721 etiam
1790 1691 1995 1734 putarunt,
2040 1682 2109 1718 boc
2142 1682 2391 1734 privilegium

1260 1737 1567 1784 resurrectionis,
1597 1736 1631 1772 8(
1661 1735 1930 1788 assumptionis
1960 1735 2000 1772 in
2028 1734 2175 1772 caelum
2202 1735 2315 1772 fuiss(¹
2346 1737 2393 1773 iis

1259 1789 1419 1828 Sanctis
1440 1803 1661 1828 concessum
1680 1821 1690 1838 ‚
1729 1802 1896 1842 qnorum
1925 1800 2085 1838 corpora
2115 1798 2389 1837 surrexerunt,

1258 1843 1295 1879 8(
1314 1845 1380 1896 qui
1403 1853 1579 1881 exeuntes
1599 1844 1643 1882 de
1660 1843 1915 1881 monumentis
1935 1850 2122 1879 venerunt
2138 1845 2181 1878 in
2195 1852 2391 1878 sanctam

1256 1901 1455 1934 civitatem
1473 1927 1484 1946 ,
1514 1899 1564 1936 <9¹
1579 1906 1851 1947 apparuerunt
1873 1896 2032 1943 multis,
2064 1905 2102 1932 ut
2117 1895 2256 1933 dicitur
2277 1894 2388 1934 Mau.

1255 1949 1421 1987 XXVII.
1441 1951 1504 1988 52.
1526 1964 1604 2001 seq.
1642 1950 1698 1987 Ita
1727 1957 1879 1987 censent
1900 1949 2086 1999 Origenes
2112 1949 2148 1985 in
2171 1947 2297 1985 locum
2319 1949 2387 1986 cit.

1255 2002 1394 2041 Manli.
1426 2003 1460 2039 &
1488 2002 1677 2041 Eusebius
1707 2002 1796 2040 Lib.
1821 2001 1888 2040 lV.
1918 2000 2155 2039 Demonstr.
2186 1999 2386 2052 Evizngel.

1253 2070 1338 2110 cap.
1361 2069 1420 2094 12.
1454 2056 1519 2094 ubi
1550 2056 1740 2108 eleganter
1768 2055 1947 2093 describit
1977 2054 2252 2106 triumphalem
2273 2055 2385 2093 Chri-

1253 2112 1298 2148 sti
1327 2111 1588 2149 ascensionem
1617 2110 1667 2148 ad
1703 2109 1827 2149 coelos.
1858 2122 1999 2160 magna
2036 2107 2229 2159 justorum
2262 2110 2386 2152 comi,-

1252 2172 1357 2202 tante
1387 2173 1560 2203 caterva.

1314 2217 1401 2263 145.
1425 2217 1693 2256 Veruntamen.
1708 2225 1833 2256 nostro
1847 2215 2080 2269 P'raeceptori
2096 2213 2221 2253 Sanct.
2238 2214 2385 2254 Tbom.

1254 2272 1437 2324 Aquinat.
1469 2272 1507 2311 5.
1537 2270 1637 2310 Part.
1665 2285 1704 2323 q.
1729 2271 1793 2310 53.
1831 2278 1902 2308 art.
1925 2271 1964 2309 3.
1993 2269 2041 2307 ad
2067 2282 2104 2307 2.
2143 2268 2385 2320 probabilior

1254 2327 1338 2365 visa
1365 2334 1417 2363 est
1446 2327 1626 2364 sententia
1654 2326 1824 2377 opposita
1842 2354 1852 2372 ‚
1882 2323 2028 2362 scilicet
2056 2333 2118 2360 eos
2138 2322 2293 2361 Sanctos
2323 2336 2382 2360 re-

1254 2381 1488 2428 surrexisse,
1530 2381 1670 2417 iteruin
1699 2380 1902 2416 moritu-ros
1924 2407 1935 2426 ,
1984 2384 2185 2430 postquam
2213 2377 2380 2413 testiino-

1254 2433 1363 2471 nium
1394 2433 1673 2471 resurrectionis
1701 2431 1842 2470 Christi
1858 2431 2015 2470 Domini
2038 2430 2304 2467 reddiderunt.
2335 2429 2379 2466 In

1254 2484 1355 2524 lianc
1382 2496 1512 2525 autem>
1537 2482 1761 2524 sententiam
1785 2485 1988 2536 Angelicus
2007 2482 2196 2521 descendit
2227 2490 2380 2533 propter

1254 2541 1415 2578 rationes
1444 2539 1485 2578 S.
1502 2540 1704 2592 Augustini
1735 2540 1773 2577 iu
1802 2542 1911 2591 epist.
1931 2535 2106 2575 CLXIV.
2127 2534 2378 2572 adEvodium

1253 2607 1294 2632 n.
1316 2607 1381 2646 9.3
1410 2608 1499 2647 quae
1523 2597 1597 2646 ipsi
1611 2593 1734 2630 multo
1753 2591 1998 2640 efficaciores
2030 2591 2117 2628 visae
2136 2597 2221 2626 sunt
2236 2613 2246 2625 .
2275 2587 2379 2625 Con·

1252 2647 1310 2685 fer
1338 2647 1442 2686 laud.
1472 2647 1513 2686 S.
1544 2647 1719 2686 Doctoris
1747 2644 1944 2697 epistolam
1963 2670 1973 2680 .
2271 2693 2277 2698 .

1309 2701 1397 2747 144.
1427 2701 1565 2755 Neque
1590 2713 1680 2740 vero
1708 2699 1922 2737 timendum
1950 2704 2020 2744 est,
2061 2709 2109 2733 ne
2151 2693 2230 2732 illis
2266 2695 2378 2745 Justis

1249 2769 1378 2807 maius
1393 2767 1484 2794 esset
1499 2763 1729 2794 tormentum
1747 2755 1884 2790 iterum
1900 2751 2010 2798 mori,
2026 2762 2145 2800 qnam
2161 2761 2236 2808 uon
2252 2760 2379 2786 resur-

1248 2823 1356 2860 gere,
1385 2823 1463 2861 quo
1477 2809 1628 2860 aliquos
1645 2815 1762 2844 motos
1791 2806 1906 2843 fuisse
1935 2812 2036 2841 notat
2066 2801 2294 2853 Angelicus,
2334 2812 2376 2841 ut

1249 2863 1442 2911 dicerent,
1478 2863 1626 2900 eosdem
1657 2859 1774 2907 iustos
1804 2859 1919 2896 fuisse
1949 2858 1994 2894 ad
2026 2857 2145 2896 vitain
2176 2856 2372 2893 immorta-

1251 2914 1327 2954 lem
1357 2919 1550 2955 suscitatos
1566 2941 1576 2952 .
1607 2913 1691 2951 Non
1712 2915 1867 2964 iuquam
1890 2913 1927 2949 id
1949 2911 2162 2949 timendum
2182 2918 2260 2954 est3
2290 2923 2371 2947 cre-

1249 2969 1338 3007 dere
1366 2972 1468 3008 euim
1497 2976 1668 3020 oportet,
1698 2968 1846 3005 eosdem
1868 2978 1942 3003 non
1965 2964 2189 3002 infirmitate
2205 2973 2268 3000 aut
2289 2976 2372 3000 cor-

1249 3024 1422 3074 ruptione
1452 3024 1644 3069 violenta‚
1688 3021 1750 3058 sed
1780 3019 1958 3071 placida,
1988 3017 2021 3054 8(
2051 3014 2255 3069 tranquilla
2285 3018 2371 3054 ani-

1248 3091 1323 3115 mae
1352 3092 1375 3114 a
1403 3089 1559 3129 corpore
1587 3075 1824 3127 separatione
1849 3073 1896 3112 ad
1925 3073 2130 3126 pristinum
2156 3078 2293 3108 statum
2309 3083 2372 3108 re-

1246 3132 1365 3170 diisse
1390 3130 1455 3182 (a)
1471 3155 1482 3168 .
2225 3176 2298 3223 145

1244 3318 1279 3351 in
1307 3316 1445 3349 Summa
1467 3314 1587 3348 Theol.
1614 3313 1693 3350 loco
1714 3314 1772 3350 cit.
1799 3314 1839 3348 S.
1860 3312 2062 3359 Augustino
2082 3310 2258 3346 adhaerens
2284 3315 2364 3339 earn

1244 3375 1423 3399 revocasse
1448 3361 1588 3398 videtur
1602 3384 1613 3394 .
