2570 3745
713 141 794 186 DE
830 141 1061 185 GRATIA
1097 141 1144 186 P.
1165 140 1223 186 11.
1256 136 1525 183 DISSERT.
1547 139 1603 182 11.
1637 138 1766 184 CAP.
1790 139 1849 184 V.

175 226 264 266 155.
294 225 408 279 Resp.
426 254 437 273 ,
471 235 541 277 per
568 220 655 259 haec
684 222 802 260 verba
832 222 991 273 intelligi
1026 231 1242 272 potestatem

121 279 314 330 clavium,
334 291 422 332 quae
444 278 484 315 111
504 276 677 315 Ecclesia
697 285 749 313 est
773 277 985 314 remittendi
1007 275 1132 313 omnia
1156 289 1242 326 pec-

118 342 230 383 cata,
272 335 301 372 si
330 341 456 370 tamen
484 329 625 369 debitae
655 330 918 382 dispositiones
955 331 995 368 in
1034 330 1241 382 poeuitente

120 385 377 440 pracesserint
395 410 407 423 .

176 438 264 478 156.
292 437 386 489 Obj.
414 441 550 489 quinto
580 438 596 488 (
612 450 700 475 cum
716 435 921 475 Catltarino
940 451 1003 489 ap.
1020 435 1132 488 Sarpi
1151 450 1239 489 pag.

116 491 241 540 221.)
263 518 274 530 .
303 491 521 536 Concilium
551 491 820 530 Tridentinum
850 491 947 529 Sess.
974 490 1038 528 VI.
1068 504 1151 528 can.
1174 491 1238 528 26.

114 543 202 583 haec
230 544 371 584 babet:
414 544 456 583 Si
484 547 570 595 quis
599 543 770 592 dixerit,
814 546 935 593 justos
978 557 1057 581 non
1100 542 1238 582 debere

112 610 185 649 pro
214 597 323 637 bonis
351 598 556 650 operibus,
598 611 688 649 quoe
717 602 758 635 in
788 594 876 636 Deo
895 598 1057 649 *fuerint
1082 596 1237 648 jacta,

114 661 333 703 expectare
350 683 361 701 ,
390 653 439 693 &
469 665 632 702 sperare
660 660 860 690 aeternam
882 650 1177 689 retributionem

113 707 150 742 si
177 705 276 744 bene
304 705 464 759 agendo
485 731 541 744 ....
577 718 698 757 usque
735 709 776 742 in
793 705 931 758 finem
965 717 1236 756 perseverave-

113 761 219 807 rint,
249 759 478 799 anatliema
505 763 584 797 sit:
614 759 719 811 atqui
750 771 863 796 nemo
893 767 931 796 ut
961 757 1080 808 justus
1109 771 1238 810 spera—

112 825 155 850 re
183 813 223 851 id
251 822 390 867 potest,
421 814 494 852 nisi
524 813 637 852 talem
669 826 745 850 esse
774 824 812 848 se
839 812 1011 849 sciverit:
1050 824 1138 862 ergo
1167 810 1238 850 &c.

114 864 258 905 Rursus
287 869 326 906 in
356 867 486 906 eadem
515 865 613 904 Sess.
644 879 729 917 cap.
762 879 799 915 7.
828 864 1031 902 definitum
1062 874 1111 902 est
1130 895 1140 912 ,
1177 864 1237 914 ju-

109 921 155 958 sti
189 920 376 959 cationem
407 934 484 959 esse
498 918 867 965 sanctificationem,
897 918 931 953 ἃ
955 919 1233 956 renovationem

111 973 169 1010 int
216 974 303 1012 ioris
333 974 495 1012 hominis
535 984 604 1023 per
646 970 915 1008 voluntariam
943 974 1233 1020 „susceptionem

109 1030 284 1078 gratioe,
314 1030 363 1068 (9·
383 1026 576 1064 donorum
593 1050 604 1062 .
633 1023 708 1062 Sed
738 1035 852 1061 nemo
879 1032 998 1075 potest
1026 1023 1237 1062 voluntarie

109 1082 282 1132 recipere
309 1081 495 1132 gratiam,
525 1078 597 1116 nisi
617 1078 731 1115 etiam
754 1090 838 1114 eam
860 1091 900 1114 se
923 1078 1108 1128 recepisse
1124 1079 1235 1116 sciat:

111 1146 199 1184 ergo
227 1132 298 1171 &c.
340 1131 522 1179 Accedit,
565 1145 588 1170 a
615 1130 734 1169 sacris
762 1130 940 1178 Litteris,
981 1129 1015 1166 &
1045 1147 1064 1168 a
1096 1133 1234 1170 sanctis

109 1184 283 1223 Patribus
311 1185 421 1224 nobis
451 1185 671 1237 frequenter
714 1182 932 1230 inculcari,
977 1193 1016 1221 ut
1048 1183 1130 1221 Deo
1164 1198 1234 1237 pro

109 1247 266 1290 accepta
295 1237 440 1289 justitia
469 1237 613 1277 debitas
642 1251 801 1289 agamus
843 1238 1008 1288 gratias3
1050 1238 1157 1290 atqui
1195 1240 1232 1277 id

105 1291 202 1329 foret
232 1293 511 1344 ineptissimum
528 1321 539 1340 ,
559 1292 634 1330 nisi
662 1292 710 1330 de
737 1301 892 1343 accepto
919 1290 1110 1332 beneficio
1140 1305 1234 1330 esse-

105 1357 193 1383 mus
221 1348 366 1384 securi:
397 1359 485 1397 ergo
513 1345 585 1384 &c-

167 1400 255 1449 ¹57·
287 1397 399 1451 Resp.
430 1399 476 1437 ad
494 1400 691 1450 primum,
720 1406 762 1436 ut
789 1398 876 1450 quis
906 1397 1098 1449 concipiat
1127 1411 1234 1450 spem

107 1460 266 1489 aternae
295 1452 583 1500 retributionis,
613 1465 689 1490 non
720 1451 864 1503 requiri
895 1451 1163 1490 certitudinem
1192 1465 1233 1489 0-

105 1505 345 1544 mnimodam
375 1506 422 1543 de
451 1507 626 1559 praeseuti
648 1504 818 1556 justitia,
848 1505 912 1542 sed
941 1503 1116 1543 sufficere
1146 1519 1231 1555 pro-

102 1556 277 1596 babilem
306 1559 566 1611 conjecturam
586 1588 596 1606 ‚
626 1572 742 1610 quam
760 1588 772 1606 ‚
817 1565 856 1594 ut
885 1557 1119 1610 explicatum
1150 1568 1229 1607 est,

103 1609 196 1662 justi
227 1611 369 1650 habere
398 1621 553 1665 possunt
571 1638 582 1649 .

164 1663 251 1703 158.
286 1664 398 1718 Resp.
429 1665 476 1703 ad
506 1664 716 1703 secundum
735 1690 746 1702 .
776 1663 834 1702 Ea
863 1665 980 1701 verba
1008 1675 1079 1714 per
1099 1664 1231 1701 volun-

104 1722 261 1756 tariam
279 1719 367 1759 (90.
410 1731 486 1758 non
514 1719 616 1757 hunc
647 1717 784 1756 habent
813 1731 965 1755 sensum
983 1746 994 1765 ,
1024 1718 1131 1770 quasi
1163 1731 1230 1770 po-

102 1772 181 1809 sitis
209 1772 515 1825 dispositionibus
542 1773 766 1810 necessariis
808 1785 831 1808 a
874 1779 998 1809 nostra
1036 1770 1230 1810 voluntate

102 1825 266 1877 pendeat
293 1828 456 1878 gratiam
485 1825 783 1865 sanctificantem
805 1826 1002 1877 recipere3
1033 1825 1096 1862 sed
1127 1826 1230 1877 quod

103 1892 126 1916 a
155 1887 281 1918 nostra
311 1880 502 1918 voluntate
530 1879 602 1918 sub
631 1879 779 1917 auxilio
806 1880 938 1931 gratiae
968 1879 1114 1916 divinae
1137 1893 1228 1931 pen-

98 1931 185 1969 deat
214 1947 276 1970 eas
303 1934 564 1985 dispositiones
585 1947 750 1985 ponere,
780 1934 824 1971 ad
852 1946 950 1984 quas
978 1933 1116 1970 infusio
1143 1947 1228 1984 gra-

99 1987 164 2023 tiae
194 1986 463 2026 sanctificantis
491 1988 762 2039 consequitur.
796 1986 921 2024 'Unde
950 1999 1036 2024 cau.
1064 1987 1103 2031 4.
1133 1986 1228 2024 dest-

97 2040 220 2077 nitum
252 2040 346 2078 fuit:
384 2070 411 2090 „
440 2040 482 2079 Si
511 2041 596 2093 quis
625 2041 794 2088 dixerit,
825 2039 993 2077 liberum
1022 2039 1226 2078 arbitrium

100 2121 128 2141 „
157 2102 304 2131 motum
322 2124 333 2143 ,
370 2094 404 2131 &
434 2095 640 2133 excitatum
671 2093 768 2132 nibil
798 2095 995 2145 cooperari
1024 2095 1225 2131 assentien-

98 2174 126 2194 ‚,
154 2144 204 2182 do
232 2146 316 2184 Deo
343 2148 549 2196 excitanti,
579 2157 693 2200 atque
722 2149 901 2196 vocanti,
945 2160 1022 2200 quo
1051 2147 1096 2184 ad
1125 2146 1224 2184 obti-

99 2227 128 2246 „
158 2198 325 2236 nendam
353 2198 636 2250 justificationis
664 2201 827 2252 gratiam
868 2214 905 2238 se
937 2201 995 2239 dis
1011 2209 1135 2249 munt,
1179 2214 1224 2239 ac

100 2280 126 2298 ,‚
158 2261 346 2304 praeparet
361 2278 403 2291 ...
432 2251 633 2291 anathema
648 2253 755 2291 sit''.
783 2251 855 2290 Sed
878 2255 970 2304 quia
999 2216 1114 2293 1101110
1141 2268 1222 2292 cer-

98 2311 137 2341 to
165 2306 260 2343 scire
290 2318 366 2344 non
396 2314 538 2357 potest,
582 2315 709 2343 utrum
740 2304 807 2344 11113
833 2306 1094 2357 dispositiones
1123 2317 1223 2346 recte

96 2359 348 2409 praemiserit,
378 2359 464 2397 ideo
490 2361 605 2397 etiam
635 2373 783 2410 semper
813 2359 982 2397 incertus
1007 2359 1054 2398 de
1074 2373 1141 2399 sua
1160 2360 1222 2413 ju-

95 2410 321 2450 stificatione
350 2420 477 2450 manet
494 2438 506 2450 .

87 2497 97 2502 1
155 2465 243 2517 159.
274 2466 333 2504 Ad
362 2466 514 2504 tertium
545 2465 678 2504 eadem
707 2473 760 2504 est
789 2467 1010 2518 responsio,
1053 2481 1142 2519 quae
1172 2468 1221 2507 ad

93 2518 293 2570 primuin3
336 2532 424 2557 nam
454 2519 705 2572 probabilitas
733 2529 900 2572 acceptae
935 2519 1218 2570 justificationis

91 2570 246 2620 abunde
274 2571 441 2620 sufficit,
474 2582 511 2610 ut
539 2574 627 2625 quis
657 2574 799 2626 possit,
835 2587 879 2611 ac
908 2572 1041 2612 debeat
1069 2574 1217 2614 debitas

92 2623 176 2662 Deo
203 2626 342 2676 gratias
371 2626 553 2665 reddere.

151 2676 238 2716 160.
266 2678 360 2731 Obj.
380 2689 518 2719 sexto.
548 2680 644 2720 Haec
673 2689 796 2719 nostra
825 2681 1008 2719 sententia
1038 2680 1214 2722 homines

89 2741 274 2782 perpetuo
301 2735 459 2782 anxios,
488 2748 531 2772 ac
547 2735 713 2786 trepidos
735 2735 844 2772 faciet
861 2765 872 2783 ‚
901 2745 1032 2772 contra
1050 2736 1086 2772 id
1109 2736 1212 2787 quod

87 2784 292 2835 Apostolus
319 2785 426 2837 jubet
456 2786 565 2826 Rom.
589 2789 638 2826 V.
660 2802 694 2826 1.
724 2787 932 2841 justificati
960 2801 1054 2840 ergo
1082 2801 1136 2826 ex
1152 2789 1213 2842 fi·

89 2835 140 2875 de
166 2850 311 2887 pacem
339 2838 558 2879 habeamus
588 2841 644 2880 ad
672 2838 806 2880 Deum
824 2869 835 2880 .

147 2890 234 2930 161.
257 2891 391 2945 Resp.,
421 2903 630 2948 utrumque
658 2896 768 2934 nobis
798 2895 949 2934 suaderi
980 2895 1212 2946 inScriptu—

88 2943 169 2992 lis,
198 2946 514 2998 tranquillitatem
533 2979 544 2997 ,
574 2949 609 2985 81
629 2963 765 3002 pacem
781 2980 792 2998 ,
822 2948 1016 3001 simulque
1041 2958 1181 2986 metum
1200 2978 1211 2996 ‚

88 2995 123 3033 ἃ
152 3012 361 3050 pavorem;
400 3001 520 3038 immo
548 3001 649 3041 huuc
679 3003 941 3056 frequentius,
971 3016 1091 3054 quam
1119 3001 1213 3039 alte-

89 3061 200 3090 ram.
229 3051 339 3091 Prov.
361 3053 549 3093 XXVIII.
570 3056 630 3101 14.
659 3055 808 3107 Beatus
838 3055 953 3094 homo
972 3087 983 3104 ‚
1013 3060 1077 3107 qui
1107 3069 1211 3093 sem-

89 3113 158 3152 per
185 3114 242 3144 est
269 3107 460 3159 pavidus.
490 3106 654 3148 Phimt.
676 3123 735 3148 12.
768 3110 868 3148 Cum
899 3119 1033 3156 metu,
1063 3109 1112 3150 <9
1133 3118 1209 3147 tre·

89 3166 203 3194 more
227 3171 400 3200 vestram
441 3162 615 3200 salutem
659 3167 909 3214 operamini.
953 3162 1209 3201 Ecclesiastici

88 3205 142 3245 v·
160 3207 204 3269 ⁶⁴.
228 3210 289 3252 De
307 3219 514 3266 propitiato
542 3225 707 3263 peccato
735 3219 816 3256 noli
845 3230 934 3255 esse
961 3221 1048 3253 sine
1076 3225 1210 3260 metu;

89 3258 127 3298 ἃ
154 3260 230 3301 alta
253 3265 304 3324 ’id'
324 3282 469 3319 genus.
517 3270 617 3319 Quae
648 3279 775 3310 tamen
809 3271 881 3310 sibi
916 3270 1102 3309 contraria
1132 3282 1210 3308 nou

87 3323 177 3354 murt
192 3344 207 3365 ‚
233 3330 264 3355 st
294 3331 392 3360 recte
417 3325 680 3378 accipiantur.
708 3325 897 3364 Jubemur
926 3325 1033 3363 enim
1059 3324 1208 3372 timere,

2286 154 2375 197 ³29

1311 227 1350 257 ut
1379 219 1543 256 vitemus
1573 221 1911 269 praesumptionem
1929 248 1941 267 ,
1971 218 2003 255 81
2023 219 2206 258 desidiam
2224 250 2236 269 ‚
2264 233 2353 272 quae
2384 229 2430 256 ex

1309 272 1534 311 certitudine
1565 272 1676 310 facile
1704 274 1795 309 oriri
1826 282 1970 324 potest;
2012 273 2045 308 ἃ
2077 275 2214 311 iteruin
2244 272 2427 324 jubemur

1308 341 1398 364 cnm
1428 325 1705 377 tranquillitate
1734 339 1912 377 sperare,
1941 326 1989 363 ad
2016 327 2115 378 quod
2146 326 2331 365 nonnulla
2359 338 2427 363 110-

1306 379 1366 418 bis
1397 390 1535 432 praesto
1562 387 1647 417 sunt
1677 381 1811 429 sigua,
1853 377 1994 431 quibus
2025 381 2212 429 possimus
2240 394 2310 418 non
2339 380 2426 432 qui-

1306 433 1394 472 dem
1423 433 1648 471 certitudine
1677 432 1791 480 fidei,
1835 432 1900 470 sed
1929 431 2083 469 fiduciae
2101 461 2113 479 ‚
2155 433 2190 469 &
2219 435 2325 483 spei,
2361 447 2427 484 pa·

1306 501 1413 535 cem,
1442 485 1813 540 &tranquillitatem
1835 485 1998 523 habere.
2028 484 2262 536 Quanquam
2293 485 2427 523 verbo-

1307 553 1393 579 rum
1414 539 1582 592 Apostoli
1613 539 1723 592 longe
1752 538 1851 577 alius
1872 548 1923 576 est
1945 551 2098 583 sensus3
2130 536 2299 575 hortatur
2321 541 2425 577 euim

1309 594 1467 642 fideles,
1512 602 1550 631 ut
1582 607 1717 645 pacem
1746 607 1838 632 cum
1867 593 1950 631 Deo
1977 600 2229 639 conservent,
2271 591 2310 628 in
2347 590 2429 642 eius

1307 649 1429 698 gratia
1458 655 1764 700 perseverantes.

1368 701 1454 740 162.
1484 699 1578 751 obj.
1610 700 1736 739 ultim.
1778 699 1904 738 Homo
1933 712 1976 736 ea
2005 698 2221 751 cognoscit,
2263 712 2353 750 quae
2390 698 2429 735 in

1309 755 1428 805 ipsius
1457 756 1586 793 anima
1617 767 1684 807 per
1713 753 1910 791 essentiam
1941 761 2052 791 sunt:
2101 764 2189 802 ergo
2219 753 2333 789 etiam
2364 763 2427 789 co·

1306 821 1482 858 gnoscere
1509 807 1647 856 debet,
1679 816 1804 845 utrum
1836 805 1976 845 lrabeat
2003 806 2193 858 gratiam,
2222 819 2311 843 cum
2343 803 2431 843 hoee

1307 874 1376 912 per
1404 863 1603 900 essentiam
1633 874 1741 900 suam
1771 862 1810 899 in
1840 860 1971 898 anima
2013 860 2085 898 sit.
2132 856 2320 896 Praeterea
2354 870 2429 896 non

1307 915 1436 952 minus
1456 917 1636 962 scientia,
1667 914 1700 950 &
1731 914 1824 952 fides
1852 922 1935 952 sunt
1963 913 2063 951 dona
2079 913 2173 960 Dei,
2204 926 2321 964 quam
2343 925 2426 963 gra·

1306 968 1384 1013 tia3
1413 969 1474 1006 sed
1504 969 1579 1006 duo
1600 970 1725 1021 priora
1742 977 1844 1005 certo
1862 976 2156 1019 cognoscuntur:
2185 978 2273 1016 ergo
2293 965 2326 1001 ἃ
2340 979 2427 1017 gra-

1305 1021 1386 1058 tia.
1426 1022 1579 1060 Tertio:
1607 1024 1638 1060 si
1669 1020 1782 1059 homo
1811 1030 1929 1073 potest
1958 1033 2184 1072 cognoscere
2210 1020 2249 1056 se
2278 1033 2356 1057 esse
2385 1019 2427 1056 iu

1304 1083 1485 1124 peccato,
1535 1074 1657 1113 multo
1686 1076 1807 1126 magis
1835 1086 2058 1126 cognoscere
2097 1081 2239 1125 potest,
2282 1087 2321 1111 se
2350 1086 2428 1110 esse

1304 1128 1342 1164 in
1361 1131 1480 1178 gratia
1497 1159 1507 1177 ‚
1537 1130 1630 1180 quia
1651 1128 1780 1165 lumen
1796 1136 1915 1178 potest
1936 1128 2057 1179 magis
2077 1127 2248 1177 cognosci
2267 1156 2276 1173 ,
2306 1139 2425 1177 quain

1303 1181 1490 1228 tenebrae3
1521 1191 1722 1234 peccatum
1750 1190 1878 1220 autem
1909 1180 2141 1219 assimilatur
2171 1179 2359 1227 tenebris,
2390 1178 2425 1215 ἃ

1300 1236 1424 1286 gratia
1455 1235 1565 1273 luci·

1363 1287 1450 1328 165.
1482 1288 1597 1340 Resp.
1623 1302 1714 1327 cum
1742 1287 1786 1326 S.
1805 1286 1957 1325 Thoma
1980 1299 2012 1325 1.
2030 1300 2068 1325 2.
2089 1295 2224 1339 quaest.
2246 1299 2332 1324 rra.
2355 1295 2426 1324 art.

1305 1341 1342 1379 5.
1365 1343 1411 1379 ad
1434 1355 1468 1380 1.
1501 1342 1604 1394 Quae
1632 1351 1721 1380 sunt
1751 1354 1821 1390 per
1849 1344 2068 1380 essentiam
2097 1344 2156 1378 sui
2187 1343 2228 1377 in
2257 1343 2425 1387 anima,

1303 1399 1488 1447 cognosci
1518 1395 1827 1445 experimentali
1857 1398 2108 1448 cognitione,
2152 1397 2192 1431 in
2229 1402 2426 1442 quantum.

1302 1446 1418 1485 homo
1447 1453 1648 1498 experitur
1675 1461 1746 1499 per
1783 1458 1898 1486 actus
1939 1451 2135 1499 principia
2173 1456 2391 1484 intrinseca,
2411 1460 2427 1489 ;

1301 1504 1400 1538 sicut
1430 1503 1670 1540 voluntatem
1698 1506 1956 1554 perspicimus
1985 1500 2170 1547 volendo,
2213 1501 2262 1540 (9⁶
2300 1504 2426 1537 vitam

1301 1558 1342 1591 in
1371 1556 1548 1605 operibus
1577 1560 1693 1594 vitae.
1739 1557 1793 1593 lta
1823 1557 1937 1594 etiam
1967 1567 2011 1592 ex
2040 1553 2275 1607 quibusdam
2306 1554 2426 1605 signis

1300 1621 1498 1659 possumus
1528 1623 1592 1647 1103
1621 1622 1849 1648 connoscere
1876 1609 2067 1660 gratia1n3
2096 1621 2184 1659 quoe
2215 1616 2343 1645 tamen
2373 1608 2424 1644 si·

1297 1674 1369 1710 gna
1387 1691 1398 1708 ‚
1430 1671 1468 1699 ut
1496 1663 1641 1700 dictum
1672 1671 1724 1699 est
1753 1676 1879 1713 saepe,
1909 1675 1981 1700 non
2001 1660 2094 1698 talia
2113 1669 2195 1697 sunt
2214 1689 2224 1707 ,
2257 1671 2296 1697 ut
2315 1660 2423 1697 0111111

1298 1714 1506 1753 formidine
1521 1716 1678 1767 seposita
1700 1713 1854 1767 plenam
1875 1714 2115 1766 suppeditent
2132 1714 2425 1751 certitudinem.

1358 1767 1445 1814 164.
1477 1769 1536 1807 Ad
1564 1769 1796 1807 secuudum.
1825 1768 1869 1808 S.
1899 1767 2068 1805 Thomas
2096 1767 2301 1805 discrimen
2333 1768 2424 1805 assi-

1296 1831 1411 1873 gnat,
1441 1823 1545 1874 quod
1573 1824 1756 1871 scientia,
1787 1821 1820 1858 8(
1849 1821 1945 1860 fides
1964 1822 2107 1860 suntin
2130 1820 2345 1870 intellectu,
2374 1819 2423 1858 ad

1296 1874 1408 1926 cujus
1436 1877 1710 1928 perfectionem
1726 1877 1900 1928 -pertinet
1942 1874 2152 1920 certitud03
2195 1877 2315 1927 gratia
2352 1888 2421 1912 au-

1296 1937 1401 1977 tem,
1446 1929 1632 1978 charitas,
1675 1931 1710 1967 8(
1747 1929 1824 1967 alia
1854 1928 2074 1980 hujusmodi
2105 1928 2313 1979 perficiunt
2340 1930 2423 1967 vim

1296 1984 1575 2034 appetitivam5
1604 1992 1718 2035 atque
1747 1984 1841 2021 adeo
1869 1996 1940 2020 11011
1969 1991 2021 2019 est
2050 1981 2189 2018 similis
2218 1983 2339 2019 ratio.

1356 2036 1442 2074 165.
1476 2037 1533 2072 Ad
1562 2038 1713 2074 tertium
1747 2036 1796 2073 ita
1827 2036 2022 2087 respondet
2042 2033 2083 2071 S.
2101 2033 2292 2072 Thomas:
2323 2033 2420 2072 Pec-

1294 2098 1430 2126 catum
1459 2088 1575 2127 habet
1602 2102 1672 2139 pro
1699 2091 1916 2139 principio,
1945 2089 1994 2128 (9-
2013 2099 2084 2138 pro
2103 2085 2253 2140 objecto
2273 2087 2419 2127 bonum

1293 2141 1601 2191 commutabile,
1641 2141 1746 2194 quod
1773 2141 1881 2180 nobis
1909 2150 1967 2179 est
1996 2150 2131 2178 notum
2150 2167 2160 2178 .
2206 2140 2418 2193 Objectum

1293 2206 1430 2234 nutem
1448 2228 1458 2246 ‚
1490 2185 1669 2249 vel-finis
1696 2201 1844 2249 gratiae
1873 2205 1929 2233 est
1960 2193 2071 2232 nobis
2091 2198 2269 2247 ignotum
2287 2225 2298 2243 ,
2327 2209 2415 2246 pro-

1289 2259 1377 2299 pter
1407 2254 1466 2288 sui
1494 2251 1655 2288 luminis
1684 2253 2001 2288 immensitatem
2032 2247 2253 2286 secundum
2273 2248 2367 2287 illud
2382 2249 2417 2287 Ι.

1292 2304 1400 2344 Tim.
1422 2303 1491 2343 1111.
1520 2305 1648 2343 lucem
1678 2303 1831 2342 habitat
1860 2300 2201 2342 inaccessibilem.

1637 2463 1923 2504 CAPUT
2004 2463 2058 2503 V.

1410 2572 1754 2621 Demonstratur,
1779 2573 1980 2624 justitiam
1999 2601 2010 2618 ,
2038 2570 2088 2610 (9¹
2115 2571 2299 2621 gratiam

1511 2626 1843 2680 sanctificantem
1871 2628 2002 2663 amitti
2030 2636 2144 2674 posse
2162 2648 2174 2660 .

1341 2786 1430 2826 166.
1448 2764 1704 2831 Calvinian?
1723 2794 1925 2839 postquam
1953 2784 2162 2822 docuerunt
2179 2812 2190 2830 ‚
2220 2795 2287 2821 nos
2314 2795 2413 2821 non-

1282 2839 1354 2878 nisi
1385 2856 1454 2893 per
1483 2855 1566 2880 eant
1597 2842 1713 2879 fidem
1745 2839 1974 2890 justificari,
2004 2852 2080 2890 qua
2111 2836 2219 2874 nobis
2249 2838 2408 2875 remissa

1281 2907 1360 2931 esse
1388 2905 1542 2947 peccata
1571 2903 1697 2939 cert0,
1741 2902 1855 2943 atque
1900 2890 2158 2928 infallibiliter
2185 2890 2409 2938 credimus,

1280 2944 1380 2984 illud
1410 2950 1525 2986 etiam
1554 2948 1780 2985 addtderunt
1799 2975 1809 2992 ‚
1854 2957 1960 2996 posse
1997 2943 2144 2996 justum
2187 2945 2325 2981 nedum
2356 2944 2404 2981 de

1281 3013 1347 3037 sua
1375 2999 1549 3052 justitia,
1593 3013 1725 3037 verum
1756 2999 1872 3036 etiam
1906 2999 1953 3036 de
1989 3012 2055 3036 sua
2085 3007 2223 3035 aeterna
2256 2997 2406 3048 praede·

1279 3054 1478 3092 stinatione
1506 3066 1683 3092 securum
1705 3065 1806 3089 esse:
1836 3052 1936 3090 unde
1955 3051 2060 3090 aliud
2081 3050 2293 3089 interebant
2324 3050 2405 3089 lon·

1277 3120 1323 3157 ge
1352 3106 1690 3151 absurdissimum,
1721 3106 1907 3156 justitiam
1937 3105 2053 3144 semel
2082 3105 2260 3156 adeptam
2288 3105 2403 3142 amit-

1278 3162 1303 3197 ti
1333 3162 1492 3198 omuino
1520 3173 1591 3199 non
1625 3173 1756 3210 posse3
1789 3172 1861 3197 non
1890 3159 2046 3210 quidem
2077 3173 2121 3196 eo
2139 3171 2277 3205 sensu,
2306 3172 2402 3210 qua-

1277 3214 1308 3251 si
1339 3211 1453 3250 homo
1482 3212 1707 3264 justificatus
1736 3211 1814 3251 labi
1847 3213 1886 3250 in
1919 3222 2071 3264 peccata
2101 3220 2292 3263 nequeat3
2334 3210 2404 3247 sed

1277 3267 1368 3318 quia
1398 3266 1540 3304 scelera
1558 3297 1569 3314 ,
1600 3267 1638 3304 in
1667 3279 1756 3318 quae
1781 3265 1990 3319 prolabitur
2007 3296 2017 3313 ,
2050 3274 2128 3303 utut
2150 3265 2400 3316 gravissima,

1277 3321 1354 3372 ipsi
1380 3319 1501 3359 aDeo
1529 3333 1605 3361 11011
1632 3321 1900 3373 imputantur,
1929 3333 1974 3359 eo
2000 3322 2122 3359 terme
2151 3330 2262 3371 pacto
2279 3346 2288 3363 ,
2317 3326 2396 3365 quo

2268 3379 2348 3406 non
