2570 3745
297 184 456 228 Gratia:
487 178 685 223 interiori
717 179 759 220 in
794 185 908 220 statu
938 185 1098 219 naturae
1119 172 1178 216 12-

291 271 375 315 psae
407 269 634 312 numquam
667 251 911 293 resistitur.

178 324 308 386 Prop.
340 328 612 368 Admittenda
644 332 707 366 est
731 326 774 364 in
795 331 911 363 statu
933 331 1095 363 naturoe
1108 324 1173 362 la-

294 411 382 452 psoe
414 401 558 452 aliqua
591 399 735 450 gratia
766 398 959 447 interior,
992 396 1063 434 cui
1093 396 1170 433 im-

291 472 522 522 probitate,
564 466 602 509 ἒς
635 470 801 507 malitia
836 467 1061 507 voluntatis
1093 466 1170 505 hu-

289 554 426 582 manoe
461 542 670 580 resistitur
688 567 699 579 .
1239 538 1292 589 76

171 611 310 670 Caput.
326 611 380 652 11.
427 613 698 664 Ostenditur,
730 613 866 662 fustis
906 609 1171 660 conantibus,

291 683 330 726 ΕΒ·
364 686 591 726 volentibus
623 694 837 732 nunquam
883 685 1028 721 deesse
1072 693 1170 732 gra—

285 756 421 809 tiam,
467 769 549 807 qua
582 761 889 806 proeceptorum
934 755 1168 793 observatio

287 839 382 867 vere
414 826 618 879 possibilis
642 826 726 875 fiat
742 852 752 863 .
1233 825 1286 865 50

169 894 295 955 Prop.
328 898 462 937 Justis
476 897 741 948 conantibus,
757 893 797 936 Β
814 896 1042 934 volentibus
1065 909 1170 944 μνω-

282 976 452 1020 ceptum
476 969 645 1019 aliquod
669 968 914 1019 adimplere,
936 977 1169 1015 numquam

283 1040 473 1090 gratiam
513 1039 724 1089 sufficiens
758 1041 895 1090 deest,
944 1049 1027 1088 qua
1065 1038 1169 1076 illud

281 1112 419 1162 reipsa
451 1113 684 1164 adimplere
717 1112 901 1164 possint.
1232 1108 1282 1148 81

163 1179 302 1237 Caput
319 1180 396 1221 III.
420 1183 686 1237 Ostenditur,
708 1196 734 1222 a
751 1183 893 1236 gratia
911 1181 1069 1220 Divina
1087 1179 1163 1219 hu-

282 1265 456 1293 manam
488 1256 725 1295 libertatem
757 1268 833 1294 non
865 1255 980 1294 tolli.
1229 1253 1285 1293 85

161 1319 290 1381 Prop.
323 1326 494 1378 Dogma
519 1328 624 1377 fidei
655 1336 739 1381 est,
784 1329 859 1367 sub
901 1326 1043 1379 gratia
1078 1323 1163 1374 effi-

277 1398 373 1436 caci
412 1398 618 1438 intactam
662 1412 879 1440 remanere
922 1399 1162 1437 libertatem

277 1470 460 1521 arbitrii,
494 1471 736 1521 nullamque
769 1471 1006 1510 absolutam
1040 1469 1161 1507 indu-

273 1540 314 1577 ci
344 1541 659 1578 necessitatem.

156 1604 415 1665 Appendix,
459 1610 501 1649 in
541 1623 625 1662 qua
672 1612 914 1663 exploditur
954 1611 1163 1661 fictitium

275 1684 555 1735 oequilibrium
572 1684 750 1736 virium,
782 1684 888 1735 quod
903 1684 1076 1734 quidam
1099 1683 1154 1721 ad

271 1754 504 1795 libertatem
538 1757 770 1796 necessario
802 1757 956 1806 requiri
988 1762 1167 1807 putant.
1219 1756 1274 1807 87

151 1820 403 1866 Dissertatio
422 1824 477 1867 V.
508 1828 576 1869 De
608 1830 751 1880 gratia
775 1827 961 1881 efficaci,
993 1825 1032 1868 85
1064 1826 1152 1880 suf-

265 1897 455 1947 ficiente.

152 1965 292 2025 Caput.
316 1968 350 2009 1.
395 1972 638 2013 Ostenditur
670 1984 698 2012 a
730 1973 1079 2026 SSAugustmo,
1112 1972 1156 2015 8⁴5

273 2043 428 2085 Thomu
461 2045 634 2085 minime
665 2058 755 2085 esse
777 2047 1054 2085 recedendum
1071 2077 1083 2098 ,
1115 2047 1154 2084 si

268 2128 421 2167 puram
454 2119 504 2157 ab
535 2118 649 2157 omni
679 2130 815 2157 errore
847 2118 1083 2156 doctrinam
1102 2119 1157 2157 de

267 2190 411 2240 gratia
444 2191 527 2231 Dei
560 2191 729 2242 assequi
752 2192 970 2233 volumus.
1218 2204 1268 2245 91·

153 2251 280 2314 Prop.
297 2257 332 2298 Ι.
366 2261 442 2302 Ubi
474 2264 619 2315 agitur
639 2265 690 2304 de
712 2263 864 2302 divinoe
888 2263 1040 2314 gratiae
1055 2276 1156 2315 my-

269 2332 393 2370 sterio
424 2336 694 2387 explicando,
734 2335 924 2386 maximi,
951 2332 1155 2386 facienda

268 2409 358 2453 est,
403 2399 443 2442 is
475 2408 623 2443 ceteris
664 2407 941 2458 praeponenda
986 2408 1028 2446 S.
1061 2409 1149 2448 Au-

266 2472 426 2522 gustini
458 2474 716 2513 auctoritas.

143 2540 348 2599 Prop.11.
389 2545 432 2583 S.
465 2545 730 2596 Augustinus
770 2555 916 2586 contra
947 2549 1146 2602 Pelagia-

266 2627 360 2668 nos,
404 2613 445 2656 &-
478 2618 840 2670 Semipelagianos
881 2631 954 2671 pro
987 2620 1141 2660 Christi

264 2689 406 2740 gratia
439 2691 657 2730 decertans
699 2703 727 2729 a
773 2693 902 2731 veteri
933 2693 1138 2732 Ecclestae

260 2762 483 2800 traditione
515 2773 748 2813 numqua-m
781 2765 950 2802 recessit
970 2790 981 2802 .

141 2828 268 2889 Prop.
283 2830 360 2871 ΠΙ.
395 2833 437 2873 S.
472 2835 736 2886 Augustinus
766 2842 908 2874 contra
942 2835 1137 2886 Pelagia-

258 2916 358 2958 nos,
404 2919 455 2945 ac
497 2907 859 2959 Semipelagianos
899 2908 949 2946 de
994 2907 1136 2958 gratia

255 2977 505 3032 disputans,
547 2991 747 3019 excessus.
778 2979 1019 3019 insimulari
1066 2990 1142 3017 non

259 3055 425 3099 potest.
1204 3063 1259 3104 99

138 3115 368 3179 Prop.1V.
403 3123 462 3162 Ab
495 3123 732 3179 Augustino
770 3135 849 3163 non
894 3130 958 3163 est
996 3126 1138 3174 sejun-

257 3194 419 3245 gendus
444 3194 586 3244 fidelis
619 3198 715 3247 ejus
729 3195 963 3246 discipulus
979 3195 1020 3234 S.
1036 3196 1138 3235 Tho-

255 3277 350 3306 mas
384 3267 598 3321 Aquinas,
629 3268 813 3320 adeoque
844 3268 975 3319 huJus
1007 3269 1138 3308 etiam

1177 1534 1279 1578 ibid.

1218 1902 1274 1955 89

1166 2473 1273 2518 ibid.

1191 245 1295 290 ibid.

2335 62 2360 104 ⁵

1490 173 1531 212 in
1563 173 1854 224 quoestionibus
1886 173 1936 212 de
1969 175 2111 225 gratia
2145 175 2369 226 permagni

1480 243 1681 297 facienda
1713 252 1774 284 est
1809 247 2067 285 auctoritas.

1363 316 1505 375 Caput
1517 315 1571 357 ΙΙ.
1605 317 1676 357 De
1698 317 1831 356 variis
1849 317 2088 356 scholarum
2112 317 2369 369 opinionibus

1480 391 1595 429 circa
1629 390 1820 441 gratiam
1853 387 2095 436 efficacem.

1365 460 1505 518 Caput
1538 460 1615 501 Ill.
1659 459 1889 512 Refutatur
1934 470 2126 514 systema
2169 463 2339 500 Molinae
2357 493 2368 514 ,

1485 529 1522 573 b·
1541 532 1892 585 Congruistarum
1909 534 1960 573 de
1975 534 2128 584 gratiae
2146 532 2335 581 efficacia
2351 560 2361 571 .
2402 545 2450 569 10
2463 544 2482 581 7

1361 602 1533 662 P1·0p.1.
1569 605 1730 645 Grctiae
1764 604 1955 653 efficacia
1990 616 2063 642 non
2098 611 2159 642 est
2184 610 2367 654 repeten-

1478 679 1535 716 da
1569 690 1594 716 a
1627 689 1828 717 consensu
1863 675 2345 717 voluntatisxlzumanoe.
2388 667 2487 709 ibid·

1360 745 1556 805 Prop-ll.
1592 748 1799 797 Efficacia
1832 750 1984 800 gratia‘
2020 748 2151 798 repeti
2185 758 2260 784 non
2294 748 2363 785 ue<

1482 823 1545 860 bet
1562 834 1615 861 ex
1634 821 1982 872 attemperatione
1994 819 2251 858 auxiliorum
2266 829 2366 855 cum

1484 893 1696 931 voluntate
1718 892 1905 930 humana
1922 923 1934 943 ,
1966 903 2058 942 quoe
2076 890 2205 929 subsit
2226 890 2365 927 Scien-

1484 965 1553 1002 τίω
1586 964 1759 1002 medioe.

1368 1034 1506 1090 Caput
1524 1034 1600 1076 lv.
1635 1036 1899 1088 Ostenditur,
1915 1037 2103 1086 gratiam
2124 1045 2213 1074 esse
2231 1032 2271 1072 vi
2283 1063 2293 1083 ,
2326 1029 2363 1070 ὓ

1482 1114 1634 1145 natura
1668 1119 1747 1145 sua
1781 1107 2022 1155 efficacem.

1358 1175 1497 1234 Capul,
1524 1175 1576 1217 V.
1626 1178 1910 1228 Respondetur
1943 1180 2234 1229 argumentis,
2270 1177 2358 1227 qui-

1475 1250 1550 1288 bus
1567 1250 1742 1300 probare
1759 1249 1994 1289 adversarii
2016 1256 2232 1299 conantur,
2265 1261 2362 1298 gra-

1477 1323 1585 1361 tiam
1622 1322 1701 1361 Dei
1735 1334 1808 1372 per
1848 1334 1893 1361 se
1933 1320 2148 1369 efficacem
2178 1321 2361 1359 libertati

1478 1400 1626 1433 nostra?
1659 1396 1824 1434 obesse.

1352 1462 1492 1521 Caput
1531 1463 1604 1505 VI.
1654 1467 1898 1506 Ostenditur
1931 1469 2121 1518 gratiam
2152 1463 2361 1512 sufficien-

1473 1544 1557 1576 tem
1591 1549 1666 1576 non
1687 1540 1895 1578 continere
1912 1545 2046 1576 totum
2067 1539 2133 1589 id,
2167 1538 2273 1588 quod
2306 1549 2360 1575 ex:

1473 1615 1597 1659 parte
1610 1609 1693 1648 Dei
1727 1611 1783 1648 ad
1814 1610 1912 1648 bene
1943 1611 2199 1661 operandum
2223 1609 2358 1659 requi-

1475 1682 1602 1720 ritur.

1346 1751 1481 1810 Prop.
1506 1753 1730 1792 Auxilium
1745 1752 1978 1805 sufficiens,
1993 1749 2031 1794 ξύ
2049 1752 2244 1801 inefficax
2263 1764 2360 1791 con-

1459 1823 1547 1877 fert
1562 1825 1729 1876 quidem
1745 1827 1855 1864 nobis>
1871 1827 1969 1865 bene
1996 1826 2196 1876 operandi
2213 1832 2353 1876 poten-

1466 1897 1574 1936 tiam
1587 1910 1604 1945 ;
1624 1898 1698 1936 sed
1721 1905 1766 1937 ut
1792 1899 1984 1937 voluntas
2007 1905 2147 1937 nostra
2174 1898 2230 1936 asl
2253 1898 2352 1936 bene

1463 1970 1723 2021 opera-ndum
1757 1971 1897 2021 reipsa
1929 1971 2258 2030 determinetur,
2291 1980 2354 2007 re-

2409 257 2485 282 102

2406 402 2484 427 103

2407 969 2484 1009 100

2404 1101 2485 1140 116

2402 1391 2482 1437 ¹24

1466 2043 1646 2093 quiritur
1677 2043 1821 2093 gratia
1855 2042 2034 2091 effibax.
2375 2035 2474 2077 ibid,

1347 2111 1487 2170 Caput
1505 2111 1607 2152 Vll.
1637 2114 1706 2152 De
1740 2115 1902 2154 Gratioe
1935 2114 2179 2163 sufficientis
2211 2111 2352 2150 distri-

1465 2185 1656 2223 butione.
2392 2182 2474 2223 136

1345 2254 1528 2314 Pr0p.1.
1562 2256 1703 2295 Posset
1724 2256 1844 2295 Deus
1867 2258 2024 2306 absque
2054 2256 2141 2294 ulla
2175 2255 2346 2306 injusti-

1463 2329 1560 2379 tioe,
1605 2335 1681 2367 aut
1725 2327 1991 2367 crudelitatis
2023 2333 2119 2365 nota
2151 2328 2346 2366 omnibus

1463 2398 1696 2438 hominibus
1743 2410 1821 2437 non
1869 2400 2128 2450 J'ustzficatis
2183 2401 2347 2438 nullum

1457 2482 1628 2523 prorsus
1659 2469 1812 2510 divinae
1845 2472 1998 2522 gratioe
2015 2473 2229 2511 auxilium
2252 2483 2346 2511 con-

1453 2541 1567 2596 ferre
1584 2569 1595 2581 .
2382 2556 2394 2580 1
2409 2543 2466 2584 38

1336 2613 1543 2672 Prop.11.
1578 2614 1803 2653 Auxilium
1832 2615 1984 2654 divinae
2009 2617 2162 2666 gratioe
2189 2627 2266 2654 non
2287 2627 2343 2654 oe-

2359 2683 2464 2727 ibid.

1456 2688 1637 2740 qualiter
1667 2688 1857 2726 omnibus
1890 2687 2123 2725 hominibus
2155 2690 2298 2727 adest.

1204 2765 1260 2817 96
1329 2757 1556 2816 Pr0p.111.
1590 2760 1710 2798 Deus
1741 2768 1815 2806 pro
1846 2768 1927 2795 sua
1949 2758 2134 2797 bonitate
2149 2761 2338 2800 omnibus

1449 2830 1682 2879 sufficentia
1715 2829 1882 2868 auxilia
1915 2825 2057 2876 offert.

2379 2832 2462 2884 159

1325 2899 1553 2961 Prop.lv.
1589 2901 1740 2939 Gratia
1773 2900 1984 2949 sufficiens
2015 2913 2090 2940 non
2122 2903 2184 2941 ita
2218 2901 2336 2952 effer-

1453 2984 1522 3014 tur
1553 2972 1741 3011 omnibus
1773 2971 2035 3025 hominibus,
2069 2981 2114 3011 ut
2140 2973 2257 3013 Deus
2287 2976 2337 3013 il-

1453 3048 1590 3084 lorum
1633 3056 1906 3098 consensum,
1953 3052 2029 3084 aut
2075 3047 2331 3086 desiderium

1447 3124 1636 3169 expectet
1651 3144 1663 3155 .
2365 3131 2376 3156 ι
2390 3119 2414 3166 4
2421 3131 2449 3157 ο

1329 3189 1459 3248 Prop.
1487 3188 1541 3230 V.
1576 3192 1697 3230 Deus
1730 3191 1870 3241 reipsa
1901 3200 1978 3227 non
2011 3186 2167 3240 confert
2199 3191 2329 3228 omni-

1450 3263 1529 3302 bus
1555 3264 1720 3302 omnino
1752 3261 1985 3301 hominibus
2036 3262 2214 3313 reprobis
2254 3263 2331 3301 ali-
