2562 3694
251 147 305 199 74
803 143 883 187 DE
915 143 1052 188 ACT.
1086 144 1242 190 HUM.
1274 143 1539 189 DISSERT.
1572 147 1651 191 ΙΙΙ.
1699 149 1829 194 CAP.
1864 151 1944 195 ΙΙΙ.

185 225 322 262 sticum
353 221 577 260 universum
591 222 883 262 condemnatum
899 226 970 270 sit;
1000 224 1111 277 cujus
1131 236 1301 278 propter-

183 291 226 314 ea
256 275 401 326 judicia
431 290 503 313 nou
535 278 777 327 praevenire,
808 279 870 316 sed
897 278 1098 317 humiliter
1128 288 1301 331 expecta-

182 342 223 366 re
252 329 435 367 debemus
453 356 464 367 .
493 329 581 366 Duo
601 329 846 370 celeberrimi
864 363 874 380 ‚
904 332 1191 383 doctissimique
1210 333 1302 369 Car-

182 382 329 420 dinales
360 382 645 432 Pallaviciuus,
688 384 722 420 δε
754 386 943 437 Aguirre,
992 385 1300 431 ProbabilismO,

181 438 244 474 cui
276 438 381 488 prius
409 437 602 475 mordicus
631 438 906 485 adhaerebant,
945 451 985 475 re
1015 436 1151 474 melius
1179 437 1301 474 consi-

181 489 337 536 derata,
368 491 556 528 nuncium
587 492 839 538 remiserunt,
877 490 977 542 quod
1008 491 1122 526 etiam
1154 490 1300 528 factum

179 551 232 581 est
261 542 310 582 ab
341 543 593 583 Universitate
622 545 867 591 Lovauiensi‚
898 551 983 580 teste
999 542 1194 593 Opstraeto
1210 543 1298 582 Dis-

180 607 267 635 sert.
299 597 435 635 Theoi.
465 598 514 635 de
541 601 662 646 praxi
691 597 896 634 atltninist.
919 594 1034 632 Stzcr.
1065 594 1230 644 Poenic„
1261 597 1296 635 ἃ

179 665 203 688 a
232 649 362 688 multis
392 651 477 690 aliis
507 652 663 701 insignis
691 658 786 687 uotae
805 646 1033 699 Theologis.
1064 648 1114 687 V.
1145 648 1294 690 Patuzzi

179 703 280 757 Reg.
311 703 433 741 Prox.
464 704 506 741 P.
536 704 601 740 ΙΙΙ.
630 715 717 753 cap.
747 714 785 753 9.
816 701 854 753 ᾗ.
887 701 923 739 5.

239 758 326 808 159.
357 757 450 807 Obj.
479 756 745 793 decimotertio
762 780 773 792 .
816 754 999 794 Subditus
1027 764 1176 795 tenetur
1201 758 1293 797 obe-

177 812 261 850 dire
291 809 476 856 Praelato‚
518 808 665 845 etiamsi
695 808 815 859 ipsius
844 818 1082 861 praeceptum
1121 811 1293 851 videatur

177 864 389 909 illicitum,
418 861 519 913 quod
548 861 588 898 S.
619 861 831 899 Bernartius
861 863 949 901 Lib.
981 862 1043 901 De
1073 875 1292 916 proecepto,

177 918 228 958 (90
257 916 471 966 dispensat.
500 927 640 966 cap.9.
672 914 753 952 fuse
783 915 978 954 declarat.
1008 916 1176 969 Insuper
1205 919 1294 958 licet

177 968 469 1008 [inmaculatam
501 967 543 1005 B.
572 967 633 1005 M.
663 967 713 1006 V.
755 970 1051 1021 Conceptionem
1096 972 1292 1022 inficiari,

177 1035 413 1074 quamquam
443 1021 615 1072 opposita
635 1023 816 1060 sententia
831 1024 879 1060 sit
900 1023 1008 1075 longe
1029 1025 1292 1076 probabilior.

179 1074 308 1112 Tertio
336 1076 512 1127 quamvis
540 1073 638 1112 milii
668 1075 906 1127 probabilius
923 1076 1065 1130 aliquis
1082 1078 1196 1117 homo
1213 1094 1292 1120 ma-

175 1127 236 1166 lus
265 1143 342 1166 esse
372 1128 571 1176 videatur,
602 1141 753 1180 possum
782 1138 909 1169 tamen
941 1145 1030 1169 euin
1059 1132 1202 1172 bonum
1232 1134 1294 1185 ju-

174 1181 325 1229 dicare,
359 1191 396 1220 ut
425 1182 465 1221 S.
497 1180 665 1220 Thomas
693 1183 799 1222 docet
830 1198 867 1223 2.
899 1197 937 1224 2.
967 1200 1034 1238 qu.
1067 1187 1132 1226 50.
1162 1196 1231 1227 art.
1254 1187 1293 1235 4.

174 1248 262 1288 ergo
291 1235 362 1274 &c.

234 1289 322 1335 140.
353 1289 465 1342 Hesp.
496 1289 541 1328 ad
557 1293 752 1341 primum,
783 1292 978 1331 subditum
996 1296 1094 1333 eoin
1116 1286 1204 1334 c'asu
1222 1325 1232 1343 ‚
1262 1297 1294 1335 si

174 1356 233 1381 res
262 1343 381 1381 dubia
411 1345 482 1390 sit,
513 1358 624 1382 suum
661 1342 851 1396 judicium
870 1348 1075 1397 prudenter
1104 1351 1295 1401 superiori

171 1395 390 1447 subjicere3
421 1407 533 1448 atque
561 1398 656 1435 adeo
684 1400 786 1450 quod
817 1398 875 1437 illi
907 1402 1041 1451 prius,
1073 1402 1131 1440 vel
1154 1416 1293 1456 aeque,

172 1450 233 1488 vel
266 1450 416 1488 fortasse
445 1451 559 1487 etiam
590 1452 719 1489 minus
761 1453 1017 1504 probabiliter
1055 1454 1207 1493 licitum
1238 1457 1295 1494 vi-

172 1503 352 1551 debatur,
383 1504 510 1542 addito
539 1506 746 1556 superi0ris
767 1506 946 1544 mandato
967 1508 1208 1560 probabilius
1229 1510 1292 1556 fit,

172 1556 207 1593 8(
237 1557 431 1595 moraliter
460 1566 606 1595 certum
625 1588 636 1606 ,
666 1560 759 1612 quia
787 1561 960 1612 superior
989 1563 1073 1600 vice
1103 1563 1176 1601 Dei
1206 1564 1295 1602 fun-

172 1612 301 1660 gitur,
331 1610 365 1646 81
395 1612 579 1663 scriptum
609 1621 685 1650 est:
719 1612 796 1663 Qui
826 1627 889 1651 ros
918 1614 1055 1665 antiit,
1086 1629 1152 1654 me
1180 1617 1294 1655 audit

173 1663 270 1701 Luc.
302 1663 352 1701 X.
389 1664 448 1701 16.
477 1664 655 1702 Ceterum
685 1667 742 1712 si,
772 1667 873 1718 quod
903 1669 1076 1718 superior
1105 1670 1290 1719 mandat,

174 1716 420 1754 nullomodo
458 1716 566 1754 fieret
608 1718 758 1755 subdito
801 1719 1069 1771 probabilius,
1118 1733 1292 1774 peccaret

172 1769 344 1807 subditus
374 1771 586 1808 obediendo
616 1769 803 1818 Praelat03
848 1783 934 1810 tunc
964 1775 1066 1811 enim
1111 1776 1209 1813 illud
1238 1785 1291 1815 te-

173 1824 343 1860 nendum
375 1832 484 1861 esset:
519 1822 687 1861 Obetltre
715 1831 1014 1878 oportetinagis
1029 1826 1137 1876 Deo,
1168 1842 1292 1880 quam

173 1874 391 1914 hominibus
413 1879 495 1914 Aet.
520 1876 566 1914 V.
592 1890 654 1928 29.
685 1878 770 1916 Non
801 1879 914 1917 facile
945 1890 1070 1918 tamen
1102 1883 1139 1919 id
1160 1897 1180 1920 a
1201 1884 1292 1922 sub-

173 1929 251 1967 dito
280 1929 589 1981 praesumendum
621 1938 700 1978 est,
739 1932 811 1973 uisi
843 1932 996 1982 valida,
1028 1934 1073 1970 ’δε
1102 1936 1294 1976 evidentia.

172 1981 232 2021 illi
263 1993 486 2033 argumenta
515 1993 744 2022 occurrant.

232 2036 319 2081 141.
352 2036 411 2074 Ad
439 2035 681 2075 secundum.
714 2038 793 2085 Qui
824 2039 867 2077 B.
889 2039 939 2078 V.
970 2039 1030 2078 M.
1061 2041 1293 2082 Immacula-

172 2097 218 2128 tae
236 2090 485 2142 Conceptioni
517 2090 780 2142 refragantur,
811 2093 848 2130 id
879 2093 1026 2132 faciunt
1055 2095 1158 2134 ducti
1181 2098 1294 2135 ratio-

171 2143 312 2192 nibus,
356 2157 443 2195 quae
474 2145 565 2195 ipsis
595 2145 772 2182 videntur
802 2147 1108 2198 probabiliores.
1157 2150 1231 2188 Sed
1261 2152 1293 2189 si

172 2199 257 2250 quis
289 2197 383 2235 lianc
413 2199 632 2249 opinionem
662 2198 843 2250 amplecti
873 2201 1016 2250 vellet,
1054 2217 1292 2256 quamquam

172 2252 245 2303 ipsi
278 2252 404 2289 minus
436 2251 646 2301 probabilis
678 2254 894 2302 videretur,
933 2257 963 2294 is
993 2266 1093 2294 certe
1124 2271 1162 2295 se
1193 2259 1292 2296 veri·

173 2305 255 2341 tatis
285 2313 492 2341 amatorem
525 2305 683 2343 minime
713 2309 947 2358 ostenderet,
979 2309 1130 2349 nullum
1162 2320 1290 2350 tamen

171 2357 261 2396 inde
290 2357 560 2395 detrimentum
593 2358 774 2408 liaberet,
823 2365 915 2414 quia
952 2366 1114 2416 quoestio
1156 2351 1319 2405 istliaec'

174 2419 226 2448 est
256 2425 360 2448 mere
389 2411 649 2461 speculativa,
680 2413 713 2449 8(
742 2415 789 2451 ad
820 2416 935 2454 fidem
954 2448 963 2465 ‚
996 2432 1194 2471 moresque
1214 2434 1291 2459 non

171 2465 361 2517 pertinet.
392 2464 581 2503 Praectare
611 2465 650 2508 S.
683 2466 850 2507 Thomas
877 2470 1019 2517 Quodl.
1044 2473 1109 2511 III.
1131 2481 1203 2511 art.
1231 2488 1292 2512 10.

169 2517 355 2556 Dit'ersae
383 2521 587 2567 opiniones
607 2518 826 2558 Doctorum
846 2552 855 2570 ,
886 2528 918 2560 si
932 2525 1088 2575 quidem
1110 2540 1190 2563 non
1205 2541 1292 2579 per-

172 2575 327 2609 tineant
358 2572 412 2609 ml
428 2572 561 2626 fislenz
581 2603 590 2620 ‚
621 2575 669 2613 (³)
700 2574 818 2612 bonos
848 2590 978 2615 mores
1002 2610 1011 2627 ,
1050 2579 1198 2631 absque
1226 2595 1293 2632 pe-

171 2626 294 2663 riculo
323 2625 523 2664 auditores
553 2636 763 2679 utramque
805 2634 1032 2682 opinionem
1069 2639 1177 2684 sequi
1205 2648 1293 2685 pos-

173 2689 289 2727 sunt,
319 2689 412 2717 tnnc
442 2684 550 2718 enim
579 2680 695 2718 imbec
725 2683 851 2720 locum
875 2715 886 2732 ‚
935 2686 1036 2735 qnocl
1066 2687 1157 2725 dicit
1188 2689 1291 2739 Apo·

173 2733 291 2770 stolus
324 2734 432 2771 Rom.
463 2734 572 2772 XIV.
606 2736 641 2772 5.
696 2735 967 2789 Unusquisque
997 2743 1038 2776 in.
1074 2755 1144 2778 sno
1172 2755 1292 2780 sensu

175 2785 366 2824 abundet.
396 2786 445 2824 Ιη
474 2787 532 2825 Ins
561 2798 722 2838 antem,
752 2805 841 2842 [χυσις
857 2796 1054 2840 pertinent
1069 2794 1124 2831 ad
1139 2795 1290 2847 fidem,

174 2838 223 2876 (θ’
254 2837 370 2877 bonos
400 2854 554 2890 mores,
594 2844 722 2880 nullus
752 2855 999 2896 excusatur,
1042 2851 1076 2885 si
1104 2860 1291 2900 sequatur

174 2894 399 2940 opinionem
429 2896 602 2948 alicujus
631 2896 856 2951 llIIzgistri:
879 2904 927 2940 in.
956 2900 1100 2941 talibus
1130 2907 1238 2942 enim
1260 2908 1290 2943 z·-

175 2955 393 2997 gnoruntzu.
420 2961 499 2986 non
530 2961 700 2989 excusat
718 2978 728 2991 .

225 3108 273 3140 (a)
305 3104 481 3155 innumeri
509 3117 609 3149 sunt,
635 3111 694 3155 qni
722 3111 762 3144 de
789 3112 853 3146 bac
881 3115 1027 3149 materia
1048 3115 1226 3160 studiose,
1254 3122 1286 3152 &

180 3158 605 3204 accur-ite·scripserunt3
634 3169 674 3188 ne
703 3168 817 3192 tamen
846 3162 947 3205 copia
975 3164 1217 3198 confusionem
1233 3178 1289 3211 pa·

175 3205 266 3235 riat,
292 3208 377 3228 ineis
402 3195 581 3240 discipulis
607 3204 779 3248 praecipue
807 3209 950 3240 consulo
977 3209 1011 3240 P.
1039 3210 1126 3242 Dm.
1158 3213 1288 3245 Conci-

175 3253 255 3274 nsm
283 3242 386 3274 Tom.
416 3244 457 3274 lI-
480 3244 672 3287 Apparatus
697 3254 741 3282 αιι
767 3252 885 3286 Theoi.
903 3255 1035 3288 Christ.
1065 3256 1288 3295 Dogmntico-

176 3290 355 3328 moralem,
384 3289 417 3320 Ρ.
444 3289 546 3322 Vinc.
575 3291 709 3326 I‘atuzzi
739 3297 770 3328 in
798 3300 860 3330 'sr-
901 3300 956 3334 De
983 3305 1099 3347 regula
1122 3292 1286 3339 britanna-

174 3347 246 3367 rnm
271 3339 524 3377 operationum,
551 3349 588 3368 ac
616 3338 649 3369 in
663 3339 791 3374 Etlncu
817 3346 1041 3390 Christiana,
1068 3350 1286 3385 F.Vincent.

174 3382 453 3416 Contensonium
479 3383 555 3416 Lib.
579 3384 636 3417 Vi.
662 3384 781 3420 Theoi.
807 3396 929 3425 mentis
945 3414 955 3432 ,
981 3400 1020 3427 (φ
1047 3399 1165 3430 cordis
1190 3399 1285 3432 Diss.

1430 225 1517 271 142.
1549 227 1608 264 Ad
1636 233 1820 269 tertium.
1851 231 1892 270 S.
1923 220 2091 271 Thomas
2119 238 2246 279 recte,
2275 233 2483 284 sapienter-

1369 292 1444 329 que
1474 280 1608 327 docet,
1646 281 1785 319 debere
1812 296 1880 322 uos
1908 286 2027 325 dubia
2054 287 2100 324 de
2130 285 2283 324 alterius
2312 288 2484 327 moribus

1369 332 1408 368 in
1438 331 1636 371 meliorem
1666 343 1813 387 partem
1844 338 2110 390 interpretari,
2158 339 2251 391 quia
2281 339 2319 377 id
2364 342 2483 379 tutius

1370 392 1445 422 est:
1487 387 1517 423 si
1548 388 1652 425 enim
1681 389 1767 440 quis
1796 398 1892 427 erret
1921 389 2062 430 habens
2090 392 2231 431 bonam
2261 394 2483 443 opinionem

1369 437 1424 496 de.
1444 438 1576 492 aliquo
1605 440 1737 490 malo,
1779 442 1886 480 nulla
1915 444 1951 481 ei
1978 443 2022 482 fit
2063 444 2233 495 injuria3
2281 446 2326 484 fit
2354 457 2483 487 autem

1369 493 1515 542 injuria
1544 495 1746 545 proximo,
1789 496 1820 534 si
1847 497 1935 548 quis
1962 505 2060 534 erret
2089 497 2232 537 liabens
2274 500 2320 538 de
2349 501 2480 552 aliquo

1366 543 1466 582 bono
1495 545 1649 585 homine
1677 550 1901 600 opinionem
1931 549 2103 596 malam3
2132 550 2166 587 8(
2194 554 2247 591 sic
2278 555 2390 591 etiam
2422 557 2481 592 in-

1365 597 1571 650 telligenda
1614 609 1666 639 est
1695 601 1857 650 Glossa,
1905 616 1994 655 quae
2032 616 2147 654 super
2189 605 2285 644 illud
2316 607 2485 658 Apostoli

1363 650 1475 691 Rom.
1505 653 1615 693 XIV.
1637 655 1702 693 5.:
1735 655 1812 706 Qui
1840 668 1921 693 non
1951 656 2198 704 manducat,
2228 660 2483 698 manducan-

1363 714 1444 743 tem
1473 720 1555 745 non
1577 708 1758 760 judicet,
1796 710 1945 761 inquit:
1994 707 2128 746 Dubia
2156 719 2246 748 sunt
2275 716 2316 749 in
2345 714 2483 754 melio-

1362 772 1451 798 rem
1478 770 1637 810 partem
1665 761 1998 814 interpretanda.

1423 813 1511 860 145.
1542 815 1635 867 Obj.
1666 816 1990 868 decimoquarto.
2020 816 2190 854 Licitum
2212 825 2261 855 est
2277 820 2484 871 sequisen-

1362 868 1522 907 tentiam
1554 870 1855 921 probabiliorem
1874 900 1884 918 ‚
1928 870 1995 907 etsi
2025 870 2154 908 minus
2182 878 2330 917 tutam3
2374 875 2482 926 atqui

1361 930 1529 974 systema
1566 923 1908 964 Probabilistarum
1952 931 2004 961 est
2047 922 2168 961 multo
2211 924 2482 976 probabilius,

1361 989 1478 1027 quam
1517 976 1953 1025 Probabilioristarum;
2001 975 2173 1016 Terillus
2216 979 2317 1017 enim
2360 978 2481 1028 dicit,

1361 1042 1468 1081 posse
1496 1030 1656 1081 singulis
1685 1029 2007 1073 Probabilioristis
2028 1029 2093 1076 4ο.
2123 1029 2394 1070 Probabilistas
2414 1046 2482 1086 op-

1362 1084 1482 1134 poni,
1513 1082 1546 1119 ἃ
1575 1084 1881 1124 Probabilismus
1910 1083 2100 1137 appellari
2122 1083 2211 1122 solet
2231 1086 2361 1136 opinio
2376 1099 2484 1124 com-

1362 1140 1495 1174 munis
1512 1167 1522 1185 ‚
1553 1143 1826 1188 communior,
1856 1141 2188 1176 conmzunissima
2206 1169 2216 1187 ,
2247 1152 2297 1176 (ιε
2318 1141 2483 1178 morali-

1362 1198 1424 1228 ter
1452 1200 1588 1229 certa:
1619 1206 1706 1244 ergo
1734 1193 1806 1231 &c-

1423 1244 1511 1290 144.
1544 1244 1656 1298 Resp.
1686 1246 1778 1298 Neg.
1810 1246 1907 1284 min.
1925 1275 1936 1294 ,
1975 1259 2093 1298 quam
2121 1259 2198 1285 non
2227 1246 2388 1299 probant
2418 1248 2487 1287 ad-

1363 1299 1621 1336 versariorum
1651 1301 1957 1351 exaggerationes
1978 1325 1988 1337 .
2019 1299 2217 1351 Quidquid
2236 1301 2338 1338 enim
2369 1301 2484 1340 fuerit

1363 1350 1409 1388 de
1439 1365 1598 1389 numero
1628 1351 1970 1390 Probabilistarum
2002 1351 2142 1389 Terilli
2187 1362 2323 1401 aetate,
2371 1355 2485 1393 modo

1363 1412 1514 1441 certum
1545 1413 1622 1453 est,
1653 1406 1832 1443 eumdem
1864 1403 1984 1443 multo
2015 1405 2200 1442 minorem
2231 1420 2334 1453 esse,
2365 1421 2485 1458 quam

1363 1456 1764 1497 Probabilioristarum
1783 1489 1792 1508 ,
1825 1458 2081 1509 eumdemque
2102 1472 2251 1510 semper
2269 1460 2307 1496 in
2329 1459 2406 1497 dies
2422 1461 2486 1497 de-

1363 1524 1553 1560 crescere,
1587 1521 1627 1550 ut
1656 1512 1808 1553 tandem
1826 1526 1910 1564 spes
1926 1511 2126 1562 affulgeat,
2158 1511 2486 1553 Probabilismum

1363 1566 1535 1618 undique
1565 1566 1896 1604 exterminandum
1919 1580 1995 1603 esse
2014 1594 2024 1612 ‚
2054 1566 2244 1616 quomodo
2259 1566 2308 1604 ab
2329 1566 2488 1618 amplis-

1360 1619 1459 1656 sima
1489 1618 1710 1657 Galliarum
1742 1618 1943 1666 Ecclesia,
1974 1619 2007 1654 8(
2036 1632 2058 1655 a
2090 1618 2267 1669 pluribus
2296 1619 2486 1660 Dioecesi-

1359 1671 1433 1709 bus
1449 1701 1459 1719 ‚
1481 1673 1692 1710 Ordinibus
1711 1672 1908 1723 Religiosis
1921 1702 1931 1720 ,
1949 1671 2291 1723 Universitatibus,
2308 1688 2351 1712 ac
2366 1673 2486 1714 Scho-

1360 1724 1409 1762 lis
1438 1724 1603 1762 feliciter
1631 1725 1850 1763 eliminatus
1881 1735 1961 1763 est.

1420 1778 1508 1823 145.
1539 1777 1632 1829 Obj.
1662 1780 1821 1817 ultimo.
1852 1779 2020 1817 Licitum
2053 1787 2104 1816 est
2125 1780 2232 1830 sequi
2260 1782 2487 1820 sententiam

1360 1832 1486 1869 minus
1518 1842 1637 1870 tutam
1656 1863 1666 1881 ,
1698 1834 1822 1870 tutiori
1856 1832 2067 1884 posthabita
2086 1862 2096 1880 ‚
2139 1845 2227 1884 ergo
2257 1835 2370 1871 etiam
2399 1848 2486 1886 pos-

1363 1898 1496 1923 sumus
1526 1889 1633 1938 sequi
1664 1889 1790 1924 minus
1823 1885 2093 1938 probabilem.

1422 1938 1508 1984 146.
1541 1940 1637 1978 Dist.
1667 1950 1743 1978 ant.
1774 1940 1814 1978 Si
1846 1940 2030 1978 sententia
2061 1940 2189 1978 minus
2220 1948 2296 1978 tuta
2317 1942 2362 1978 sit
2384 1941 2486 1978 mul-

1362 1992 1407 2029 tis
1437 1993 1620 2043 gradibus
1650 1993 1918 2046 probabilior,
1968 2007 2085 2045 quam
2123 1995 2294 2044 opposita
2314 2024 2324 2042 ,
2373 2007 2485 2034 conc.

1362 2053 1451 2082 tunc
1482 2048 1580 2083 enim
1614 2047 1799 2085 moralem
1841 2048 2110 2085 certitudinem
2139 2047 2186 2083 de
2229 2046 2415 2086 honestate
2445 2063 2486 2086 a-

1362 2100 1497 2137 ctionis
1528 2100 1668 2138 habere
1699 2115 1898 2153 possumus
1915 2131 1926 2149 ‚
1958 2108 1996 2138 ut
2013 2113 2100 2139 mox
2117 2099 2377 2139 declarabitur
2398 2114 2486 2153 pro-

1363 2165 1444 2204 ρος.
1474 2167 1551 2206 seq.
1569 2184 1580 2201 ,
1610 2168 1715 2191 secus
1733 2184 1742 2201 ‚
1775 2168 1877 2206 nego
1896 2179 1906 2190 .

1422 2207 1509 2259 147.
1542 2209 1628 2245 lust.
1662 2208 1818 2258 Magis,
1861 2207 1893 2242 &
1925 2208 2049 2244 minus
2079 2221 2154 2244 non
2193 2207 2373 2246 differunt
2400 2222 2485 2261 spe-

1361 2260 1448 2307 cie,
1494 2269 1533 2297 ut
1564 2261 1676 2299 habet
1706 2271 1812 2299 vetus
1842 2261 2046 2311 adagium:
2094 2274 2181 2312 ergo
2210 2263 2240 2299 si
2285 2276 2484 2314 possumus

1360 2314 1468 2366 sequi
1498 2317 1718 2353 sententiam
1751 2316 1878 2352 miuus
1910 2324 2028 2352 tutam
2048 2343 2059 2361 ,
2102 2315 2252 2366 quando
2282 2324 2333 2354 est
2363 2317 2483 2368 magis

1361 2367 1602 2419 probabilis,
1633 2383 1830 2421 possumus
1861 2369 1974 2406 etiam
2006 2367 2076 2405 &c-

1422 2421 1509 2466 148.
1542 2421 1654 2473 Resp.
1685 2423 1769 2460 Non
1800 2421 2122 2473 differuntspecie
2141 2421 2338 2474 physica,
2369 2435 2482 2462 conc.

1362 2476 1534 2523 morali,
1564 2490 1689 2528 nego.
1721 2477 1768 2514 Et
1800 2477 1830 2514 si
1861 2476 1930 2513 hoc
1946 2485 2213 2527 argumentum
2232 2477 2394 2524 valeret,
2423 2491 2482 2514 se-

1361 2539 1569 2580 queretur,
1602 2544 1665 2568 nos
1696 2543 1800 2582 posse
1831 2530 1944 2567 etiam
1974 2542 2083 2580 agere
2104 2530 2314 2567 secundum
2336 2539 2480 2568 senten-

1362 2584 1455 2619 tiam
1484 2585 1647 2621 tenuiter
1678 2583 1946 2636 probabilem3
1976 2583 2068 2634 quia
2097 2597 2219 2634 neque
2251 2584 2319 2620 ista.
2348 2585 2474 2635 specie

1360 2636 1486 2674 differt
1515 2638 1564 2674 ab
1594 2637 1697 2682 alia3
1727 2637 1827 2689 quod
1857 2645 1984 2673 tamen
2015 2635 2064 2674 ab
2086 2635 2301 2674 Innocentio
2315 2637 2384 2675 XI.
2414 2638 2481 2676 da-

1360 2701 1534 2728 mnatum
1565 2701 1643 2729 est.
1673 2691 1768 2742 Sup.
1799 2704 1909 2727 num.
1939 2689 2005 2739 47.

1420 2744 1506 2796 149.
1537 2744 1585 2781 Et
1615 2754 1743 2782 contra
1774 2743 2042 2781 Probabilistas
2072 2741 2252 2780 hacteuus
2283 2744 2346 2797 (a)
2367 2771 2376 2782 .
2420 2745 2480 2783 De

1359 2795 1430 2834 lioc
1464 2811 1536 2835 uno
1567 2797 1888 2836 Probabilioristae
1932 2797 2111 2834 monendi
2141 2806 2253 2846 sunt,
2302 2812 2350 2836 ne
2394 2801 2409 2849 (
2441 2807 2481 2838 ut

1358 2851 1564 2889 nonnullos
1596 2853 1719 2889 facere
1749 2866 1821 2889 non
1851 2852 1931 2889 sine
1975 2864 2112 2902 magno
2150 2852 2270 2888 animi
2315 2865 2479 2890 moerore

1362 2905 1537 2943 videmus
1568 2906 1582 2954 )
1613 2907 1789 2943 tutiorem
1810 2934 1821 2951 ‚
1866 2904 1897 2940 8(
1928 2903 2230 2956 probabiliorem
2261 2907 2478 2944 seutentiam

1358 2960 1589 3012 sequendam
1621 2973 1696 2997 esse
1726 2958 1853 2999 verbis
1883 2967 2027 2998 tantum
2058 2958 2335 3011 profiteantur,
2366 2960 2478 2996 factis

2354 3025 2422 3049 au-

1356 3121 1418 3153 lII.
1444 3120 1489 3152 de
1514 3121 1649 3153 novello
1675 3120 1932 3163 probabilitatis
1959 3127 2167 3159 commento,
2195 3119 2332 3151 Pet-rum
2361 3115 2474 3148 Balle-

1357 3166 1487 3199 rinium
1515 3175 1588 3199 tum
1617 3167 1651 3199 in
1676 3167 1863 3200 llloralium
1889 3170 2058 3199 actionum
2073 3168 2214 3209 regula,
2242 3171 2315 3195 tuni
2332 3163 2364 3194 in
2382 3162 2472 3194 Pne-

1357 3216 1438 3247 lect.
1466 3214 1489 3245 l.
1518 3216 1549 3245 Sc
1577 3214 1617 3246 11.
1646 3214 1795 3257 praefixis
1824 3213 1939 3258 primo
1967 3214 2084 3245 'romo
2110 3213 2198 3254 Opp.
2227 3210 2258 3240 S.
2281 3209 2469 3250 Antonini,

1359 3263 1389 3291 &
1415 3260 1449 3291 P.
1477 3260 1669 3292 Gaesarium
1696 3261 1848 3292 Mariam
1874 3260 2026 3303 Sguanin
2052 3255 2136 3291 Ord.
2163 3258 2259 3288 Serv.
2288 3256 2324 3287 B.
2354 3256 2403 3288 Μ.
2423 3256 2469 3288 V.

1356 3306 1389 3338 in
1417 3307 1601 3339 Anatomia
1628 3306 1896 3345 probabilium,
1939 3304 2039 3347 cujus
2077 3303 2180 3335 tertia
2217 3301 2322 3335 editio
2358 3312 2471 3346 nuper

1356 3353 1479 3385 Romae
1507 3351 1639 3396 prodiit
1667 3365 1722 3384 an.
1755 3353 1855 3396 1755.
1881 3360 2091 3394 qzianiquam
2118 3350 2176 3392 qui
2205 3350 2400 3384 Concinam
2418 3348 2468 3381 le-

1355 3400 1471 3443 gerit,
1497 3399 1555 3432 vix
1582 3397 1716 3442 aliquid
1740 3394 2006 3432 desiderandum
2030 3394 2172 3430 habebit
2188 3417 2196 3427 .
