2570 3745
247 192 299 232 52
757 183 837 228 DE
873 183 1106 229 GRATIA
1140 185 1187 228 P.
1204 185 1239 228 Ι.
1271 182 1617 229 DlsSERT.11.
1649 182 1777 229 CAP.
1802 186 1901 230 vll.

184 277 377 320 acceptam
407 263 606 304 amittant.
636 263 680 302 In
709 263 848 303 adultis
877 277 992 313 vero,
1023 267 1235 316 praesertim
1255 266 1286 304 si

184 322 250 360 diu
283 322 433 367 vivant,
463 318 672 370 requiritur
701 318 856 355 interior
883 320 1003 369 gratia
1024 318 1178 366 efficax,
1209 333 1284 371 qua

184 373 450 412 tentationibus
479 370 739 422 ingruentibus
768 373 962 419 resistant,
1005 382 1196 424 praecepta
1223 386 1285 410 oc·

183 427 375 465 currentia
394 424 624 476 adimpleant
641 456 651 472 ‚
682 425 714 460 δι
744 437 856 461 omne
878 434 1073 476 peccatum
1093 439 1207 477 grave
1223 426 1287 463 ‹le-

184 479 353 526 clinem,
383 478 442 517 vel
472 480 502 516 si
533 478 665 515 cadere
697 479 985 528 permittantur,
1018 488 1054 515 ut
1084 487 1169 516 ante
1190 491 1289 515 mor-

183 541 261 570 tem
290 541 484 584 resurgant
503 558 514 568 .
542 531 590 569 Et
619 545 854 583 quamquam
884 531 1033 582 singula
1062 530 1144 569 haec
1174 531 1290 568 bene-

184 585 274 624 ficia
303 597 378 623 non
410 586 584 623 videntur
613 600 634 621 a
663 584 935 622 communibus
975 584 1105 635 gratiae
1137 584 1290 622 auxiliis

185 639 338 678 differre
358 669 367 686 ,
418 648 528 690 prout
557 647 681 674 tamen
711 637 917 688 procedunt
947 653 968 675 a
999 636 1188 675 voluntate
1218 636 1290 674 Dei

185 691 364 740 volentis,
396 702 435 728 ut
464 690 575 728 electi
598 692 635 727 in
655 690 799 740 justitia
818 690 1025 736 decedant,
1056 690 1292 728 beneficium

183 745 348 798 speciale
367 776 375 791 ,
407 746 525 781 imino
546 742 864 795 specialissimum
886 745 1145 791 constituunt,
1176 743 1208 778 &
1228 742 1294 777 do-

184 812 275 836 num
306 811 490 835 coronans
517 798 643 834 onmia
673 795 750 834 alia
778 796 904 842 dmia3
935 804 1061 848 utpote
1090 810 1112 833 a
1132 808 1208 848 quo
1227 806 1296 832 no-

184 862 258 889 stra
287 851 387 890 salus
417 861 557 889 aeterna
588 850 721 903 pendet
739 875 749 888 0

581 956 905 995 PROPOSITIO.

188 1064 491 1103 Persea-emmim
522 1067 560 1100 z'n
583 1062 683 1100 hono
712 1075 833 1113 usque
861 1066 902 1100 in
919 1060 1059 1114 finem
1092 1071 1151 1101 est
1184 1066 1225 1100 in
1257 1075 1299 1101 o-

240 1118 391 1154 mnibus
407 1118 538 1154 electis
555 1116 885 1164 spectalz'esz‘mum
902 1115 978 1153 Det
995 1115 1187 1163 domama
1203 1129 1298 1168 gra-

237 1175 296 1207 tia
327 1169 515 1207 habituali
544 1173 707 1207 omnino
737 1169 990 1217 distinctum,
1020 1171 1068 1210 (θ’
1098 1182 1126 1206 a
1156 1169 1299 1207 ‹lictnae

240 1223 452 1261 voluntatis
481 1222 755 1271 beneplacito,
799 1237 879 1260 non
909 1232 1047 1261 autem
1086 1236 1114 1261 a
1143 1223 1224 1261 solo
1253 1223 1297 1260 [ι’-

238 1276 328 1316 bero
359 1277 527 1314 hominis
555 1275 718 1314 arbitrio
746 1275 924 1328 pendens
946 1303 957 1315 .

242 1361 422 1435 ¹7¹·Et
458 1386 628 1437 primum
658 1386 816 1438 quidem
855 1386 1177 1437 perseverantiam
1220 1398 1298 1423 esse

184 1437 326 1477 donum
354 1439 450 1485 Dei,
482 1439 635 1475 infinitis
666 1439 942 1489 propemodum
963 1439 1106 1475 divinae
1124 1438 1297 1486 Scriptu-

182 1504 236 1528 1·ae
254 1521 263 1538 ,
294 1500 586 1542 sanctorumque
607 1490 760 1528 Parrum
790 1492 1011 1528 testimoniis
1031 1490 1186 1527 ostendit
1206 1490 1301 1526 San-

182 1553 261 1580 ctus
295 1545 521 1593 Augustinus
552 1544 589 1579 in
622 1542 722 1579 libro
758 1543 815 1581 de·
834 1543 937 1579 dono
965 1545 1301 1591 ρενεεςέναηίίαὲς

180 1597 419 1648 potissimum
449 1597 496 1632 iis
526 1595 650 1638 verbis
680 1597 781 1646 apud
812 1596 1020 1634 Jeremiam
1034 1595 1302 1648 cap.XXX11.

182 1649 248 1694 40.
282 1647 481 1686 Timorem
513 1662 648 1686 meum
679 1648 779 1686 dabo
822 1653 864 1686 in
900 1649 1018 1687 corde
1055 1662 1218 1697 eorum,
1263 1658 1303 1685 ut

181 1715 262 1738 non
291 1702 482 1739 recedant
502 1715 530 1738 a
550 1715 642 1740 me.
673 1731 700 1750 „
721 1703 833 1749 Quod
863 1703 958 1754 quid
987 1711 1038 1739 est
1057 1702 1186 1749 aliud,
1216 1701 1303 1739 sub-

183 1785 210 1805 „
240 1757 293 1791 dit
323 1755 363 1792 S.
394 1754 502 1791 Pater
530 1769 616 1807 cap.
648 1768 685 1792 2.
715 1769 832 1807 quam
875 1755 959 1792 talis
995 1769 1039 1792 ac
1076 1763 1196 1792 tantus
1235 1756 1306 1792 erit

185 1838 211 1857 „
241 1810 354 1845 timor
385 1823 492 1845 meus
509 1838 520 1856 ,
549 1822 665 1860 quem
694 1808 794 1846 dabo
815 1810 853 1845 in
875 1821 939 1847 cor
961 1821 1090 1846 eorum
1107 1838 1118 1857 ,
1151 1817 1188 1846 ut
1209 1807 1305 1846 mihi

185 1891 211 1910 „
241 1870 526 1914 perseveranter
554 1861 798 1900 adhaereant?
829 1862 850 1877 '’

244 1928 331 1966 ¹72·
361 1916 473 1962 Quod
505 1928 593 1952 vero
623 1915 692 1952 hoc
720 1916 861 1954 donum
901 1917 948 1954 sit
989 1931 1012 1954 a
1046 1917 1167 1967 gratia
1197 1915 1307 1953 habi-

184 1968 278 2006 tuali
308 1969 528 2006 distinctum
547 1998 557 2015 ,
588 1968 647 2007 vel
679 1982 721 2005 eo
751 1970 830 2007 solo
860 1969 1008 2021 liquet,
1037 1970 1167 2022 quod,
1199 1978 1237 2006 ut
1267 1968 1307 2007 S.

186 2021 356 2060 Thomas
377 2022 577 2067 observat,
607 2023 740 2059 multis
756 2022 874 2059 datur
888 2027 1025 2074 gratia
1041 2053 1052 2070 ,
1073 2022 1207 2074 quibus
1227 2035 1307 2059 non

184 2073 304 2111 datur
333 2087 587 2126 perseverare
616 2079 657 2113 in
685 2080 850 2128 gratia.
880 2077 921 2114 Si
953 2089 1040 2113 vero
1069 2089 1145 2113 non
1176 2089 1221 2112 ex
1245 2089 1308 2127 pe-

183 2127 322 2165 culiari
354 2128 425 2165 Dei
456 2128 672 2176 beneficio,
715 2129 778 2166 sed
815 2128 864 2166 ab
907 2128 1106 2167 hominum
1149 2129 1308 2167 arbitrio

183 2180 256 2218 hoc
285 2182 490 2219 discrimen
519 2183 684 2230 oriatur,
722 2182 778 2230 ii,
820 2183 888 2233 qui
926 2184 965 2219 in
1005 2191 1160 2235 accepta
1188 2183 1309 2234 gratia

184 2245 453 2286 perseverant,
484 2249 521 2272 se
551 2235 802 2273 discernerent
824 2235 873 2272 ab
893 2235 979 2273 aliis
1000 2266 1011 2284 ,
1041 2237 1109 2287 qui
1132 2249 1204 2274 non
1226 2249 1309 2287 per—

186 2297 382 2336 severant,
429 2302 507 2338 prae
537 2288 624 2326 aliis
653 2288 780 2326 inflari
813 2298 982 2341 possent,
1013 2288 1046 2324 ἃ
1081 2291 1119 2327 in
1151 2304 1188 2327 se
1220 2290 1310 2340 ipsis

187 2339 371 2390 gloriari.
419 2341 531 2385 Quod
568 2341 617 2378 ab
650 2341 822 2393 Apostolo
850 2341 969 2380 Paulo
1005 2343 1226 2381 damnatum
1257 2351 1309 2379 est

186 2394 218 2430 I.
249 2392 505 2430 Corinthdv.
526 2407 561 2443 7.
596 2394 691 2442 Quis
720 2404 757 2431 te
786 2395 1007 2434 discernit?
1041 2395 1143 2445 Quid
1163 2395 1308 2444 habes,

189 2445 290 2496 quod
326 2459 406 2482 non
443 2446 669 2497 accepisti?
713 2447 755 2484 St
785 2458 923 2486 autem
960 2453 1176 2502 accepisti,
1218 2449 1310 2501 qual

187 2500 397 2551 gloriaris,
428 2503 543 2550 quasi
572 2512 652 2537 non
683 2501 920 2550 acceperis?

246 2554 334 2602 175.
357 2553 527 2601 Accedit,
557 2555 669 2591 etiam
700 2554 807 2604 justis
835 2555 1120 2606 implorandum
1152 2572 1227 2595 esse
1255 2557 1313 2595 di-

186 2607 323 2645 vinum
354 2605 544 2644 auxilium
566 2608 612 2644 ad
635 2608 949 2658 perseverandum
969 2636 978 2647 .
1008 2610 1106 2647 Nam
1124 2611 1312 2649 definien-

187 2667 224 2696 te
252 2659 426 2697 Concilio
455 2659 690 2698 Arausicano
718 2669 804 2699 can'.
827 2675 887 2699 10.
918 2691 943 2709 ,‚
962 2662 1207 2712 Adjutorium
1239 2664 1311 2701 Dei

189 2742 215 2761 :a
245 2714 359 2750 etiam
389 2716 553 2761 renatis,
598 2712 632 2749 &
661 2713 810 2752 Sanctis
838 2725 890 2753 est
920 2729 1069 2767 semper
1100 2716 1310 2767 imploran-

191 2795 218 2814 „
247 2765 339 2802 dum
372 2775 410 2802 ut
440 2767 485 2803 ad
515 2767 633 2804 finem
662 2766 808 2804 bonum
840 2771 1062 2819 pervenire,
1092 2769 1150 2806 vel
1183 2771 1221 2806 in
1245 2769 1311 2807 bo-

190 2847 217 2866 „
248 2830 296 2854 no
326 2820 465 2869 possint
494 2832 606 2870 opere
637 2821 845 2871 perdurare
866 2823 913 2867 ”3
956 2824 1061 2874 atqui
1091 2833 1190 2859 certe
1221 2822 1310 2872 justi

187 2883 296 2908 orare
326 2884 399 2907 nou
431 2872 588 2919 debent,
621 2883 659 2909 ut
687 2875 846 2925 gratiam
877 2877 1177 2916 sanctificantem
1209 2878 1310 2914 acci-

188 2925 323 2977 piant,
361 2938 478 2975 quam
508 2939 586 2974 jam
618 2925 779 2965 habent:
816 2939 869 2966 est
899 2942 985 2980 ergo
1015 2931 1306 2981 perseverantiae

187 2979 329 3015 donum
367 2976 516 3028 aliquid
559 2992 580 3014 a
623 2981 878 3019 sanctificante
921 2986 1040 3033 gratia
1083 2985 1308 3021 diversum.

188 3030 302 3077 Quod
322 3031 436 3067 etiam
455 3030 678 3069 Tridentina
697 3036 869 3085 Synodus
890 3036 1099 3074 declaravit
1120 3038 1216 3074 Sess.
1238 3037 1307 3075 Vl.

189 3098 276 3136 cap.
295 3096 358 3121 22.
391 3086 440 3121 ita
469 3083 674 3120 definiens:
708 3116 732 3131 „
753 3087 790 3124 Si
823 3091 908 3140 quis
928 3090 1093 3139 dixerit,
1124 3090 1307 3141 jnsnfica-

191 3165 218 3185 „
247 3146 328 3174 tum
359 3138 439 3174 sine
469 3136 625 3188 speciali
644 3139 785 3176 auxilio
802 3141 870 3178 Dei
902 3145 941 3180 in
974 3154 1127 3195 accepta
1164 3146 1311 3195 justitia.

191 3219 218 3239 „
251 3204 488 3239 perseverare
519 3203 681 3241 posse...
711 3193 905 3232 anathema
936 3198 1008 3235 sit.
1038 3197 1312 3235 Etz'neaclem

190 3272 216 3292 „
248 3243 351 3280 Sess.
370 3257 459 3291 cap.
484 3245 543 3283 15.
573 3242 760 3291 dixerat,
807 3253 1125 3296 perseverantiam
1156 3251 1312 3289 aliunde

190 3325 217 3345 „
250 3296 380 3333 haberi
411 3311 484 3335 non
515 3310 642 3348 posse,
673 3312 788 3349 quam
819 3299 866 3336 ab
897 3315 966 3350 eo,
995 3307 1062 3355 qui
1096 3314 1226 3356 potens
1258 3314 1311 3342 est

191 3379 217 3398 „
248 3364 357 3396 eum,
388 3351 455 3401 qui
486 3361 580 3397 stat,
609 3359 795 3399 statuere,
837 3362 873 3388 ut
905 3359 1186 3404 perseveranter
1215 3368 1309 3407 stet,

190 3431 218 3450 „
248 3403 282 3440 ἀ
311 3416 400 3442 eum
418 3433 428 3452 ,
459 3406 528 3455 qui
556 3403 678 3453 cadit,
709 3407 904 3444 restituere
921 3407 941 3421 '²
961 3433 970 3444 .

1414 263 1500 315 ¹74·
1530 262 1650 313 Cujus
1688 268 1742 304 rei
1773 268 1958 306 rationem
1995 267 2109 306 etiam
2145 268 2394 320 theologicam
2425 269 2467 309 S.

1355 317 1522 356 Thomas
1551 315 1687 366 affert,
1717 328 1798 358 tum
1819 334 1863 358 ex
1879 320 2043 360 naturali
2067 323 2317 361 inconstantia
2336 325 2369 360 8<
2392 337 2477 361 mu-

1356 369 1542 408 tabilitate
1573 368 1733 409 hominis
1761 373 1806 410 de
1836 374 1935 412 bono
1964 375 2003 411 in
2033 373 2178 413 malum
2196 406 2206 424 ,
2245 391 2362 428 quam
2391 390 2477 428 gra-

1357 425 1407 460 tia
1438 421 1645 460 habitualis
1672 437 1746 462 non
1774 426 1898 475 tollit,
1943 436 2024 465 tum
2059 440 2103 465 ex
2132 432 2376 479 corruptione
2406 444 2475 468 na-

1357 484 1453 513 turae
1471 505 1480 523 ,
1511 488 1599 526 quae
1629 489 1840 529 numquam
1871 481 1921 518 ita
1950 489 2104 519 sanatur
2133 495 2201 532 per
2220 485 2405 532 gratiam,
2439 490 2478 520 ut

1358 541 1433 566 non
1465 538 1655 566 remaneat
1683 544 1832 582 semper
1861 532 1991 587 aliqua
2018 536 2233 586 ignorantia
2262 537 2303 573 in
2334 534 2480 573 intelle-

1358 590 1420 620 ctu
1437 612 1447 630 ‚
1477 582 1511 618 8c
1529 580 1688 619 rebellio
1707 587 1832 622 carnis
1852 586 2028 629 adversus
2048 589 2221 638 spiritum
2247 590 2262 639 (
2284 587 2374 625 Vid.
2395 601 2481 640 sup.

1360 649 1398 673 n.
1421 635 1508 674 138.
1538 634 1572 670 8<
1602 634 1696 673 alias
1725 634 1766 672 S.
1796 635 1957 677 Thomae
1987 642 2145 680 rationes
2175 641 2356 681 Lib.111.
2391 654 2484 679 con-

1365 697 1430 726 tra
1463 689 1583 726 Gent.
1613 703 1699 740 cap.
1726 689 1813 726 155.
1836 689 1850 736 )
1870 715 1881 726 .

1425 744 1513 794 175.
1543 741 1656 788 Quod
1685 742 1841 779 demum
1872 741 1943 781 hoc
1972 750 2259 796 perseverantiae
2289 750 2432 788 donum
2460 761 2485 787 a

1366 796 1448 833 Deo
1477 797 1641 847 gratuita
1670 797 1931 834 misericordia
1961 803 2238 851 expectandum
2259 805 2329 851 sit,
2359 804 2486 854 primo

1366 849 1479 887 tradit
1510 849 1709 901 Apostolus
1738 848 1909 902 Philipp.
1928 851 2013 890 1.6.
2043 852 2237 904 inquiens:
2271 855 2486 908 Confidens

1368 901 1438 939 ,7200
1469 906 1624 952 ipsum,
1654 906 1748 954 quia
1777 907 1841 954 qui
1870 908 1985 955 caepit
2016 909 2056 941 in
2076 905 2187 943 ‘vobis
2208 919 2303 956 opus
2323 909 2488 957 bonum,

1367 956 1544 1008 perficiet
1575 970 1695 1007 usque
1725 961 1765 994 ιή
1795 956 1899 994 diem
1934 957 2075 996 Christi
2104 958 2222 998 Jesu.
2252 961 2299 998 Et
2314 960 2486 998 Christus

1367 1011 1450 1061 ipse
1479 1012 1518 1048 in
1550 1009 1756 1062 Evangelio
1784 1010 1901 1049 Lucae
1945 1026 2030 1064 cap.
2060 1012 2189 1050 XXII.
2226 1013 2289 1051 52.
2337 1013 2490 1051 dicebat

1367 1062 1499 1110 Petro:
1543 1062 1634 1114 Ego
1661 1077 1732 1114 pro
1760 1072 1798 1101 ce
1826 1069 1988 1116 rogari,
2017 1074 2058 1102 ut
2087 1079 2168 1103 non
2197 1066 2359 1119 deficiat
2376 1065 2488 1119 fides

1367 1125 1437 1154 tua
1456 1142 1465 1153 .
1497 1117 1543 1155 Et
1573 1126 1746 1155 sexcenta
1775 1117 1852 1156 alia
1873 1117 1985 1170 hujus
2000 1121 2146 1171 generis
2167 1119 2295 1157 afferri
2311 1128 2463 1172 possunt
2479 1144 2490 1157 .

1427 1169 1513 1221 176.
1544 1171 1586 1209 Id
1615 1180 1801 1223 praeterea
1830 1184 1905 1209 non
1936 1173 2063 1210 minus
2092 1171 2328 1221 luculenter,
2372 1187 2493 1224 quam

1366 1238 1469 1276 saepe
1499 1224 1652 1262 tradidit
1680 1225 1808 1263 Sanct.
1840 1227 2100 1277 Augustinus;
2136 1235 2174 1264 ut
2202 1241 2292 1264 cum
2321 1226 2411 1264 Lib.
2443 1224 2491 1263 de

1365 1286 1533 1329 corrept.
1563 1278 1612 1318 ὠ
1639 1287 1748 1329 grat.
1777 1292 1864 1330 cap.
1899 1292 1959 1317 12.
1998 1279 2157 1322 afferens
2195 1279 2401 1318 discrimen
2432 1279 2493 1317 in-

1365 1340 1421 1368 ter
1441 1332 1600 1382 gratiam
1623 1331 1770 1369 Adamo
1790 1333 1982 1369 innocenti
2003 1332 2200 1370 collatam:
2231 1333 2264 1369 8<
2286 1347 2369 1370 eam
2391 1331 2494 1371 mul-

1366 1392 1403 1421 to
1448 1384 1668 1432 fortiorem,
1721 1398 1839 1435 quam
1882 1385 2053 1421 Christus
2096 1385 2205 1422 uobis
2246 1388 2489 1436 promeruit:

1367 1465 1393 1484 ,‚
1422 1436 1535 1473 Nunc
1565 1450 1681 1484 vere,
1711 1440 1863 1486 inquit,
1893 1436 2039 1474 Sanctis
2070 1438 2107 1474 in
2136 1450 2296 1487 regnum
2317 1437 2390 1474 Dei
2421 1451 2489 1488 per

1372 1518 1396 1537 „
1428 1490 1587 1540 gratiam
1618 1489 1692 1526 Dei
1723 1489 2000 1541 praedestinatis
2038 1503 2113 1528 non
2155 1489 2229 1528 tale
2259 1489 2494 1541 adjutorium

1371 1571 1397 1590 „
1429 1544 1715 1593 perseverantiae
1746 1542 1878 1591 datur,
1908 1544 1972 1580 sed
1994 1543 2087 1592 tale,
2118 1553 2157 1580 ut
2178 1544 2229 1581 eis
2250 1557 2495 1596 perseverans

1373 1625 1399 1644 „
1429 1598 1481 1633 tia
1509 1597 1591 1646 ipsa
1620 1596 1804 1640 donetur3
1834 1610 1909 1633 non
1938 1596 2062 1634 solum
2084 1626 2095 1643 ‚
2125 1605 2165 1635 ut
2193 1598 2273 1635 sine
2301 1598 2370 1635 isto
2398 1597 2496 1636 douo

1373 1678 1398 1697 ,‚
1430 1657 1711 1700 perseverantes
1729 1662 1818 1694 ,esse
1848 1662 1920 1685 uon
1960 1651 2128 1699 possin-t,
2173 1664 2307 1687 verum
2348 1651 2462 1688 etiam
2484 1680 2496 1699 ‚

1373 1731 1400 1750 ‚,
1430 1711 1470 1739 ut
1500 1715 1568 1752 per
1597 1701 1667 1740 hoc
1696 1702 2018 1753 donum'nonnisi
2048 1711 2328 1754 perseverantes
2355 1705 2498 1741 siut“.

1374 1755 1422 1792 Et
1453 1753 1566 1807 paulo
1595 1764 1695 1807 post:
1727 1755 1813 1804 Ipse
1843 1768 1936 1808 ergo
1965 1768 2032 1793 eos
2048 1754 2162 1807 facit
2183 1769 2435 1807 perseverare
2455 1760 2498 1794 in

1375 1807 1495 1856 bono,
1524 1812 1588 1859 qui
1605 1808 1717 1858 ‚facit
1747 1808 1864 1846 bonos
1882 1835 1892 1846 .
1922 1808 1970 1845 Et
1987 1809 2183 1860 explicans
2203 1824 2247 1847 ea
2266 1809 2384 1848 verba
2400 1807 2500 1846 Pau-⁴

1375 1860 1403 1899 li
1435 1861 1543 1900 Rom.
1563 1861 1670 1899 XlV.
1693 1862 1730 1907 4.
1779 1861 1907 1899 Stabit
1937 1871 2070 1899 autem
2089 1877 2104 1906 ,·
2133 1872 2270 1914 potens
2299 1870 2357 1899 est
2388 1865 2496 1899 enim

1375 1914 1486 1953 Deus
1515 1924 1689 1953 statuere
1719 1916 1855 1963 illum,
1900 1916 2051 1967 inquit.
2097 1946 2121 1964 „
2151 1916 2234 1969 Ipse
2272 1916 2401 1967 itaque
2435 1915 2498 1953 dat

1378 1999 1404 2018 „
1435 1970 1777 2021 perseverantiam,
1809 1970 1876 2021 qui
1897 1978 2059 2006 statuere
2080 1978 2209 2020 potens
2229 1978 2280 2007 est
2310 1983 2369 2006 eos
2387 1998 2397 2017 ,
2427 1969 2496 2020 qui

1379 2052 1405 2070 „
1434 2032 1553 2071 stant,
1584 2032 1623 2060 ut
1651 2023 2022 2074 perseverantissime
2051 2032 2145 2061 stent
2161 2024 2182 2039 ’'
2202 2049 2212 2061 .
2257 2022 2312 2060 Ac
2342 2022 2500 2060 d'emum

1376 2077 1571 2114 ostendens
1590 2089 1665 2113 non
1688 2085 1885 2128 propterea
1901 2075 2053 2114 excludi
2076 2076 2244 2115 liberum
2267 2075 2469 2114 arbitrium
2485 2105 2497 2124 ‚

1376 2143 1453 2182 quo
1482 2130 1592 2168 electi
1623 2143 1863 2182 perseverare
1892 2128 2038 2178 velint,
2069 2129 2120 2166 ita
2147 2130 2302 2168 subdit:
2332 2158 2359 2177 „
2381 2129 2425 2166 ln
2446 2130 2500 2167 eis

1378 2212 1405 2231 „
1435 2183 1791 2235 (praedestinatis)
1823 2184 1936 2220 etiam
1952 2191 2127 2235 operatur
2149 2182 2182 2218 8<
2201 2181 2320 2222 velle:
2350 2191 2500 2234 utquo-

1378 2265 1406 2284 „
1436 2239 1538 2275 niam
1569 2250 1643 2275 non
1675 2236 1995 2288 perseverabunt,
2024 2238 2098 2274 nisi
2120 2236 2151 2272 &
2174 2238 2342 2289 possint,
2373 2234 2406 2270 8(
2436 2249 2501 2274 ve-

1380 2318 1406 2337 „
1436 2289 1534 2338 lint,
1566 2291 1827 2342 perseverandi
1846 2289 1948 2327 eis&
1979 2289 2234 2342 possibilitas,
2265 2289 2298 2325 8<
2328 2287 2500 2328 voluntas

1380 2372 1406 2391 „
1436 2344 1580 2382 divinae
1602 2345 1733 2396 gratiae
1750 2344 1921 2394 largitate
1938 2344 2134 2381 donetur-’2
2166 2344 2212 2382 Et
2229 2356 2343 2394 supra
2359 2371 2370 2390 ,
2390 2356 2500 2379 nem-

1379 2410 1427 2447 pe
1455 2404 1545 2449 cap:
1564 2398 1602 2435 S.
1621 2428 1631 2445 ,
1662 2411 1792 2435 eorum
1822 2397 2016 2434 sententiae
2034 2426 2045 2444 ,
2074 2398 2142 2447 qui
2172 2397 2219 2434 ad
2247 2395 2371 2433 solum
2400 2394 2499 2433 libe-

1380 2463 1467 2489 rum
1498 2451 1701 2489 arbitrium
1734 2451 1921 2502 pertinere
1952 2448 2162 2501 putabant,
2204 2458 2246 2486 uc
2282 2456 2503 2499 perseveret

1381 2508 1422 2542 ὶη
1452 2503 1550 2542 bozzo
1579 2509 1766 2555 quisque,
1809 2503 1867 2541 rel
1896 2515 1975 2539 non
2004 2512 2249 2552 perseveret,
2291 2501 2426 2552 objicit
2456 2516 2501 2540 ea

1381 2557 1498 2596 verba
1527 2557 1666 2595 Christi
1698 2558 1858 2595 Domini
1888 2556 1983 2594 Luc.
2003 2554 2131 2594 XXlI.
2154 2555 2218 2592 52.
2249 2553 2401 2605 Rogavi
2430 2567 2500 2605 pro

1381 2621 1419 2649 te
1441 2611 1593 2661 (Petre)
1624 2625 1674 2649 ne
1694 2609 1857 2663 deficiat
1875 2608 1985 2661 fides
2014 2617 2084 2645 tua
2101 2633 2111 2645 .
2142 2607 2190 2645 Et
2210 2606 2360 2645 subdit:
2392 2636 2417 2654 ‚,
2441 2608 2499 2646 An

1382 2695 1410 2714 „
1439 2665 1597 2702 audebis
1627 2665 1779 2711 dicere,
1824 2664 1937 2700 etiam
1968 2669 2119 2712 rogante
2148 2660 2323 2708 Christo,
2358 2674 2406 2697 ne
2435 2660 2500 2698 de-

1381 2748 1407 2766 „
1439 2718 1568 2756 ficeret
1597 2719 1692 2756 fides
1721 2717 1848 2763 Petri,
1877 2714 2112 2752 defecturam
2143 2715 2279 2762 fuisse,
2310 2715 2341 2751 si
2371 2713 2501 2752 Petrus

1382 2801 1407 2820 ,‚
1438 2786 1520 2809 eam
1552 2772 1714 2809 deficere
1743 2769 1942 2813 voluisset,
1989 2766 2057 2805 hoc
2088 2777 2167 2816 est,
2206 2769 2235 2805 si
2266 2781 2350 2805 eam
2380 2780 2500 2818 usque

1381 2855 1407 2874 „
1439 2827 1477 2862 in
1511 2824 1628 2863 finem
1659 2835 1895 2877 perseverare
1926 2819 2135 2867 noluisset3
2165 2822 2274 2873 quasi
2304 2820 2410 2858 aliud
2431 2820 2500 2859 Pe-

1382 2908 1408 2927 „
1439 2888 1514 2916 trus
1546 2878 1625 2916 ullo
1655 2877 1764 2914 modo
1793 2873 1932 2922 vellet,
1975 2889 2093 2926 quam
2124 2888 2194 2926 pro
2234 2874 2309 2912 illo
2329 2873 2502 2913 Christus

1380 2962 1407 2980 „
1440 2941 1625 2983 rogasset,
1657 2940 1695 2967 ut
1721 2927 1834 2966 vellet
1855 2927 1908 2966 ”?
1938 2927 1984 2965 Et
2015 2928 2144 2967 nullus
2174 2928 2290 2980 plane
2319 2937 2412 2966 esset
2443 2928 2500 2966 di-

1378 2985 1489 3022 cendi
1521 2985 1634 3030 finis,
1678 2985 1707 3020 si
1737 2983 1896 3030 omnia,
1939 2995 2028 3033 quae
2061 2984 2099 3020 in
2131 2981 2228 3020 hauc
2258 2996 2339 3019 rem
2370 2981 2501 3019 Sanct-

1379 3037 1518 3075 Doctor
1545 3037 1766 3087 conscripsit
1783 3066 1793 3084 ,
1826 3035 1899 3072 huc
1929 3036 2178 3074 transcribere
2209 3035 2349 3073 vellem
2367 3060 2378 3071 .

1438 3103 1525 3141 ¹77·
1556 3090 1711 3126 Frustra
1742 3099 1867 3126 autem
1901 3099 2007 3137 sunt,
2052 3091 2120 3141 qui
2150 3089 2266 3135 haec,
2309 3087 2342 3122 &
2386 3085 2501 3137 hujus
2530 3109 2536 3111 ⁴

1378 3144 1524 3195 generis
1553 3141 1631 3180 alia
1661 3142 1829 3194 plurima
1859 3145 2072 3181 testimonia
2104 3143 2298 3194 explicare
2330 3154 2368 3177 se
2398 3153 2503 3192 posse

1381 3205 1512 3248 putant
1541 3196 1587 3233 de
1616 3197 1738 3248 gratia
1768 3197 1898 3248 aliqua
1929 3196 2125 3244 versatili,
2169 3203 2233 3231 aut
2269 3195 2381 3231 etiam
2412 3207 2502 3232 con-

1379 3263 1471 3301 grua
1491 3279 1501 3295 ,
1545 3251 1608 3287 cni
1639 3248 1813 3287 voluntas
1842 3262 1910 3299 pro
1940 3249 2119 3288 libertate
2158 3260 2233 3285 sua
2270 3248 2504 3285 consentiens

1380 3312 1620 3353 perseverat.
1651 3303 1749 3340 Nam
1783 3305 1906 3354 primo
1928 3305 1996 3342 ista
2017 3303 2161 3354 gratia,
2192 3314 2279 3337 cum
2312 3310 2385 3337 tota
2415 3300 2504 3338 sub-

1380 3357 1489 3393 datur
1520 3356 1704 3394 voluntati
1734 3356 1914 3395 humanae
1933 3388 1944 3405 ,
1991 3357 2022 3392 ἃ
2053 3355 2102 3392 ab
2133 3356 2214 3405 ipsa
2245 3354 2419 3392 reddatur
2449 3355 2503 3391 ef-

1379 3409 1478 3447 ficax
1496 3440 1507 3458 ,
1538 3410 1615 3448 dici
1636 3423 1711 3449 non
1734 3420 1878 3463 potest,
1910 3412 2066 3462 operari
2095 3411 2134 3446 ὶη
2166 3406 2276 3446 nobis
2305 3415 2353 3449 Θ
2374 3412 2503 3457 ipsum

1975 3468 1979 3473 ’
2375 3461 2447 3500 rel-
