2562 3694
225 140 280 179 66
876 133 957 176 DE
992 134 1129 177 ACT.
1162 134 1319 178 HUM.
1364 133 1507 175 DISS.
1530 134 1605 176 ΠΙ.
1640 136 1768 179 CAP.
1791 138 1868 180 III.

163 214 329 257 obscura
349 241 358 259 ‚
389 222 456 247 reo
464 209 693 261 favendum
723 221 780 250 est
799 216 925 263 potius
942 244 952 262 ,
981 227 1103 263 quam
1133 217 1282 261 actori,

162 265 253 316 Ileg.
275 265 345 302 XI.
374 263 424 302 In
445 268 569 314 poenis
599 265 803 318 benignior
831 276 888 305 est
918 266 1281 319 interpret‹itioja-

161 318 305 355 cienda
326 349 336 365 ,
387 317 478 369 Reg.
498 318 646 357 XLIX.
693 319 743 357 In
767 319 942 359 obscuris
979 324 1190 358 minimum
1222 327 1280 357 est

158 371 400 423 sequendum
420 402 432 420 ‚
480 371 572 424 Reg.
601 373 762 423 XXX.,
794 374 827 409 8(
856 374 969 425 liujus
997 375 1142 425 generis
1169 372 1246 410 alia
1268 401 1279 420 ,

159 439 246 478 quae
277 427 315 464 in
347 425 432 477 jure
461 428 645 466 canonico
675 441 776 481 seepe
805 436 1036 466 occurrunt.

213 480 279 530 87.
310 479 451 531 Resp.,
488 480 583 518 Haec
608 483 741 519 omnia
769 490 935 532 spectare
965 486 1113 515 tantum
1144 491 1279 530 poenas

157 533 197 570 in
228 534 308 570 soro
334 543 515 582 externo,
564 536 603 572 in
632 535 774 587 quibus
804 532 1016 582 infligendis
1045 531 1174 568 mitior
1195 561 1205 579 ‚
1244 531 1278 569 &

160 586 362 638 benignior
383 589 563 625 sententia
584 601 732 639 semper
753 585 940 636 sequenda
958 592 1008 621 est
1027 615 1036 631 ‚
1066 586 1278 623 secundum

157 639 258 678 illud
302 641 538 693 principium
569 640 607 692 ᾗ.
635 641 682 676 dc
726 639 880 690 pcenis²
925 636 1008 688 lege
1040 636 1278 676 Absentem:

158 693 293 731 Satius
323 705 381 731 est
410 703 619 731 nocentem
648 691 873 740 absolvere,
922 703 1045 742 quam
1087 695 1278 730 innocen-

156 757 237 785 tem
268 746 538 785 condemnare
558 761 573 789 ,-
603 745 694 796 quia
723 756 862 796 nempe
890 759 967 783 non
999 753 1047 782 est
1079 747 1194 783 tutius
1214 751 1279 784 'se-

156 804 224 853 qui
255 810 399 853 partem
422 799 638 850 rigidiorem
658 824 668 835 .
698 796 816 835 Secus
837 806 888 835 est
918 800 956 836 in
978 799 1059 836 foro
1080 800 1279 839 conscien-

154 858 219 892 tiae
238 885 248 903 ‚
280 856 318 892 in
348 866 423 905 quo
453 852 583 888 eadem
614 849 701 902 jura
729 851 930 901 clamant,
973 855 1156 890 tutiorem
1184 866 1278 906 par-

156 918 235 945 tem
267 920 352 945 esse
371 904 649 956 sequeudam;
679 918 805 956 neque
833 906 1009 944 tutiorem
1040 915 1188 959 partem
1221 921 1275 946 se-

157 961 307 1014 quendo
334 958 455 996 alicui
485 957 631 1010 injuria
660 957 729 996 fit.
760 958 920 998 Inlianc
951 974 1030 998 rem
1061 960 1189 999 afferi-i
1212 975 1277 1013 po·

153 1024 221 1052 test
251 1014 421 1050 doctrina
439 1042 449 1060 ,
479 1026 596 1064 quam
627 1011 741 1050 habet
761 1011 802 1050 S.
819 1012 988 1052 Thomas
1013 1027 1049 1052 2.
1083 1028 1118 1052 2.
1149 1028 1189 1068 q.
1210 1014 1276 1054 60.

153 1077 220 1104 art.
242 1066 310 1114 4.,
354 1066 421 1103 ubi
452 1075 652 1118 postquam
681 1065 868 1104 docuisset
897 1068 937 1106 in
967 1081 1075 1120 corp.
1097 1097 1108 1117 ‚
1157 1069 1277 1108 dubia

152 1122 254 1158 circa
297 1121 517 1171 proximum
549 1131 626 1157 esse
669 1120 957 1172 interpretanda
1000 1122 1039 1159 in
1076 1121 1278 1160 meliorem

151 1183 297 1226 partem
317 1203 327 1221 ‚
360 1174 399 1210 iu
431 1186 529 1225 resp.
561 1173 608 1211 ad
639 1173 676 1212 5.
708 1175 943 1213 contrarium
973 1175 1108 1225 docet,
1139 1175 1217 1226 Ubi}
1237 1191 1278 1214 a-

151 1229 251 1280 gitur
280 1228 325 1265 de
357 1225 472 1265 malis
500 1226 752 1280 impediendis
772 1254 783 1265 .
834 1227 935 1266 Cum
965 1228 1179 1278 debemus,
1219 1231 1276 1269 in·

151 1283 262 1334 quit,
293 1279 485 1333 aliquibus
513 1281 661 1330 malis²
704 1284 783 1319 sive
811 1286 985 1332 nostris,
1021 1287 1101 1322 sire
1130 1284 1274 1322 alienis

153 1334 338 1373 adbibere
365 1333 587 1372 remedium
609 1365 619 1383 ,
667 1335 827 1387 expedit
855 1337 911 1375 ad
941 1336 1011 1375 hoc
1033 1367 1044 1386 ‚
1093 1346 1133 1374 ut
1163 1351 1274 1375 secu-

151 1393 234 1426 rius
277 1388 501 1426 remedium
531 1387 792 1438 adhibeatur,
843 1400 884 1427 ut
931 1400 1174 1442 supponatur
1204 1391 1271 1440 iii,

148 1441 252 1493 quod
282 1451 339 1479 est
368 1441 565 1480 deterius.
595 1442 680 1479 Non
711 1441 818 1481 aliud
847 1453 947 1481 certe
975 1445 1179 1482 discrimen
1202 1453 1274 1492 est,

147 1497 225 1535 nisi
253 1497 345 1548 quia
376 1496 416 1533 in
445 1495 609 1533 secundo
637 1509 725 1533 casu
746 1505 798 1534 est
825 1499 941 1535 tutius
959 1528 969 1547 ,
1000 1498 1119 1536 dubia
1148 1499 1187 1536 in
1209 1498 1273 1536 de-

148 1551 324 1588 teriorem
344 1559 492 1601 partem
523 1550 789 1601 interpretari,
821 1564 897 1588 non
920 1561 972 1589 est
1000 1561 1128 1590 autem
1159 1553 1276 1590 tutius

147 1604 189 1642 in
220 1604 372 1655 primo3
419 1603 522 1655 quod
551 1603 653 1640 idem
694 1603 902 1642 dicendum
945 1605 992 1644 de
1022 1619 1086 1643 reo
1125 1607 1163 1643 in
1196 1606 1277 1643 foro

147 1665 330 1704 externo,
360 1655 394 1692 8<
424 1658 464 1695 in
495 1657 575 1694 soro
602 1658 844 1695 conscientiae
863 1688 874 1706 ‚
906 1660 944 1696 in
965 1671 1130 1712 quorum
1149 1660 1276 1709 primo

145 1711 264 1748 nitius
293 1718 344 1747 est
365 1722 428 1746 reo
457 1709 607 1758 favere,
637 1724 682 1746 ne
702 1711 883 1748 innocens
905 1711 1043 1762 injuste
1065 1714 1273 1763 puniatur3

150 1764 191 1801 in
221 1764 302 1801 foro
343 1772 469 1800 autem
499 1764 738 1801 conscientiae
781 1765 897 1802 tutius
925 1773 978 1802 est
1008 1765 1136 1804 favere
1166 1764 1240 1815 legi
1261 1795 1272 1813 ‚

152 1825 196 1855 ut
224 1816 458 1868 impediatur
488 1824 686 1868 peccatum
703 1843 714 1855 .

202 1869 271 1908 88.
301 1870 377 1908 Ob.
407 1878 575 1919 quarto.
604 1871 684 1917 Qui
713 1872 886 1923 sequitur
906 1871 1127 1924 opinionem
1150 1873 1276 1911 minus

149 1931 297 1972 tutam,
327 1937 464 1975 aeque,
495 1931 559 1961 aut
589 1924 718 1960 minus
750 1924 992 1976 probabilem
1011 1954 1022 1973 ,
1071 1926 1277 1976 prudenter

147 1979 252 2028 Qit,
282 1990 356 2014 nou
386 1985 540 2028 peccat:
568 1989 657 2028 ergo
687 1976 758 2014 διε.
788 1976 888 2029 Mai.
910 1977 1022 2029 prob.
1054 1978 1130 2025 Qui
1162 1980 1274 2017 moti-

148 2033 206 2070 vis
233 2030 418 2081 gravibus
448 2029 644 2078 adhaeret,
673 2039 852 2082 operatur
883 2031 1119 2082 prudeiiter3
1149 2033 1214 2070 sed
1235 2046 1276 2071 ο-

148 2084 256 2137 pinio
285 2085 414 2122 minus
433 2092 514 2122 tuta
543 2097 679 2137 aeque,
708 2086 925 2123 autminus
954 2085 1169 2136 probabilis
1189 2099 1275 2138 gra-

149 2138 263 2176 vibus
293 2138 444 2176 motivis
474 2139 675 2184 innititur3
724 2137 821 2177 alias
851 2153 925 2176 non
956 2147 1049 2177 esset
1078 2153 1193 2189 vere,
1242 2141 1276 2177 &

148 2190 269 2229 solide
298 2191 541 2243 probabilis:
573 2205 661 2243 ergo
689 2191 762 2230 &c.
794 2193 930 2241 Addo,
959 2194 1176 2245 contingere
1205 2193 1277 2232 ali-

149 2245 302 2297 quando
331 2259 438 2297 posse
459 2276 470 2294 ,
513 2247 736 2298 opinionem
767 2247 893 2284 minus
923 2247 1166 2299 probabilem
1198 2262 1277 2285 esse

151 2312 311 2344 veram3
361 2307 399 2337 ut
428 2301 530 2338 enim
560 2298 776 2337 Aristoteles
806 2299 953 2339 alicubi
983 2300 1103 2349 dicit,
1148 2302 1277 2340 multa

144 2351 270 2404 falsa
297 2361 388 2390 sunt
416 2352 677 2403 probabiliora
713 2357 811 2392 veris
829 2380 839 2392 .
888 2354 937 2392 Et
966 2353 1005 2392 S.
1039 2355 1196 2406 August.
1228 2356 1280 2394 E-

154 2408 242 2458 pist.
261 2406 395 2445 CLIII.
425 2421 459 2446 c.
481 2406 518 2444 6.
570 2405 799 2455 (Irestibilm,
844 2409 919 2456 ait,
963 2410 1161 2446 nonnulla
1190 2423 1278 2448 esse

144 2459 296 2512 falsa,
325 2464 439 2499 sicuti
468 2459 713 2499 incredibilia
741 2462 935 2499 nonnulla
964 2471 1057 2499 sunt
1086 2475 1205 2501 vera.

203 2514 273 2566 89.
305 2513 417 2566 Resp.
447 2515 542 2566 Neg.
564 2514 687 2566 maj.;
717 2514 765 2552 ad
794 2515 905 2566 prob.
936 2516 1021 2554 dist.
1053 2520 1153 2556 inin.
1183 2518 1280 2569 Opi-

152 2568 215 2605 nio
243 2567 314 2605 ἃς.
343 2568 526 2618 gravibus
554 2569 706 2607 motivis
737 2569 938 2618 inuititur,
977 2570 1119 2621 quibus
1149 2579 1279 2610 tamen

152 2621 228 2659 alia
259 2620 421 2673 aequalis
454 2622 630 2673 ponderis
651 2653 661 2670 ‚
692 2621 753 2661 vel
783 2623 897 2660 etiam
928 2622 1086 2674 majoris
1115 2625 1279 2676 opponi-

155 2682 238 2723 tur,
269 2675 558 2725 conc.;aliter,
578 2689 701 2729 nego.
731 2676 984 2727 Quamquam
1000 2677 1172 2716 absolute
1188 2692 1279 2730 pru-

155 2728 275 2766 dentis
302 2737 353 2767 est
382 2728 579 2768 adliaerere
608 2730 761 2769 motivis
802 2729 985 2781 gravibus
1006 2760 1018 2778 ‚
1067 2745 1139 2770 non
1171 2741 1278 2772 vacat

154 2788 279 2819 tamen
307 2785 517 2822 temeritate
547 2784 679 2823 iisdem
710 2783 934 2830 adhaerere,
963 2785 1118 2836 quando
1147 2795 1278 2826 contra

159 2833 321 2876 militant
335 2839 478 2879 motiva
498 2838 682 2891 aequalis,
713 2847 776 2878 aut
796 2838 912 2877 etiam
933 2836 1091 2890 majoris
1106 2851 1278 2880 momen-

190 3013 259 3061 ’(α.)
288 3008 434 3053 Egregie
446 3011 488 3045 de
512 3024 608 3048 more
625 3014 940 3050 Eminentissimus
955 3015 1173 3061 purpuratus
1188 3017 1278 3051 Ger-

161 3053 211 3107 ulil
237 3054 393 3107 inland.
421 3061 576 3102 superius
603 3064 701 3096 Orat.
741 3072 928 3108 postquam
954 3063 990 3096 in
1015 3062 1070 3095 liis
1096 3064 1200 3098 rebus
1225 3063 1280 3098 (li-

160 3101 285 3152 ligenti
310 3100 559 3138 deliberatione
580 3119 668 3152 opus
705 3122 778 3143 esse
804 3109 980 3143 ostendit:
1024 3108 1113 3154 (Juis
1137 3120 1247 3144 autem
1267 3132 1279 3151 ,

162 3147 306 3188 subdit,
348 3149 394 3181 ad
420 3162 491 3181 eum
516 3153 796 3189 deliberationem
829 3170 896 3191 non
922 3169 1126 3200 snnnnopere
1163 3161 1280 3202 cupiat

159 3196 399 3236 prudentiam,
427 3199 467 3228 (φ
493 3202 703 3242 ιεψιὶιατεηι,
739 3207 836 3248 quasi
861 3205 1113 3242 consiliarios,
1155 3209 1196 3237 (9²
1221 3206 1280 3238 di-

163 3249 388 3296 sceptatores⁸
405 3243 599 3276 adhibere?
632 3248 731 3290 Quod
757 3254 787 3282 si
810 3253 994 3294 prudentia
1019 3254 1155 3294 praeerit
1178 3252 1279 3297 judi-

161 3301 246 3330 cto,
271 3293 461 3332 perspiciet
485 3301 526 3322 ea
555 3303 635 3322 sane
654 3313 664 3331 ‚
690 3298 776 3337 ‹suod
802 3301 849 3330 sic
865 3301 962 3341 prior
987 3301 1104 3338 ratio,
1130 3301 1171 3330 (27⁴
1195 3310 1279 3341 prae-

167 3336 329 3368 ,stabilior
348 3358 356 3366 .
384 3335 452 3368 Est
478 3340 566 3368 enim
593 3336 660 3368 ἧκε
686 3344 736 3371 vis
761 3345 967 3384 prudentiae.
996 3344 1044 3377 Et
1074 3348 1104 3377 si
1131 3346 1280 3387 pruden-

164 3385 215 3415 tiae
239 3383 355 3418 aderit
378 3386 517 3428 aequitas
554 3383 771 3429 injudicio,
813 3391 1010 3435 adstringet
1027 3390 1198 3434 judicium
1234 3391 1280 3425 ad

1351 213 1407 257 ti3
1455 226 1579 263 neque
1610 215 1710 251 enim
1743 218 1874 267 primis
1904 214 2100 254 adliaerere
2131 229 2356 267 possumus,
2399 212 2474 255 nisi

1350 267 1602 317 contemptis,
1651 267 1685 302 ἃ
1715 270 1870 320 iusuper
1899 269 2039 308 habitis
2068 270 2269 315 secundis;
2315 280 2352 307 at
2380 283 2470 308 vero

1348 327 1594 356 contemnere
1638 322 1779 359 motiva
1809 321 2008 373 ejusdem,
2056 326 2115 361 vel
2160 321 2274 375 plane
2314 324 2473 374 majoris

1349 372 1526 423 ponderis
1547 375 1793 411 temerarium
1821 377 1973 412 omnino
1994 385 2071 414 est.
2102 376 2203 414 Vera
2233 379 2359 429 itaque
2381 389 2473 428 pru-

1349 425 1474 463 dentia
1503 425 1638 474 docet,
1682 429 1722 464 in
1752 428 1941 465 conflictu.
1962 431 2151 468 rationum
2184 431 2345 483 aequalis
2375 443 2470 481 pon-

1348 478 1447 516 deris
1476 493 1668 517 assensum
1699 481 1955 532 suspendere,
1993 479 2027 516 &
2057 485 2183 520 tutiori
2215 486 2309 535 parti
2341 483 2471 520 adliae-

1349 544 1458 580 rere,
1501 533 1655 583 quando
1685 543 1811 572 autem
1854 548 1931 571 una
1961 547 2045 585 pars
2075 535 2179 573 alteri
2211 538 2320 588 longe
2352 538 2470 587 magis

1347 587 1643 637 praeponderat,
1675 586 1978 638 probabiliorem
2007 586 2193 638 seligere3
2223 589 2255 626 ἃ
2285 593 2352 642 qui
2382 605 2471 627 cou-

1347 648 1403 676 tra
1431 648 1608 690 operatur
1637 639 1745 677 nullo
1775 642 1885 678 modo
1915 640 2080 693 prudeus
2110 641 2185 679 dici
2215 652 2357 693 potest,
2396 643 2471 680 nisi

1348 692 1550 743 prudentia
1580 695 1730 740 carnis,
1778 706 1868 744 quoe
1896 703 1954 731 est
1990 697 2157 731 inimica
2189 693 2299 734 Deo.
2358 696 2468 734 Rom.

1348 745 1453 783 Vlll.
1489 760 1521 784 i.
1564 746 1612 784 Et
1641 747 1755 799 plane
1798 747 1965 785 illudunt
1996 745 2337 786 Probabilistarum
2377 763 2469 788 non-

1347 799 1444 837 nulli
1462 829 1472 847 ‚
1503 801 1764 839 contendentes
1782 831 1792 849 ,
1825 802 1966 839 incasti
1983 800 2145 837 duarum
2168 804 2467 853 propositionum

1346 867 1457 906 aeque
1486 854 1750 906 probabilium
1770 868 1849 892 rem
1877 868 1952 892 non
1983 867 2057 891 esse
2073 854 2259 903 dubiam,
2290 857 2353 894 sed
2382 871 2468 908 pro·

1345 906 1542 956 habilem,
1571 922 1689 960 quain
1720 922 1765 947 ex
1795 909 2006 961 prudentiae
2038 908 2178 959 regulis
2197 910 2305 961 sequi
2335 921 2462 961 possu-

1346 974 1432 999 mus
1463 962 1525 1013 (a)
1545 987 1555 999 .

1400 1028 1466 1067 90.
1497 1015 1556 1054 Ad
1585 1015 1623 1053 id
1641 1046 1652 1064 ‚
1682 1016 1783 1069 quod
1812 1011 1988 1055 additum
2016 1024 2068 1053 est
2098 1029 2225 1068 resp.,
2255 1014 2294 1053 id
2325 1016 2470 1055 contin-

1348 1083 1435 1119 gere
1464 1068 1673 1121 aliquando
1703 1083 1835 1122 posse,
1865 1083 1939 1108 non
1969 1079 2095 1108 tamen
2126 1084 2255 1122 saepe3
2285 1069 2471 1108 debemus

1348 1132 1474 1161 antem
1505 1122 1565 1161 illi
1595 1124 1785 1162 sententiae
1817 1124 2040 1172 adhaerere,
2070 1138 2158 1176 quae
2177 1153 2188 1171 ‚
2220 1132 2259 1161 ut
2281 1124 2407 1175 iuquit
2429 1123 2469 1162 S.

1348 1175 1516 1215 Thomas
1548 1190 1584 1214 2.
1617 1190 1653 1215 2.
1682 1192 1721 1230 q.
1746 1192 1809 1229 70.
1839 1187 1908 1217 art.
1933 1191 1968 1216 2.
1987 1208 1996 1226 ,
2046 1181 2088 1214 in
2115 1176 2286 1227 pluribus
2329 1181 2472 1215 Verita-

1346 1238 1428 1267 tem
1459 1233 1618 1282 attingit
1636 1260 1646 1278 ,
1678 1235 1750 1269 etsi
1779 1236 1820 1269 in
1848 1229 2095 1282 paucioribus
2124 1244 2151 1268 a
2183 1235 2345 1268 veritate
2374 1229 2471 1283 defi-

1345 1289 1453 1321 ciat.
1502 1283 1604 1321 Illud
1633 1293 1759 1323 autem
1792 1284 2001 1323 Aristotelis
2031 1285 2177 1323 dictum
2201 1314 2212 1333 ,
2259 1283 2362 1337 quod
2391 1287 2472 1322 sine

1343 1338 1521 1374 citatione
1551 1336 1680 1374 afferri
1709 1337 1827 1384 solet,
1874 1347 1940 1375 aut
1969 1339 2253 1389 supposititium
2284 1346 2360 1385 est,
2409 1346 2474 1376 aut

1343 1391 1542 1428 manifeste
1573 1389 1741 1429 falsum.
1772 1389 1899 1427 Multo
1928 1392 2137 1441 sapientius
2167 1391 2207 1428 S.
2240 1391 2478 1441 Augustinus·

1343 1444 1470 1481 statuit
1500 1441 1706 1481 credibilia
1735 1443 1930 1481 nonnulla
1951 1457 2028 1481 esse
2058 1443 2152 1481 falsa
2169 1473 2179 1491 7
2210 1442 2244 1478 δι
2264 1452 2395 1480 contra
2412 1445 2472 1481 in-

1343 1496 1547 1535 credibilia
1576 1498 1770 1535 nonnulla
1791 1511 1868 1535 esse
1897 1511 1987 1536 vera
2006 1523 2016 1535 .
2046 1497 2121 1535 Sed
2150 1509 2195 1534 ex
2224 1510 2300 1548 quo
2330 1497 2368 1534 id
2399 1496 2471 1535 ali-

1344 1551 1497 1602 quando
1526 1552 1745 1602 contingat,
1776 1550 1877 1589 male
1907 1551 2127 1602 colligitur,
2172 1551 2376 1602 prudenter
2407 1563 2476 1589 nos

1344 1605 1537 1643 sententiis
1566 1605 1692 1642 minus
1713 1604 2008 1656 probabilibus,
2040 1605 2246 1655 minusque
2268 1606 2356 1642 tutis
2385 1617 2475 1642 con-

1347 1659 1483 1695 sentire
1500 1687 1510 1705 ,
1541 1671 1628 1709 quae
1645 1659 1703 1695 sin
1733 1659 1860 1696 minus
1875 1671 2052 1709 semper,
2083 1659 2224 1708 saepius
2252 1666 2378 1695 tamen
2401 1657 2474 1695 fal-

1346 1725 1397 1748 sae
1428 1719 1538 1758 sunt,
1570 1710 1603 1746 8(
1624 1724 1774 1762 semper
1790 1712 1941 1748 errandi
1971 1710 2145 1763 periculo
2162 1723 2225 1749 nos
2254 1720 2470 1763 exponunt.

1399 1763 1611 1803 Solvuntur
1654 1763 1744 1802 uliae
1785 1765 2014 1816 objectiones
2044 1777 2089 1802 ex
2118 1764 2354 1815 Scripturis,
2402 1765 2474 1804 SS.

1344 1816 1415 1856 PP.
1433 1847 1443 1866 ‚
1474 1817 1508 1853 ἃ
1540 1819 1681 1855 ratione
1699 1844 1709 1856 .

1399 1884 1466 1923 9¹·
1497 1869 1589 1922 Obj.
1619 1875 1782 1923 quinto.
1833 1869 2034 1925 ,Apostolus
2063 1870 2094 1909 I.
2123 1872 2211 1909 Cor.
2234 1869 2286 1909 X.
2319 1869 2383 1916 24.
2416 1870 2470 1911 Ο-

1345 1938 1463 1973 mne,
1495 1926 1646 1978 inquit,
1677 1925 1778 1976 quod
1806 1929 1848 1963 in
1878 1926 2049 1965 macello
2076 1930 2206 1973 venit,
2244 1924 2472 1963 manduca-

1346 1988 1412 2027 te,
1442 1978 1539 2016 nibil
1568 1983 1862 2032 interrogantes
1890 1988 2058 2031 propter>
2076 1983 2395 2027 conscientiam,
2440 1978 2474 2015 8<

1346 2042 1474 2085 postea
1503 2032 1631 2071 subdit
1659 2048 1696 2073 v.
1721 2033 1810 2072 28.;
1840 2034 1884 2073 Si
1913 2037 1997 2086 quis
2026 2042 2176 2070 autem.
2195 2032 2340 2070 dixerit
2361 2062 2372 2080 ,
2402 2031 2474 2071 lios

1346 2086 1600 2124 immolatum
1617 2096 1675 2125 est
1695 2087 1808 2125 idolis
1830 2119 1841 2136 ‚
1870 2088 1990 2125 nolite
2007 2086 2260 2124 manducare
2277 2117 2288 2134 ‚
2318 2095 2474 2136 propter

1346 2140 1457 2177 illum
1476 2171 1486 2189 ,
1529 2144 1594 2192 qui
1623 2140 1838 2190 indicarit,
1882 2141 1932 2181 ὠ
1960 2150 2118 2191 propter
2147 2143 2437 2178 conscientiam
2459 2166 2472 2179 .

1346 2193 1458 2232 Unde
1488 2195 1538 2232 ita
1582 2193 1765 2245 colligunt
1794 2195 1916 2246 aliqui
1946 2193 2236 2231 Probabilistae:
2284 2194 2376 2232 Erat
2406 2193 2468 2231 lex

1344 2257 1447 2285 certa
1475 2247 1522 2285 de
1550 2260 1625 2286 non
1649 2248 1925 2287 manducandis
1954 2247 2200 2300 idolothytis3
2232 2256 2311 2286 erat
2341 2256 2470 2286 autem

1347 2303 1562 2350 incertum,
1591 2315 1640 2339 an
1670 2315 1783 2351 caro,
1822 2316 1910 2355 quae
1942 2303 1981 2339 in
2012 2301 2176 2340 macello
2205 2301 2440 2339 vendebatur
2462 2330 2474 2350 ,

1347 2364 1439 2393 esset
1468 2354 1580 2394 idolis
1608 2354 1762 2404 oblata,
1794 2355 1852 2393 his
1882 2356 2012 2408 positis
2041 2355 2183 2408 duplex
2214 2364 2292 2393 erat
2321 2355 2473 2407 opini03

1348 2408 1494 2458 altera,
1525 2423 1616 2462 quae
1645 2408 1890 2458 affirmabat,
1935 2410 2052 2448 teneri
2081 2409 2212 2448 fideles
2243 2411 2475 2460 interrogare

1347 2464 1394 2514 de
1424 2463 1551 2502 carnis
1580 2463 1824 2512 conditione,
1854 2463 1971 2501 altera
1989 2494 2000 2512 ‚
2029 2464 2317 2515 quaenegabat:
2347 2464 2476 2514 prima

1346 2519 1479 2570 utique
1499 2517 1613 2555 tutior
1642 2526 1747 2565 erat,
1777 2518 1899 2555 immo
1919 2516 1952 2552 ἃ
1984 2517 2248 2568 probabili0r;
2278 2516 2312 2552 8<
2342 2525 2470 2554 tamen

1346 2569 1548 2622 Apostolus
1577 2583 1653 2609 non
1684 2571 1990 2622 interrogandum
2013 2584 2090 2607 esse
2105 2570 2151 2607 de
2167 2569 2347 2607 carnibus
2370 2583 2471 2620 prae-

1346 2626 1467 2676 cipit;
1499 2623 1532 2660 8<
1560 2623 1684 2662 solum
1713 2625 1765 2663 ab
1793 2626 1840 2662 iis
1861 2623 2134 2662 abetinendum
2153 2653 2163 2672 ‚
2194 2627 2227 2660 si
2247 2622 2475 2675 quisdixe-
2531 2646 2535 2648 >

1347 2681 1426 2715 rit:
1457 2677 1528 2716 hoc
1556 2686 1615 2716 est
1635 2678 1889 2716 immolatum
1918 2677 2058 2716 idolis:
2090 2691 2177 2729 ergo
2207 2677 2276 2714 διο.
2309 2677 2410 2715 Hinc
2432 2692 2470 2715 e-

1347 2733 1443 2770 tiam
1474 2731 1515 2771 S.
1533 2731 1764 2784 Augustinus
1783 2730 1906 2785 Epist.
1927 2730 2089 2770 XLVII.
2119 2731 2349 2783 respondens
2364 2744 2473 2784 quae-

1345 2786 1454 2824 stioni
1483 2785 1558 2824 sibi
1587 2786 1699 2824 factae
1729 2801 1751 2823 a
1780 2785 2004 2835 Publicola,
2054 2799 2103 2825 an
2133 2787 2170 2823 in
2200 2786 2312 2823 famis
2342 2798 2473 2823 neces-

1344 2841 1452 2880 sitate
1480 2839 1594 2879 liceat
1610 2839 1834 2893 idolothytis
1854 2841 1977 2890 vesci,
2007 2841 2060 2879 ita
2079 2839 2299 2892 respondet:
2340 2866 2366 2888 „
2397 2838 2471 2877 Aut

2279 2923 2305 2943 „
2334 2905 2415 2931 cer-

1347 3031 1420 3053 eam
1445 3018 1635 3057 rationem,
1660 3028 1754 3061 quam
1779 3017 2197 3060 prudentiissuperiorem
2222 3014 2374 3048 dixerim
2403 3010 2469 3045 hoc

1347 3068 1477 3099 etenim
1495 3073 1549 3097 est
1573 3075 1687 3097 munus
1703 3068 1872 3108 aequitatis
1887 3086 1895 3094 .
1924 3063 2088 3109 Quisquis
2107 3072 2214 3096 utitem
2229 3061 2442 3103 prudentiam
2456 3080 2467 3099 ,

1349 3115 1391 3144 Θ
1416 3114 1606 3155 aequitatem
1631 3114 1759 3143 sectari
1786 3112 1954 3150 voluerit,
1996 3112 2078 3155 quid
2102 3111 2135 3141 ei
2150 3107 2357 3152 jaciendum
2382 3113 2435 3137 est
2454 3127 2467 3146 ,

1348 3171 1444 3203 quam
1469 3166 1503 3191 ut
1528 3160 1661 3191 imitari
1689 3159 1875 3197 studeant,
1900 3159 1988 3202 quod.
2012 3161 2088 3199 ipsa
2111 3154 2316 3197 prudentia,
2359 3157 2400 3184 ΕΤ
2424 3165 2466 3184 ae-

1348 3209 1461 3250 quitus
1490 3208 1520 3238 vi
1547 3218 1606 3238 sua
1621 3204 1813 3247 facerent,
1848 3207 1880 3236 si
1904 3206 2067 3237 adessent
2085 3211 2100 3233 ,ι’
2140 3202 2294 3232 nimirum
2319 3206 2353 3232 ut
2377 3200 2468 3232 dili·

1347 3260 1469 3296 genter
1495 3255 1707 3294 investiget,
1733 3264 1799 3293 quae
1825 3255 1874 3283 sit
1898 3254 1987 3284 ratio
2010 3247 2238 3292 praestabilior
2256 3267 2267 3286 ‚
2305 3248 2344 3278 (y
2370 3258 2463 3290 quam.

1347 3306 1508 3343 praestare
1534 3301 1731 3342 cognoverit
1746 3319 1757 3337 ‚
1779 3309 1924 3330 assensu
1942 3309 2000 3330 suo
2019 3293 2231 3337 comprobet;
2258 3296 2289 3326 δε
2314 3304 2390 3338 quae
2409 3302 2465 3325 se·

1347 3354 1503 3390 quuntur
1529 3345 1621 3379 lectu
1647 3342 1876 3388 dignissima.
