2570 3745
769 127 850 176 DE
884 128 1115 174 GRATIA
1149 127 1233 173 AD
1266 123 1484 171 LEGEM
1516 123 1687 167 sEnv.

91 238 119 264 „
147 209 220 264 do,
248 213 310 254 vel
340 211 442 253 malo
468 210 620 252 vitando
647 209 698 249 ab
727 223 770 248 eo
797 210 962 262 separari
987 209 1119 258 vellet,
1147 220 1210 245 oc-

92 295 119 317 „
147 277 303 307 currunt
330 266 476 314 multa,
519 278 587 319 pro
618 273 672 302 ter
701 278 789 317 quae
819 262 1076 316 consequenda
1095 292 1106 311 ‚
1147 259 1210 300 vel

93 348 120 370 „
150 321 326 367 vitanda,
359 317 473 356 homo
492 331 577 357 rece
607 321 632 356 it
651 318 790 366 aDeo,
820 317 1092 356 contemnendo
1111 327 1210 368 prae-

92 402 120 422 „
147 380 254 426 cepta
281 372 422 423 ipsius,
452 371 485 408 &
517 373 567 410 ita
597 380 728 424 peccat
757 370 965 410 mortaliter
994 370 1065 408 ἃς.
1087 369 1136 406 ”.

144 426 209 472 54.
238 424 278 463 ld
309 426 436 476 ipsum
479 424 659 477 probatur
701 427 919 463 auctoritate
961 436 1079 461 sacrae
1106 421 1210 461 Scri-

119 486 214 517 turae
230 503 242 517 .
271 475 370 516 Nam
390 476 562 516 Christus
578 477 763 517 Dominus
793 478 892 530 apud
911 472 1046 515 Manli.
1074 488 1133 528 ¹9·
1163 473 1210 511 il-

105 533 148 580 i,
176 532 245 584 qui
274 544 362 569 eum
391 531 673 582 interrogabat:
720 531 922 583 Illa-gister
951 530 1076 577 bone,
1118 525 1209 578 quiri

87 581 389 636 bonifacium,
431 593 472 622 ut
500 582 674 623 habeam
716 590 839 622 vitam
867 594 1066 622 oeterttam
1083 581 1107 618 ?
1149 593 1207 618 re-

86 639 261 690 spoudit:
290 637 334 676 Si
362 641 417 677 vis
445 637 500 675 ad
527 643 650 676 vitam
681 635 859 692 ingredi,
888 649 1002 676 sert-a
1033 633 1207 673 marvia-

88 698 162 730 ω.
204 689 251 730 Et
280 690 406 730 Sauct.
436 691 576 730 Paulus
598 692 758 730 Roman.
776 693 824 730 ll.
846 692 907 729 15.
938 688 1123 726 Εισεονες
1154 688 1206 725 Ie·

87 746 176 796 gis,
204 745 357 797 inquit,
381 744 736 835 justf‘ficabuntur:
765 746 794 783 si
828 755 918 794 ergo
947 742 1059 779 ltomo
1089 748 1208 793 posset

87 798 170 836 sine
197 800 317 849 gratia
346 810 391 835 ex
424 801 512 837 sois
552 799 630 838 suis
672 799 819 837 viribus
859 798 989 833 omnia
1031 795 1209 832 mandata

83 854 236 889 servare
251 879 262 899 ,
292 849 326 887 ἃ
346 850 468 904 legem
487 850 701 903 adimplere
717 882 728 900 ,
759 858 876 902 posset
896 849 1010 886 etiam
1031 849 1108 885 sine
1123 861 1208 898 gra·

86 905 138 942 tia
167 902 367 954 justificari
385 935 395 954 ,
426 904 459 941 ἃ
489 905 632 956 ingredi
663 906 701 942 in
733 906 850 940 vitam
868 910 1076 945 aeteruam3
1105 899 1209 953 quod

88 965 180 995 esset
210 956 386 996 haeresiui
416 956 659 1009 Pelagiauam
688 955 738 994 ab
767 967 858 994 orco
885 966 1084 992 revocare.

143 1008 209 1049 35.
240 1010 377 1063 Reipsa
405 1011 530 1049 Patres
556 1009 721 1048 Concilii
748 1006 1054 1060 carthaginensis
1092 1007 1130 1043 in
1166 1018 1205 1042 e·

83 1062 171 1154 pist.
186 1063 378 1117 synodica
406 1064 452 1102 ad
483 1062 746 1101 innocentium
778 1059 821 1100 R.
835 1060 875 1099 Ρ.
904 1069 1107 1105 testantur,
1139 1057 1205 1096 Pe-

104 1117 256 1167 agianos
286 1117 402 1154 fuisse
442 1116 664 1164 damnatos,
707 1116 810 1168 quod
850 1115 1046 1159 dicerent,
1089 1115 1129 1149 ιή
1159 1125 1205 1150 eo

87 1166 168 1207 Det·
191 1171 373 1220 gratiam
401 1180 488 1208 esse
515 1167 789 1222 deputandam
808 1199 818 1217 ,
861 1166 962 1219 quod
990 1165 1114 1204 talem
1143 1164 1210 1203 ho-

89 1226 211 1260 minis
238 1225 432 1271 instituit,
475 1227 699 1275 creat-itque
740 1230 962 1269 naturam,
1010 1231 1099 1271 quoe
1140 1231 1210 1270 per

86 1276 291 1327 propriam
318 1276 563 1316 voluntatem
599 1275 728 1330 legem
761 1275 837 1314 Dei
877 1282 1006 1326 posset
1035 1273 1209 1323 comple-

86 1339 153 1376 re,
194 1332 274 1368 sive
300 1331 542 1368 naturaliter
569 1334 610 1368 in
637 1329 755 1368 corde
783 1333 976 1379 scriptam
992 1357 1003 1376 ‚
1042 1329 1119 1365 sit-e
1148 1326 1210 1364 lit-

90 1384 186 1419 teris
227 1381 399 1421 datam.
440 1383 658 1423 Concilium
701 1385 791 1421 item
822 1377 1123 1427 Milevitamnn‚
1167 1382 1207 1418 iu

84 1445 162 1486 quo
188 1435 359 1475 Coelestii
389 1434 642 1490 blasphemiae
670 1436 861 1475 damnatae
899 1437 1078 1482 suerunt,
1124 1434 1207 1471 ltaee

86 1484 202 1528 habet
228 1499 313 1528 cau.
345 1488 406 1528 5.:
448 1520 476 1538 „
505 1490 753 1542 Quicumque
781 1491 945 1537 dixerit,
984 1489 1067 1526 ideo
1096 1488 1206 1526 nobis

88 1568 115 1588 „
170 1543 305 1580 ratiam
332 1541 609 1594 justificationis
637 1543 747 1590 dari,
785 1551 825 1579 ut
853 1542 955 1594 quod
986 1542 1108 1578 facere
1137 1549 1207 1592 per

88 1621 115 1641 ,‚
143 1554 314 1632 iiberum
347 1595 532 1647 jubemur
572 1594 806 1642 arbitrium,
850 1594 1002 1632 facilius
1045 1592 1207 1644 implere

88 1671 115 1694 „
145 1647 330 1699 possimus
357 1660 427 1701 per
453 1646 615 1700 gratiam
634 1677 644 1697 ,
674 1657 876 1700 tanquam,
907 1648 973 1684 etsi
995 1647 1114 1699 gratia
1136 1658 1208 1684 non

87 1724 115 1748 „
141 1699 323 1747 daretur,
364 1712 438 1739 non
467 1701 625 1754 quidem
655 1701 797 1750 facile,
838 1700 901 1738 sed
934 1709 1060 1738 tamen
1093 1701 1208 1751 possi-

87 1778 113 1801 „
143 1762 228 1792 mus
255 1754 368 1793 etiam
398 1755 478 1793 sine
507 1753 576 1794 ill-1
605 1753 765 1808 implere
783 1755 914 1792 divina
935 1753 1111 1791 mandata
1129 1783 1139 1800 ,
1169 1766 1209 1789 a·

86 1833 115 1854 ‚‚
144 1806 322 1846 natitema
349 1808 396 1846 sit
409 1808 431 1824 ’²
448 1835 461 1847 .
489 1806 693 1847 innumera
722 1819 834 1861 porro
862 1821 907 1845 ex
936 1806 976 1845 S.
999 1807 1212 1858 Augustino

86 1856 249 1913 aliisque
278 1859 478 1910 Patribus,
506 1863 574 1915 qui
604 1861 781 1900 haeresim
804 1860 1046 1913 pelagianam
1077 1861 1215 1898 confu-

86 1919 240 1962 tarunt,
271 1914 415 1954 similia
443 1916 681 1965 testimonia,
715 1914 845 1954 afferri
873 1922 1048 1968 posseut3
1078 1914 1142 1952 sed
1170 1926 1209 1950 o-

89 1978 160 2018 pus
187 1978 262 2006 non
292 1974 376 2008 est.

144 2018 209 2059 56.
239 2020 440 2062 Piaculum
455 2031 583 2064 tamen
605 2024 701 2063 foret
717 2023 814 2064 illud
831 2028 1096 2075 argumentum
1115 2032 1213 2073 prae-

90 2073 203 2112 terire
221 2105 231 2124 ,
259 2089 337 2128 quo
354 2076 484 2116 Sanct.
503 2079 734 2131 Augustinus
762 2078 810 2116 ad
840 2075 1124 2116 convincendos
1145 2073 1211 2112 Pe-

91 2122 262 2178 lagianos
290 2129 464 2169 utebatur
492 2130 557 2169 De
583 2140 736 2170 natura
777 2131 828 2173 ἴθ’
869 2134 1006 2183 gratia
1035 2143 1122 2180 cap
1153 2139 1214 2166 2.:

94 2207 121 2228 „
150 2179 193 2218 Si
222 2190 338 2233 potest
367 2184 564 2234 (natura)
594 2185 668 2223 sibi
698 2184 873 2223 sufficere
901 2184 948 2222 ad
978 2181 1215 2235 implendam

94 2260 122 2280 ‚,
153 2234 304 2285 legem,
346 2236 700 2289 perficiendamque
729 2237 912 2288 justitiam
932 2266 942 2283 ,
978 2238 1024 2275 ‹ie
1055 2236 1217 2287 praemio

25 2309 33 2313 ἢ
94 2313 122 2335 „
150 2287 262 2325 debet
278 2302 354 2327 esse
370 2302 502 2329 secura
519 2320 529 2337 ,
559 2289 630 2328 hoc
646 2299 699 2328 est
714 2290 760 2328 de
776 2292 852 2328 vita
874 2298 1011 2327 aeterna
1029 2319 1038 2336 ,
1069 2290 1216 2326 etiamsi

95 2368 121 2389 ,‚
150 2341 189 2378 in
204 2340 338 2393 aliqua
356 2351 485 2394 gente,
503 2350 566 2380 aut
582 2342 714 2395 aliquo
728 2344 919 2396 superiore
937 2352 1106 2393 tempore
1124 2341 1216 2379 fides

95 2422 122 2443 „
152 2407 237 2432 eam
267 2395 378 2435 latuit
407 2397 602 2448 sanguinis
621 2397 790 2436 Christi.
819 2396 903 2435 Non
932 2397 1035 2433 enim
1058 2394 1218 2446 injustus

96 2476 122 2496 „
153 2446 284 2497 Deus,
326 2449 394 2503 qui
423 2448 540 2500 justos
571 2450 719 2488 fraudet
750 2450 923 2488 mercede
961 2449 1114 2499 justitias
1146 2473 1218 2487 .....

96 2530 124 2550 „
152 2499 265 2548 Quod
295 2503 325 2540 si
355 2501 441 2541 fieri
473 2503 618 2554 potuit,
647 2513 710 2542 aut
727 2512 842 2556 potest
860 2533 871 2552 ,
900 2501 971 2540 lioc
1000 2501 1034 2538 8<
1063 2515 1130 2553 ego
1158 2503 1218 2540 di·

97 2582 125 2603 ‚,
154 2566 226 2603 cn,
255 2555 357 2608 quod
385 2554 432 2594 de
460 2555 543 2609 iege
570 2556 664 2595 dixit
681 2556 904 2610 Apostolus:
934 2568 1027 2609 ergo
1045 2545 1217 2594 Christus

98 2637 125 2656 „
153 2612 280 2659 gratis
310 2618 486 2648 mortuus
515 2619 574 2648 est
602 2612 649 2649 ad
679 2611 769 2650 Gal.
793 2612 840 2648 ll.
863 2623 927 2648 21.
946 2608 967 2625 '²
1010 2608 1218 2661 *Nunquam

99 2662 218 2712 igitur
245 2661 286 2701 S.
315 2663 573 2716 Augustinus,
618 2678 814 2718 nunquam
844 2661 1017 2702 Ecclesia
1046 2662 1218 2714 ejusdem

99 2713 311 2754 doctrinam
328 2717 493 2770 probans
508 2747 521 2767 ,
549 2727 827 2767 concesserunt,
848 2727 912 2755 aut
932 2717 1138 2754 concedere
1155 2729 1218 2767 po·

100 2776 280 2817 metunt,
309 2778 422 2809 totam
453 2771 576 2824 legem
604 2785 710 2826 posse
739 2773 820 2811 sine
847 2772 965 2823 gratia
994 2770 1218 2808 observari.

156 2821 222 2873 57.
251 2821 351 2862 Illud
379 2834 508 2864 autem
537 2825 813 2865 advertendum
843 2834 921 2873 est,
963 2823 1010 2861 ad
1055 2822 1219 2876 praeclu-

99 2874 263 2914 dendam
291 2889 445 2917 omnem
476 2879 792 2919 Adversariorum
822 2880 1059 2925 evasionem,
1092 2875 1221 2914 lauda-

100 2935 155 2967 tos
184 2938 326 2969 veteres
354 2930 506 2981 Patres,
547 2935 615 2987 qui
646 2935 724 2971 sive
753 2934 792 2971 in
822 2930 1033 2976 Conciliis,
1073 2933 1152 2968 sive
1183 2931 1221 2967 iu

103 2983 264 3034 privatis
289 2985 437 3037 scriptis
465 2995 593 3025 contra
614 2985 834 3040 Pelagianos
864 2986 1121 3025 necessitatem
1137 2994 1223 3035 gran

102 3036 166 3073 tin
193 3036 241 3075 ad
270 3037 502 3078 observanda
530 3040 673 3078 divinae
702 3040 795 3092 legis
825 3039 1003 3078 mandata
1021 3038 1222 3076 fortissime

106 3100 420 3142 propugnarunt,
464 3095 704 3146 potissimum
745 3095 783 3132 id
813 3094 1004 3145 repetiisse
1043 3103 1086 3128 ex
1118 3089 1222 3129 infir-

108 3141 238 3179 mirate
265 3143 442 3184 bumanae
471 3157 618 3185 naturae
640 3156 794 3200 peccato
819 3145 999 3199 originali
1019 3145 1222 3183 sauciatae.

109 3193 298 3235 Audiam:
324 3214 406 3252 prae
435 3199 523 3239 aliis
555 3202 694 3240 Auctor
730 3200 913 3240 librorum
943 3195 990 3238 de
1019 3202 1225 3237 vocatione

112 3249 316 3298 gentium,
341 3254 408 3305 qui
436 3253 527 3294 Lib.
558 3255 588 3293 I.
617 3261 703 3308 cap.
723 3253 763 3295 6.
791 3256 842 3293 ita
871 3256 945 3292 ait:
989 3282 1015 3302 „
1046 3251 1226 3289 Humana

114 3327 142 3348 „
171 3309 306 3340 natura
334 3305 372 3342 in
398 3309 524 3359 prima
562 3307 727 3348 hominis
762 3308 1077 3361 praevaricatione·
1112 3305 1226 3345 ,νίιίει-

113 3379 140 3400 ε,
169 3362 228 3404 ta,
258 3357 482 3400 etiamtum
499 3363 718 3412 beneficia,
747 3363 846 3402 inter
861 3369 1075 3414 praecepta‚
1105 3357 1139 3395 ἃ
1159 3370 1225 3396 au·

2251 129 2334 171 185

1279 232 1305 256 ‚‚
1334 202 1428 242 xilia
1459 200 1552 251 Dei,
1596 216 1746 255 semper
1776 203 1814 241 in
1844 203 2066 243 deteriorem
2105 212 2157 243 est
2187 205 2394 257 proclivior

1279 289 1305 310 „
1335 257 1594 304 voluntatem,
1622 259 1687 294 cui
1716 258 1903 295 committi
1934 270 2006 294 nou
2035 267 2086 295 est
2116 258 2247 306 aliud,
2277 271 2395 311 quam

1281 343 1306 363 „
1335 311 1504 349 dimitti.
1533 310 1630 347 Haec
1652 312 1777 362 itaque
1798 309 1967 347 voluntas
1989 322 2078 357 vaga
2093 341 2101 357 ,
2126 313 2288 360 incerta,
2309 326 2397 351 mu*

1281 396 1306 414 „
1336 364 1490 412 tabitis,
1519 363 1697 414 imperita
1714 392 1724 411 ,
1755 362 1908 401 infirma
1928 362 1972 400 ad
1995 362 2235 401 efficiendum
2260 390 2271 411 ,
2303 366 2397 405 fac-i·

1280 446 1306 468 „
1335 418 1381 456 lis
1417 416 1465 455 ad
1492 416 1751 465 audiendum,
1795 416 1834 454 iu
1874 415 2148 468 cupiditatibus
2183 429 2314 466 caeca,
2359 420 2396 457 in

1279 502 1305 522 „
1335 470 1540 508 honoribus
1560 469 1706 509 tumida
1725 499 1736 518 ‚
1765 469 1868 507 curis
1886 471 2023 516 anxia,
2042 469 2321 521 suspicionibus
2343 474 2398 509 in·-

1279 554 1305 574 „
1335 526 1479 578 quieta,
1493 522 1753 575 gloriaequam
1769 524 1952 562 virtutum
1970 523 2264 569 avidior,famae‚
2280 537 2397 573 quain

1279 605 1303 627 „
1333 579 1575 616 conscientiae
1592 576 1833 628 diligentior,
1862 575 1896 612 ἃ
1927 590 1992 626 per
2021 588 2174 613 omnem
2199 577 2256 614 sui
2287 590 2398 628 expe-

1277 658 1302 679 „
1332 633 1505 669 rie-miani
1524 632 1695 669 miserior
1717 628 1874 668 fruendo
1890 629 1960 676 liis,
1990 641 2079 681 quae
2109 629 2399 679 concupiverit,

1277 713 1302 733 „
1332 698 1448 736 quam
1467 684 1629 723 carendo
1646 714 1656 732 ,
1673 683 1768 722 uiltil
1789 684 1825 721 in
1844 685 1919 721 suis
1937 682 2046 720 habet
2068 681 2228 728 viribus,
2246 683 2316 719 nisi
2337 698 2400 734 pe-

1278 767 1303 786 „
1333 738 1447 776 riculi
1479 738 1699 776 facilitatem
1718 767 1728 785 ‚
1758 739 1939 788 quoniam
1973 735 2144 774 voluntas
2175 735 2400 785 mutabilis,

1280 821 1305 839 ,‚
1335 803 1423 842 quae
1453 805 1527 829 non
1559 791 1608 829 ab
1640 789 1943 829 incommutabili
1989 789 2182 827 voluntate
2227 790 2367 841 regitur
2388 819 2401 838 ,

1279 874 1305 893 „
1334 850 1435 881 tanto
1463 846 1573 882 citius
1604 847 1834 896 propinquat
1859 845 2075 896 iniquitati,
2104 852 2248 895 quanto
2275 843 2402 882 actius

1278 927 1304 944 „
1335 897 1545 936 intenditur
1574 899 1714 936 actioni
1737 896 1758 912 ’¹
1777 923 1787 935 .
1837 897 1895 935 Ιῖιι
1925 895 2108 948 graphice
2135 897 2305 948 depictas
2334 910 2404 935 no-

1277 960 1362 988 strae
1393 949 1595 988 voluntatis
1625 952 1750 988 vires.
1782 951 1811 989 Α
1844 949 1908 988 tali
1939 960 2064 988 autem
2097 950 2285 988 voluntate
2314 951 2403 1003 quis

1274 1017 1445 1069 uuguam
1476 1006 1587 1041 totius
1617 1004 1756 1041 divium
1781 1003 1873 1054 legis
1892 1004 2172 1042 observantiam
2195 1002 2399 1053 expectet?

1327 1056 1392 1095 08.
1424 1057 1517 1108 Ohj.
1547 1061 1675 1107 primo
1704 1071 1748 1094 ex
1768 1056 1852 1095 Vet.
1874 1055 1977 1095 Test.
1999 1058 2156 1096 Denter.
2180 1055 2315 1096 XXX.
2343 1070 2404 1096 ii.

1279 1108 1406 1161 &seq.
1438 1106 1590 1162 Moyses
1621 1110 1772 1148 hortans
1803 1108 1987 1163 populum
2019 1111 2065 1148 ad
2095 1112 2321 1149 servandam
2344 1110 2399 1149 le-

1278 1174 1389 1215 gem:
1437 1161 1687 1201 Mandatum
1717 1161 1788 1201 hoc
1809 1193 1820 1211 ,
1851 1165 1975 1215 inquit
1993 1192 2003 1211 ,
2032 1163 2134 1213 quod
2163 1178 2234 1216 ego
2262 1169 2405 1215 praeci·

1279 1220 1341 1268 pio
1370 1215 1436 1253 tibi
1464 1215 1602 1264 hodie,
1645 1229 1724 1253 non
1754 1229 1876 1266 supra
1905 1226 1944 1254 te
1986 1225 2072 1264 est,
2109 1228 2235 1267 neque
2270 1218 2406 1266 procul

1278 1273 1450 1321 positum
1469 1270 1557 1310 &a
1585 1268 1784 1308 ostendeus
1814 1268 1959 1308 scilicet
1989 1267 2158 1320 ejusdem
2189 1270 2286 1320 legis
2310 1271 2406 1308 faci·

1277 1324 1425 1362 litatem
1443 1354 1454 1373 ‚
1495 1332 1535 1363 ut
1563 1320 1674 1362 nulla
1702 1323 1749 1362 ad
1778 1322 1862 1375 ejus
1882 1322 2182 1362 observationem
2210 1325 2332 1376 gratia
2359 1325 2406 1362 sit

1276 1391 1510 1418 necessaria.

1333 1433 1398 1485 59.
1429 1430 1541 1483 Resp.
1572 1429 1668 1470 nihil
1699 1429 1804 1469 aliud
1836 1429 1916 1478 his,
1960 1428 2218 1482 &similibus
2247 1429 2408 1468 locutio⁴

1276 1486 1389 1524 nibus
1418 1483 1655 1536 significari,
1729 1497 1816 1521 uam
1847 1484 1969 1535 legem
2001 1483 2159 1521 Domini
2202 1482 2236 1519 ἃ
2266 1497 2405 1536 cogno-

1274 1539 1351 1586 sci,
1381 1536 1415 1575 &
1444 1538 1586 1576 servari
1616 1537 1707 1576 abso
1727 1547 1787 1574 ute
1816 1551 1950 1589 posse,
1979 1550 2068 1574 cum
2100 1535 2199 1575 nihil
2233 1538 2408 1590 impossi-

1276 1591 1355 1629 bile
1385 1592 1586 1644 praecipiat
1619 1591 1744 1628 Deus.
1775 1590 1848 1628 Sed
1878 1604 1951 1628 non
1982 1587 2069 1628 iude
2098 1591 2290 1642 sequitur,
2320 1602 2409 1630 eam

1276 1657 1382 1696 posse
1411 1646 1554 1682 servari
1582 1643 1671 1681 solis
1702 1652 1849 1680 naturae
1881 1643 2030 1681 viribus
2048 1670 2059 1691 ,
2101 1643 2245 1695 absque
2274 1643 2408 1696 aliquo

1277 1697 1351 1735 Dei
1372 1695 1586 1749 adjutorio.
1617 1695 1718 1734 Illud
1748 1706 1875 1733 autem
1905 1695 2141 1747 adjutorium
2172 1709 2249 1734 esse
2279 1706 2407 1735 ueces-

1278 1752 1436 1799 sarium,
1457 1751 1668 1788 innumeris
1688 1751 1910 1788 testimoniis
1926 1761 2042 1788 sacrae
2058 1749 2285 1802 Scripturoe,
2307 1764 2409 1803 prae-

1278 1804 1406 1843 sertim
1438 1806 1528 1843 novi
1559 1804 1789 1842 Testamenti
1832 1805 2068 1855 apertissime
2114 1804 2408 1842 manifestatur.

1281 1857 1364 1897 lino
1394 1859 1430 1896 in
1461 1860 1541 1911 ipso
1571 1857 1691 1896 Libro
1720 1857 2009 1896 Deuteronomii
2038 1870 2125 1909 cap.
2147 1853 2196 1894 V.
2221 1867 2284 1910 29.
2305 1859 2350 1896 de
2373 1858 2407 1896 1⁴

1280 1907 1442 1950 sraelitis
1471 1911 1562 1949 dicit
1592 1910 1807 1949 Dominus:
1838 1940 1863 1959 ,‚
1884 1910 1982 1958 Quis·
2001 1907 2092 1958 det,
2122 1910 2236 1948 talem
2259 1924 2320 1949 eos
2341 1911 2410 1949 ha-

1282 1995 1308 2015 „
1337 1966 1432 2003 bere
1461 1974 1648 2012 mentem,
1679 1974 1718 2002 ut
1747 1966 1907 2003 timeant
1938 1978 2026 2012 ine,
2057 1963 2091 2001 ἆ
2121 1965 2333 2003 custodiant
2366 1979 2409 2002 u·

1282 2046 1308 2067 „
1338 2020 1486 2057 niversa
1515 2018 1695 2055 mandata
1724 2031 1810 2054 mea
1840 2018 1878 2055 iu
1906 2018 2013 2056 omui
2044 2026 2243 2068 tempore,
2275 2026 2313 2054 ut
2343 2017 2410 2055 be-

1283 2099 1308 2120 „
1338 2085 1386 2110 ne
1414 2073 1460 2110 sit
1489 2073 1571 2118 eis,
1615 2068 1647 2106 ἃ
1677 2068 1771 2108 filiis
1809 2083 1941 2108 eorum
1986 2070 2026 2109 in
2067 2070 2339 2122 sempiternum
2357 2070 2411 2109 ”²

1283 2127 1447 2164 innuens
1477 2122 1648 2172 scilicet,
1678 2121 1851 2162 divinam
1881 2125 2041 2175 gratiam
2071 2137 2147 2161 esse
2177 2123 2224 2161 ad
2254 2123 2324 2162 ime
2345 2138 2412 2162 ne-

1284 2180 1514 2217 cessariam.
1564 2177 1673 2216 Hanc
1701 2187 1828 2214 autem
1859 2179 2018 2223 gratiam
2050 2178 2220 2228 promitti
2251 2177 2409 2230 Moyses

1285 2233 1428 2286 populo
1458 2234 1496 2270 in
1527 2231 1659 2269 eodem
1688 2245 1775 2283 cap.
1797 2225 1930 2268 XXX.
1950 2229 1990 2268 G.
2021 2232 2228 2282 inquiens:
2270 2260 2296 2278 „
2325 2231 2411 2268 Cir-

1286 2315 1313 2336 „
1342 2287 1532 2325 cumcidet
1561 2285 1750 2323 Dominus
1778 2285 1882 2323 Deus
1911 2296 1976 2322 cor
2006 2292 2114 2321 tuum
2134 2314 2145 2332 ,
2190 2284 2223 2319 8:
2256 2297 2321 2321 cor
2356 2299 2414 2323 se·

1285 2369 1311 2389 ‚‚
1341 2341 1457 2380 minis
1486 2341 1563 2387 tui,
1594 2348 1632 2376 ut
1661 2338 1797 2390 diligas
1829 2338 2041 2375 Dominum
2072 2338 2199 2376 Deum
2231 2347 2339 2375 tuum
2370 2340 2413 2377 in

1287 2423 1313 2443 „
1342 2403 1416 2432 toto
1445 2395 1556 2431 corde
1585 2401 1677 2440 tun,
1708 2392 1742 2428 &
1773 2393 1810 2430 in
1831 2399 1905 2429 tota
1924 2392 2139 2429 animatus
2160 2392 2201 2428 ’':
2230 2392 2331 2444 quod
2361 2400 2415 2430 est

1286 2448 1485 2500 primum,
1517 2446 1551 2483 8(
1581 2447 1818 2498 potissimum
1850 2443 1994 2483 divinae
2026 2444 2119 2493 legis
2150 2446 2395 2483 mandatum.

1342 2502 1406 2547 40.
1436 2500 1529 2550 obj.
1560 2495 1733 2538 secundo
1762 2512 1806 2536 ex
1824 2498 2034 2550 Scripturis
2063 2494 2111 2536 N.
2141 2497 2189 2535 T.
2219 2498 2412 2535 celebrem

1289 2554 1459 2607 Apostoli
1491 2554 1618 2592 locum
1648 2554 1696 2592 ad
1727 2551 1984 2597 Rom.ll.14.
2026 2551 2199 2597 Gentes,
2242 2563 2331 2599 ‹711ae
2360 2551 2414 2587 le-

1285 2621 1378 2659 gem
1408 2621 1490 2645 non
1509 2606 1674 2656 liabent,
1705 2606 1942 2643 naturaliter
1963 2614 2014 2642 ea
2031 2634 2042 2650 ,
2071 2616 2160 2653 quoe
2179 2604 2277 2653 legis
2292 2613 2382 2641 sunt
2399 2633 2411 2650 ,

1275 2660 1474 2714 jaciunt:
1504 2671 1658 2714 possunt
1687 2670 1775 2711 ergo
1803 2660 1932 2695 omnia
1963 2657 2056 2707 legis
2078 2667 2269 2707 praecepta
2291 2665 2410 2694 natu-

1289 2716 1456 2764 raliter,
1487 2715 1557 2753 hoc
1587 2725 1639 2753 est
1669 2715 1746 2752 sine
1775 2713 1894 2763 gratia
1924 2710 2130 2761 adimpleri
2153 2739 2163 2757 ,
2194 2710 2252 2747 sin
2283 2712 2412 2748 minus

1290 2768 1528 2817 salutariter,
1568 2769 1601 2805 8(
1630 2775 1814 2820 quantum
1846 2765 1892 2802 ad
1923 2761 2104 2811 modum,
2150 2772 2186 2799 ut
2219 2762 2413 2813 l'elagiaui

1287 2822 1408 2875 impie
1427 2822 1665 2868 delirabant,
1695 2818 1825 2857 saltem
1846 2826 2032 2869 quantum
2064 2816 2111 2854 ad
2140 2816 2411 2855 substantiam.

1289 2875 1399 2921 Quod
1428 2885 1553 2914 antem
1596 2875 1773 2924 loquatur
1805 2867 2003 2922 Apostolus
2045 2870 2092 2908 tle
2137 2871 2282 2921 integra
2320 2871 2414 2921 legis

1288 2929 1548 2977 observantia,
1591 2935 1691 2979 patet
1721 2937 1764 2961 ex
1796 2935 1892 2961 vers.
1916 2936 2010 2974 27.,
2052 2923 2118 2961 ubi
2147 2923 2258 2962 dicit:
2306 2948 2332 2973 ‚·,
2364 2924 2413 2962 Et

1291 3009 1318 3031 „
1347 2980 1536 3033 judicabit
1567 2981 1625 3026 id,
1655 2978 1754 3029 quod
1772 2989 1816 3014 ex
1839 2986 1970 3015 natura
1989 2986 2042 3015 est
2063 2979 2297 3029 praeputium
2317 3007 2327 3025 ,
2359 2978 2413 3015 le·

1293 3064 1319 3082 „
1348 3048 1432 3087 gent
1464 3043 1729 3072 consummans
1748 3059 1757 3077 ,
1789 3039 1824 3067 te
1841 3061 1851 3078 ‚
1881 3032 1946 3083 qui
1970 3042 2037 3083 per
2057 3029 2221 3068 litteram
2240 3060 2250 3078 ,
2281 3030 2314 3067 ἃ
2336 3032 2412 3069 cir-

1293 3115 1317 3136 „
1347 3089 1621 3125 cumeisionem
1645 3084 1914 3136 praevaricatot·
1935 3098 1972 3122 es
2001 3084 2094 3135 legis
2111 3082 2163 3121 ’Ἴ
2192 3086 2291 3131 Quae
2313 3086 2413 3135 Apo-

1291 3140 1375 3179 stoli
1405 3138 1652 3177 comminatio
1682 3138 1776 3175 vana
1806 3146 1923 3186 esset,
1952 3138 1981 3175 si
2002 3137 2176 3176 Gentiles
2204 3150 2277 3175 non
2299 3147 2413 3175 totam

1292 3193 1438 3246 legem,
1477 3193 1539 3231 sed
1567 3191 1740 3244 aliquam
1769 3187 1890 3229 solum
1920 3190 2002 3243 ejus
2040 3200 2188 3244 partein
2216 3192 2410 3230 observas·

1294 3258 1399 3286 seut.

1349 3301 1413 3346 4¹·
1447 3298 1558 3352 Resp.
1595 3311 1682 3338 cum
1712 3297 1858 3337 Sanctis
1889 3297 2098 3351 Augustino
2120 3329 2130 3346 ,
2171 3298 2204 3334 ἃ
2235 3296 2410 3342 Thoma,

1296 3355 1351 3397 π’
1373 3354 1613 3393 naturaliter
1656 3352 1945 3406 intelligendum
1989 3363 2066 3391 esse
2101 3352 2147 3391 de
2184 3360 2317 3388 natura
2347 3361 2413 3399 per

2272 3414 2358 3452 gra·
