2570 3745
220 221 296 260 132

153 328 180 346 a,
210 298 308 333 rium
327 323 337 341 ,
366 300 442 345 quo
472 291 618 344 aliquid
649 290 717 331 fit.
748 291 846 330 Nam
877 292 956 328 sine
978 290 1167 327 alimentis
1189 299 1258 324 non

153 379 179 397 „
211 361 407 399 possumus
437 348 591 393 vivere,
621 360 690 383 uec
720 354 846 383 tamen
876 358 963 382 cum
986 342 1162 380 affuerint
1190 340 1259 376 ali-

151 431 177 449 „
208 410 360 449 menta,
405 401 457 438 eis
500 400 569 448 fit,
612 408 650 436 ut
681 401 810 446 vivat,
854 399 919 449 qui
952 397 1047 434 mori
1077 393 1258 433 voluerit:

151 484 176 503 „
208 467 294 505 ergo
323 453 552 504 adjutorium
583 452 849 491 alimentorum
880 459 952 496 est,
982 451 1060 486 sine
1090 461 1164 499 quo
1186 458 1258 482 non

151 537 177 555 „
208 507 278 555 fit,
322 521 393 545 non
423 520 498 559 quo
528 506 596 553 fit,
638 515 673 542 ut
704 507 877 543 vivamus
908 503 956 539 ⁷⁷.
1006 501 1088 538 Non
1120 507 1261 557 poterat

151 563 275 612 aptius
305 563 350 598 ad
384 575 461 597 rem
492 571 655 597 nostram
678 558 717 596 S.
736 558 873 595 Doctor
904 554 1098 592 essentiam
1128 560 1258 601 gratlae

151 614 369 652 sufficientis
398 613 619 651 declarare.
668 611 767 648 Nam
811 609 940 645 eodem
984 605 1094 642 modo
1122 604 1261 640 dicitur

150 669 270 718 gratia
299 667 489 705 sufficiens
518 667 564 703 ad
593 664 824 716 operandum
869 661 1009 697 bonum
1033 687 1043 704 ,
1087 670 1162 708 quo
1191 655 1262 694 ali-

150 730 322 758 mentum
353 722 396 757 ad
429 720 635 757 vivendum
654 746 663 762 ,
702 725 736 752 at
766 726 854 751 vero
885 713 930 748 ad
961 710 1166 749 vivendum
1197 723 1262 746 ne-

150 777 310 811 cessaria
340 784 389 810 est
419 771 677 810 determinatio
706 766 930 812 voluntatis,
961 773 1001 801 ut
1021 764 1200 800 alimento
1221 776 1263 800 u-

150 836 298 865 tamur:
328 839 416 877 ergo
446 826 574 862 eadem
605 823 744 859 ratione
773 820 891 871 gratia
920 817 1111 855 sufficiens
1133 825 1261 867 poten-

152 882 244 918 tiam
275 881 369 918 bene
396 877 576 930 operandi
607 874 777 917 consert3
821 872 883 909 sed
920 879 1105 923 praeterea
1134 883 1261 907 neces-

151 935 250 971 saria
282 943 331 970 est
361 931 560 969 voluntatis
589 926 877 974 determinatio,
921 933 961 961 ut
1004 924 1100 961 hanc
1129 933 1261 975 poten-

152 988 243 1024 tiam
266 986 487 1024 reducamus
504 982 549 1019 ad
565 991 690 1018 actum
709 1010 719 1028 ,
750 978 783 1014 8(
804 979 902 1017 bene
921 991 1145 1029 operemur3
1166 976 1262 1014 hanc

152 1049 279 1077 autem
306 1036 650 1075 determinationem
670 1033 775 1070 nobis
796 1045 871 1069 non
893 1033 1057 1079 confert,
1088 1031 1160 1068 nisi
1181 1044 1264 1082 gra-

150 1095 202 1129 tia
233 1092 391 1138 efficax,
421 1103 536 1141 quae,
576 1086 723 1125 sublata
752 1085 950 1124 voluntatis
980 1084 1263 1132 indifferentia,

150 1145 209 1182 vel
229 1146 324 1183 victa
340 1145 507 1194 opposita
529 1141 854 1192 concupiscentia,
884 1138 1117 1178 voluntatem
1141 1139 1177 1174 in
1198 1137 1264 1175 bo-

150 1212 240 1236 num
258 1196 442 1244 inclinat,
473 1196 590 1235 flectit
607 1223 617 1241 ‚
633 1203 745 1247 atque
760 1193 1015 1241 determinat,
1044 1192 1146 1229 unde
1162 1192 1264 1228 idem

149 1252 190 1290 S.
224 1251 481 1302 Augustinus:
519 1248 622 1286 Hoec
652 1252 821 1297 imperat
850 1245 987 1294 Deus,
1017 1246 1144 1297 inquit
1173 1245 1262 1282 Lib.

149 1306 217 1342 ΙΙΙ.
250 1304 391 1354 Operis
409 1302 567 1355 imperf.
589 1317 622 1340 c.
652 1301 736 1339 116.
753 1313 840 1352 quoe
857 1299 956 1352 fieri
975 1307 1158 1350 possunt.
1187 1297 1264 1334 Secl

149 1361 229 1405 ipse
259 1357 362 1395 dedic
385 1387 395 1405 ,
424 1366 465 1394 ut
483 1355 653 1407 faciant
684 1358 766 1403 eis,
809 1352 1041 1406 qutftzcere
1069 1360 1261 1404 possunt,

149 1412 198 1452 (ῤ’
227 1411 383 1459 faciunt
401 1437 410 1448 .

208 1457 298 1514 2367.
331 1465 537 1515 Augustino
580 1464 625 1500 ‹le
669 1475 772 1499 more
815 1461 992 1499 consentit
1024 1458 1260 1509 Ai'igelicus,

148 1520 214 1568 qui
245 1518 289 1554 de
319 1518 438 1568 gratia
468 1516 506 1553 S.
538 1515 655 1552 Paulo
685 1514 822 1552 collata
839 1513 1005 1564 'loquens
1027 1513 1129 1550 Lect.
1152 1512 1199 1548 ll.
1222 1512 1262 1548 in

148 1584 232 1621 cap.
255 1569 316 1606 HI.
350 1569 513 1620 Eplies.:
546 1598 570 1616 „
602 1567 833 1618 Huiusmodi
863 1566 1075 1613 auxilium,
1107 1568 1229 1614 inquit
1251 1592 1262 1611 ,

150 1653 176 1671 „
208 1622 347 1674 duplex
378 1623 477 1667 fuit3
523 1635 640 1659 unum
679 1621 837 1673 quidem
875 1621 955 1671 ipsa
986 1618 1144 1656 facultas
1178 1631 1265 1655 exe-

149 1707 173 1725 „
203 1676 369 1728 quetidi3
398 1675 503 1712 aliud
525 1677 607 1728 ipsa
626 1677 793 1726 operatio
809 1704 820 1721 ,
841 1674 919 1711 sive
940 1671 1159 1710 actualitas.
1190 1671 1264 1708 Fa-

205 1728 383 1777 cultatem
414 1738 539 1765 autem
569 1729 631 1765 dat
661 1728 764 1765 Deus
794 1726 1028 1764 infundendo
1057 1725 1233 1762 virtutem
1252 1753 1262 1770 ,

206 1782 239 1818 ἃ
268 1783 428 1833 gratiam
448 1811 457 1828 ,
487 1794 554 1832 per
583 1795 676 1832 quas
707 1779 869 1817 efficitur
900 1778 1015 1816 homo
1044 1787 1200 1829 potens,
1231 1777 1264 1812 8(

207 1846 313 1886 aptus
343 1835 388 1872 ad
425 1834 693 1886 operandum3
737 1833 800 1870 sed
842 1834 966 1884 ipsam
1005 1832 1262 1882 operationem

206 1889 379 1935 confert,
425 1890 651 1939 inquantum
695 1895 871 1938 operatur
902 1886 938 1922 in
968 1885 1075 1922 nobis
1108 1886 1264 1922 interius

151 1972 176 1989 „
209 1942 417 1989 movendo,
450 1940 482 1975 8(
513 1941 720 1991 instigando
750 1940 797 1976 ad
817 1940 959 1976 bonum
982 1938 1032 1974 ''.
1063 1937 1169 1975 Nihil
1206 1938 1262 1974 di-

150 1996 311 2043 sertius,
343 2003 382 2031 ut
413 2003 524 2045 pute,
554 1995 631 2031 dici
662 2002 780 2044 potest
809 1993 855 2030 ad
876 1992 1184 2042 distinguendum
1207 1991 1262 2028 ef-

149 2049 290 2085 fectum
319 2049 450 2099 gratiae
479 2046 730 2093 sufficientis,
773 2047 840 2097 qui
871 2055 921 2081 est
951 2045 1156 2095 potentiam
1176 2074 1186 2090 ,
1232 2043 1264 2078 8(

147 2103 326 2138 virtutem
357 2101 405 2137 ad
435 2099 528 2136 bene
557 2099 791 2152 operandum
821 2098 992 2136 conferre
1010 2127 1021 2145 ,
1050 2097 1099 2135 ab
1130 2097 1266 2135 effectu

148 2156 281 2205 gratia-3
313 2153 478 2192 efficacis
500 2183 510 2201 ,
540 2154 608 2204 qui
639 2161 689 2189 est
719 2151 815 2189 hanc
846 2153 1053 2203 potentiam
1085 2151 1265 2189 reducere

149 2209 193 2244 ad
225 2217 351 2246 actum
382 2220 448 2259 per
479 2206 682 2245 voluntatis
711 2206 1088 2243 determinationem.

206 2262 295 2300 263.
325 2261 457 2312 Neque
486 2274 576 2297 vero
597 2258 777 2298 mirabile
797 2259 970 2297 videatur
986 2289 996 2306 ,
1025 2259 1184 2310 gratiam
1202 2272 1264 2297 ve-

150 2327 190 2352 re
220 2315 322 2362 dici,
353 2314 386 2350 8(
417 2328 491 2351 esse
520 2313 796 2360 sufficientem,
827 2312 861 2348 8(
891 2321 1017 2349 tamen
1048 2311 1195 2364 aliquid
1225 2327 1264 2349 a·

150 2367 232 2404 liud
261 2368 307 2404 ad
337 2376 422 2404 actu
453 2367 688 2418 operandum
718 2366 951 2403 desiderari.
981 2366 1065 2403 Non
1084 2368 1263 2417 inquam:

151 2435 238 2458 nam
271 2420 367 2457 hanc
397 2421 570 2457 eamdem
601 2419 865 2457 difficultatem
893 2418 988 2457 olim
1018 2419 1092 2457 sibi
1113 2419 1263 2470 objece-

151 2483 209 2511 rat
238 2474 277 2512 S.
309 2473 476 2511 Thomas
507 2473 544 2511 3.
576 2487 614 2523 p.
629 2486 667 2524 q.
690 2472 754 2510 61.
775 2481 844 2510 art.
873 2487 905 2511 ι.
936 2473 1002 2511 ubi
1033 2487 1120 2510 cum
1143 2482 1263 2510 osten-

150 2527 286 2575 disset,
316 2527 563 2565 Sacramenta
591 2540 667 2563 esse
688 2528 897 2564 necessaria
914 2527 959 2564 ad
982 2526 1141 2565 salutem
1159 2557 1168 2573 ,
1197 2526 1264 2562 ol)-

153 2579 236 2630 iicit
264 2581 337 2618 sibi
383 2583 397 2631 (
420 2595 525 2618 num.
549 2580 585 2618 5.
603 2578 643 2628 ):
686 2578 823 2616 Posita
853 2592 980 2617 causa
1022 2579 1232 2628 sufficienti
1253 2609 1263 2626 ,

150 2633 245 2671 nihil
273 2633 381 2671 aliutl
410 2633 556 2671 videtur
585 2645 671 2670 esse
690 2637 963 2670 necessarium
992 2633 1047 2671 att
1075 2631 1263 2682 effectum

152 2690 229 2738 (en
258 2688 492 2739 ipsissimum
522 2687 821 2725 adversariorum
853 2687 1088 2738 principium
1111 2688 1152 2734 );
1196 2686 1265 2723 secl

151 2743 282 2789 passio
313 2740 453 2779 Clu-istc·
483 2749 540 2778 est
575 2739 775 2788 sufficiens
820 2753 948 2777 causa,
977 2749 1126 2776 nostrae
1155 2740 1263 2777 salu-

153 2797 201 2829 tis
223 2819 233 2829 .
250 2819 260 2829 .
277 2819 287 2828 .
305 2819 314 2829 .
344 2807 423 2831 non
454 2808 546 2847 ergo
577 2797 826 2844 requiruntur
855 2793 1128 2830 Sacramenta
1151 2820 1160 2829 .
1190 2793 1262 2830 Cui

151 2845 364 2884 difficultati
395 2849 444 2885 ita
475 2848 692 2900 respondet:
723 2877 749 2896 „
781 2846 905 2885 Passio
933 2847 1072 2884 Christi
1103 2856 1155 2883 est
1184 2847 1262 2883 suf-

153 2929 180 2948 „
211 2898 342 2935 ficiens
371 2914 482 2938 causa
512 2901 689 2938 humanae
719 2901 870 2947 salutis;
912 2914 978 2938 nec
1010 2910 1160 2951 propter
1192 2899 1261 2937 hoc

155 2982 181 3000 „
212 2953 409 3004 sequitur,
447 2955 544 3005 quod
575 2956 819 2993 Sacramenta
849 2967 924 2992 non
954 2955 1024 2991 sint
1055 2955 1262 2992 necessaria

154 3032 180 3054 „
210 3006 255 3043 ad
287 3005 490 3043 humanam
521 3007 703 3053 salute1n3
734 3009 824 3061 quia
844 3016 1047 3059 operantur
1079 3008 1114 3044 in
1146 3008 1262 3044 virtu-

155 3088 180 3106 „
211 3069 245 3096 te
275 3060 455 3109 passionis
484 3060 651 3106 Christi3
696 3062 728 3097 8(
758 3062 881 3113 passio
909 3060 1049 3099 Christi
1079 3061 1263 3112 quodam-

157 3141 182 3159 „
214 3113 324 3149 modo
345 3111 556 3163 applicatur
572 3112 787 3153 hominibus
804 3129 871 3166 per
886 3115 1133 3153 Sacramenta
1155 3114 1224 3150 ἃς.
1241 3115 1261 3129 ”

154 3164 299 3202 Eodem
332 3178 480 3216 prorsus
512 3166 619 3201 :no-to
649 3181 705 3204 res
735 3184 771 3205 se
803 3169 913 3207 habet
943 3169 988 3206 tle
1017 3170 1134 3219 gratia
1160 3167 1264 3204 suffi-

153 3219 274 3255 ciente
293 3245 301 3254 .
341 3217 434 3255 Haec
467 3220 669 3269 potentiam
699 3222 842 3259 confert
873 3223 995 3270 bene,
1026 3222 1059 3257 8(
1089 3221 1264 3259 salutari-

152 3280 206 3308 ter
236 3272 445 3322 operandi,
477 3272 644 3322 adeoque
676 3273 713 3308 in
744 3288 808 3310 suo
829 3289 962 3325 genere
977 3274 1166 3313 sufficiens
1188 3283 1263 3321 est,

153 3323 324 3376 nihilque
356 3324 413 3362 illi
443 3325 569 3370 deest3
615 3338 746 3361 verum
778 3337 815 3362 ut
847 3328 926 3365 tuen
957 3331 1121 3379 potentia
1152 3328 1264 3365 redu-

152 3387 260 3416 catur
290 3378 335 3415 ad
365 3387 520 3424 actum,
564 3376 712 3428 aliquid
749 3378 855 3416 aliud
892 3383 1097 3431 requiritur
1142 3384 1262 3430 (nam

150 1759 176 1777 7>

150 1812 175 1830 >³

150 1865 176 1884 :2

150 1917 176 1936 9>

723 212 802 255 DE
839 209 1068 255 GRATIA
1103 209 1150 251 P.
1183 209 1216 250 1.
1250 205 1512 250 DISSERT.
1548 207 1602 249 V.
1653 208 1782 251 CAP.
1816 209 1893 252 VI.

1318 286 1517 336 potentia,
1548 287 1618 323 nisi
1647 286 1893 335 determinet,
1925 301 2121 340 nunquam
2153 294 2323 339 erumpet
2339 287 2433 326 irs-a-

1327 346 1429 374 ctum
1448 339 1485 385 ).
1530 337 1611 375 Hoc
1640 350 1764 378 autem
1794 355 1869 379 non
1901 351 1950 379 est
1981 343 2051 379 nisi
2081 342 2341 379 determinatio
2371 354 2438 377 vo-

1328 390 1503 435 luntatis3
1547 391 1609 427 sed
1645 406 1733 429 cum
1764 395 2027 432 determinatio
2056 395 2260 433 voluntatis
2287 395 2437 432 nonnisi

1328 457 1396 495 per
1424 443 1583 494 gratiam
1613 442 1661 480 ab
1691 446 1887 485 intrinseco
1916 447 2108 486 efficacem
2140 448 2324 486 habeatur
2344 477 2355 494 ,
2398 455 2437 483 ut

1329 509 1443 547 supra
1471 496 1621 547 copiose
1653 497 1924 548 probavimus,
1955 502 2194 539 manifestum
2227 501 2267 538 fit
2287 531 2296 547 ,
2328 500 2374 537 ad
2395 513 2434 536 a·

1329 558 1431 586 ctum
1464 558 1602 600 praeter
1630 551 1789 600 gratiam
1810 552 2079 601 sufficientem,
2109 556 2221 591 etiam
2243 553 2437 591 efficacem

1330 603 1501 654 requiri,
1531 603 1698 653 adeoque
1715 601 1783 640 &c.
1815 604 1912 641 Hinc
1930 606 2149 657 intelligitur
2166 606 2262 644 illud
2279 606 2318 643 S.
2336 605 2439 642 ‘Pho-

1330 670 1405 694 mas
1436 655 1616 693 effatum:
1647 654 1780 704 Ipsum
1810 654 1951 693 bonum
1982 672 2093 696 usum
2121 665 2266 712 grtztioe
2296 671 2380 697 esse
2410 671 2438 695 a.

1330 709 1444 746 Deo.
1492 709 1602 746 Conf.
1633 708 1802 759 ejusdem
1833 709 1874 746 S.
1906 709 2065 747 Thomae
2096 712 2199 752 Lect.
2230 714 2295 752 111.
2325 725 2440 764 supra

1329 764 1426 814 Cap.
1448 762 1516 800 lX.
1547 763 1655 814 epist.
1685 762 1733 799 ad
1765 762 1872 800 Rom.

1387 815 1477 868 269.
1506 816 1704 866 Objiciunt
1734 817 1859 866 primo
1888 814 2003 853 simul
2024 815 2231 855 Molinistae
2249 848 2259 866 ,
2289 819 2323 854 &
2351 818 2442 856 Jan-

1330 870 1422 906 senii
1455 869 1625 919 partiarii
1671 868 1931 919 (Montaltius
1976 871 2082 920 epist.
2104 871 2151 906 tl.
2182 870 2227 908 ad
2255 870 2364 908 Prov.
2408 870 2442 906 8(

1330 922 1615 961 Wendrockius
1644 923 1684 959 iu
1707 931 1781 961 not.
1798 923 1837 971 ):
1869 921 1941 959 Vel
1972 924 2052 974 ipsa
2073 923 2235 960 nominis
2264 923 2445 974 etymolo-

1331 977 1392 1026 gia
1409 977 1494 1014 satis
1511 990 1579 1028 per
1594 990 1630 1012 se
1647 975 1815 1027 loquitur
1833 1006 1843 1023 ,
1875 975 1972 1013 illud
2002 982 2077 1013 esse
2095 975 2284 1013 sufficiens
2305 1005 2313 1022 ,
2345 989 2445 1027 prae-

1332 1038 1387 1067 ter
1416 1031 1517 1082 quod
1549 1028 1643 1067 nihil
1674 1029 1780 1066 aliud
1818 1029 2051 1067 desideratur
2073 1055 2083 1066 .
2123 1059 2148 1076 ,‚
2180 1028 2366 1066 Mulieres
2405 1042 2444 1065 o-

1335 1112 1360 1130 „
1391 1097 1496 1121 mnes
1517 1113 1527 1131 ,
1559 1082 1629 1119 hoc
1659 1090 1711 1120 est
1742 1084 1849 1120 totius
1878 1083 1982 1120 orbis
2011 1083 2173 1120 dimidia
2204 1096 2310 1134 pars,
2348 1082 2444 1120 auli-

1335 1165 1360 1184 „
1391 1137 1425 1174 ci
1444 1166 1454 1184 ,
1485 1150 1528 1174 ac
1559 1135 1739 1174 militares
1770 1137 1870 1183 viri,
1902 1136 2158 1187 magistratus,
2190 1150 2233 1173 ac
2263 1144 2337 1172 tota
2366 1143 2444 1172 tur·

1337 1219 1362 1237 „
1392 1189 1442 1227 ba
1471 1190 1655 1235 forensis;
1699 1199 1950 1237 mercatores,
1979 1189 2136 1241 opifices
2155 1219 2164 1236 ,
2195 1187 2367 1240 plebeii,
2399 1189 2446 1226 ad

1332 1272 1358 1291 „
1388 1252 1598 1280 extremum
1620 1272 1630 1290 ,
1660 1251 1798 1293 praeter
1816 1243 2104 1290 Dominicauos,
2136 1243 2303 1280 universi
2323 1241 2446 1279 homi-

1333 1325 1358 1345 „
1389 1310 1452 1333 nes
1481 1297 1519 1333 id
1547 1296 1702 1332 demum
1733 1295 1923 1333 sufficiens
1953 1295 2176 1347 appellant,
2215 1296 2255 1333 in
2284 1308 2361 1347 quo
2392 1296 2446 1333 in-

1333 1379 1359 1397 „
1390 1358 1475 1386 sunt
1504 1350 1635 1385 omnia
1664 1349 1876 1385 necessaria
1905 1348 1952 1384 ad
1980 1349 2169 1398 agendum
2199 1349 2221 1364 '²
2239 1375 2249 1386 .
2295 1348 2365 1385 Res
2396 1356 2447 1385 et·-

1330 1403 1407 1438 iam
1439 1400 1614 1451 exemplo
1646 1399 1826 1437 illustrari
1850 1409 1992 1451 potest.
2023 1400 2063 1437 Si
2085 1414 2128 1436 ex
2146 1401 2343 1436 duodecim
2367 1401 2446 1437 suf-

1330 1455 1462 1505 fragiis
1492 1454 1538 1491 ad
1569 1454 1792 1491 canonicam
1823 1452 2044 1490 electionem
2068 1453 2287 1504 necessariis
2308 1452 2449 1504 aliquis

1331 1508 1479 1545 nonnisi
1510 1507 1641 1544 decem
1664 1505 1845 1554 haberet,
1877 1521 1973 1544 aune
1997 1506 2070 1543 dici
2091 1515 2235 1557 posset,
2264 1519 2351 1542 eum
2369 1506 2448 1543 suf—⁴

1334 1561 1502 1598 ficientia
1531 1560 1712 1611 suffragia
1742 1561 1788 1597 ad
1819 1560 2043 1599 electionem
2076 1558 2244 1597 habere?
2283 1572 2370 1610 ergo
2399 1560 2447 1598 si-

1333 1613 1478 1652 militer
1508 1613 1578 1651 ἃς.

1389 1681 1481 1718 270.
1513 1666 1557 1704 R.
1588 1667 1845 1714 Quaestionem
1877 1667 1972 1704 hanc
2014 1681 2090 1704 esse
2119 1667 2165 1705 de
2194 1668 2375 1715 nomine,
2414 1665 2448 1703 8:

1334 1720 1446 1772 plane
1473 1720 1799 1772 grammaticalem
1819 1751 1829 1769 ,
1860 1723 1899 1759 in
1929 1735 2003 1773 qua
2033 1735 2108 1758 non
2139 1731 2190 1758 est
2218 1734 2343 1772 operae
2362 1733 2447 1768 pre-

1333 1776 1429 1812 tium
1459 1773 1586 1811 oleum
1605 1804 1615 1821 ,
1646 1773 1679 1809 8t
1709 1788 1862 1825 operam
1895 1775 2079 1826 perdere.
2110 1775 2193 1812 Non
2222 1775 2445 1820 defuerunt,

1333 1829 1507 1866 Lemosio
1536 1836 1623 1865 teste
1667 1829 1737 1879 (in
1766 1827 1933 1875 Panopl.
1962 1836 2069 1878 grat.
2099 1828 2148 1865 T.
2170 1826 2237 1863 IV.
2268 1826 2356 1864 Lib.
2378 1825 2448 1863 lV.

1332 1880 1373 1918 P.
1396 1883 1442 1918 ll.
1473 1882 1603 1919 Tract.
1625 1882 1689 1918 Ill.
1722 1896 1805 1932 cap.
1832 1883 1894 1928 ρ.)
1913 1912 1922 1928 ,
1968 1880 2089 1932 aliqui
2121 1881 2170 1917 D.
2199 1879 2360 1917 Thomae
2390 1879 2446 1916 di-

1332 1934 1499 1986 scipuli,
1529 1936 1596 1985 qui
1627 1936 1752 1971 minus
1781 1948 1943 1985 congrue
1972 1935 2157 1985 gratiam,
2187 1933 2233 1970 de
2261 1947 2337 1986 qua
2367 1932 2447 1982 agi-

1334 2002 1444 2035 mus,
1487 1987 1746 2035 sufficientem
1786 1987 1972 2041 appellari
2012 1987 2183 2025 arbitrati
2222 1996 2329 2024 sunt.
2373 1985 2447 2023 Sed

1332 2041 1520 2093 quidquid
1551 2051 1628 2088 est,
1661 2043 1698 2079 in
1728 2050 1855 2090 recto,
1886 2055 2049 2092 sanoque
2079 2055 2183 2078 seusu
2214 2039 2297 2077 haec
2327 2040 2448 2090 gratia

1334 2096 1472 2132 dicitur
1502 2096 1540 2132 in
1570 2109 1636 2132 suo
1665 2109 1798 2146 genere
1821 2125 1831 2143 ,
1873 2095 2100 2143 sufficiens,
2144 2093 2286 2131 scilicet
2316 2095 2353 2129 in
2383 2106 2446 2143 ge-

1332 2162 1423 2186 nere
1452 2150 1656 2201 potentiae,
1694 2162 1810 2201 quam
1854 2148 2112 2200 completam,
2155 2147 2188 2183 &
2232 2146 2446 2198 expeditam

1333 2202 1380 2239 ad
1411 2203 1497 2253 pie,
1528 2202 1562 2238 8(
1592 2201 1806 2240 salutariter
1825 2203 2058 2253 operandum
2082 2202 2196 2238 facit:
2224 2212 2447 2251 quanquam

1333 2256 1525 2293 sufficiens
1555 2270 1629 2293 non
1659 2256 1806 2292 dicatur
1825 2266 1993 2306 respectu
2009 2263 2138 2300 actus,
2163 2253 2210 2290 adv
2231 2266 2344 2304 quem
2363 2264 2449 2302 pro-

1332 2310 1550 2347 ducendum
1581 2309 1844 2345 determinatio
1873 2307 2071 2345 voluntatis
2092 2307 2326 2358 requiritur,
2356 2319 2446 2356 qua:

1332 2365 1412 2400 siue
1442 2365 1562 2414 gratia
1592 2361 1738 2398 efficaci
1770 2374 1843 2397 uon
1875 2360 2058 2398 habetur.

1390 2416 1480 2455 281.
1514 2415 1668 2452 Frustra
1698 2427 1785 2452 vero
1806 2415 1852 2451 ad
1873 2415 2075 2462 mulieres,
2104 2411 2247 2451 aulicos
2265 2442 2274 2460 ,
2304 2411 2448 2450 milita-

1333 2483 1418 2518 res,
1449 2468 1633 2520 aliudque
1663 2470 1867 2521 profanum
1898 2468 2033 2520 vulgus
2055 2479 2329 2520 provocamur,
2358 2479 2447 2504 cum

1334 2537 1389 2561 res
1419 2523 1526 2561 nobis
1555 2524 1600 2559 sit
1629 2536 1717 2559 cum
1750 2520 1972 2573 Theologis,
2003 2523 2069 2573 qui
2100 2521 2312 2571 saepissime
2341 2533 2447 2570 spre-

1333 2585 1369 2614 ta
1399 2577 1751 2614 Grammaticorum
1782 2574 1904 2612 ferula
1923 2604 1933 2621 ,
1963 2573 2081 2611 aliam
2113 2580 2178 2609 net:
2199 2574 2447 2622 incongruam

1332 2630 1459 2668 venhis
1489 2629 1804 2680 significationem
1835 2628 2014 2677 adaptare
2044 2626 2163 2663 coacti
2193 2633 2277 2661 sunt
2296 2654 2306 2672 ,
2339 2633 2377 2661 nt
2409 2626 2446 2661 in

1332 2685 1621 2736 praesentiarum
1653 2682 1858 2732 contingit.
1888 2681 1951 2716 Sic
1981 2678 2113 2716 oculus
2142 2692 2251 2716 sanus
2281 2679 2447 2729 potentia

1332 2737 1522 2775 sufficiens
1551 2737 1688 2774 dicitur
1718 2735 1764 2772 ad
1787 2733 2013 2780 videndum,
2045 2746 2133 2770 cum
2153 2741 2277 2768 tamen
2307 2730 2446 2768 adhoc

1334 2789 1431 2828 lucis
1463 2790 1693 2842 praesentia,
1737 2786 1983 2837 ejusdemque
2014 2786 2173 2836 aperitio
2204 2785 2446 2836 requiratur;

1332 2844 1365 2880 8(
1397 2854 1437 2881 ut
1466 2853 1637 2882 sexcenta
1657 2841 1733 2878 alia
1751 2840 1942 2876 omittam:
1974 2838 2099 2876 Passio
2119 2838 2258 2875 Christi
2290 2846 2329 2874 ut
2360 2849 2447 2874 mox

1331 2898 1563 2935 declaratum
1594 2896 1665 2933 fuit
1693 2907 1780 2930 cum
1811 2892 1850 2929 S.
1868 2891 2018 2929 Thoma
2049 2895 2173 2941 (num.
2196 2890 2339 2941 268.),
2367 2890 2446 2929 suf-

1331 2951 1463 2988 ficiens
1494 2951 1633 2987 dicitur
1663 2947 1710 2984 ad
1739 2945 1919 2992 salutem,
1951 2946 2129 2997 quamvis
2160 2944 2317 2982 ulterius
2348 2942 2447 2994 ejus-

1330 3005 1418 3041 dem
1448 3001 1656 3055 applicatio
1685 3013 1753 3050 per
1769 2999 2012 3036 Sacramenta
2034 3001 2242 3036 necessaria
2256 2999 2320 3035 sit.
2351 2997 2448 3032 Gra-

1332 3059 1384 3095 tia
1414 3058 1514 3094 enim
1546 3052 1753 3091 habitualis
1783 3053 1914 3090 tribuit
1945 3052 2041 3102 justo
2086 3054 2288 3103 potentiam
2318 3049 2442 3095 bene,

1332 3111 1364 3147 8(
1395 3108 1585 3147 meritorie
1614 3106 1816 3158 operandi,
1847 3121 1935 3142 cum
1966 3120 2043 3157 qua
2073 3115 2198 3142 tamen
2227 3102 2306 3141 sola
2333 3113 2448 3138 nemo

1332 3163 1452 3210 iustus
1472 3162 1569 3198 bene
1588 3167 1767 3210 operatur
1784 3185 1793 3195 .
1826 3159 2101 3197 Verumtamen
2118 3156 2300 3194 concludo
2315 3184 2325 3202 ,
2356 3168 2447 3192 cum

1331 3211 1371 3254 S.
1404 3217 1561 3266 August.
1606 3213 1694 3251 Lib.
1723 3226 1754 3249 ι.
1795 3223 1901 3250 cont.
1935 3211 2189 3250 ‹It-esconium
2231 3222 2316 3258 cap.
2354 3208 2449 3256 14,

1331 3283 1422 3307 cum
1453 3282 1516 3306 res
1546 3271 1631 3318 ipsa
1648 3266 1874 3318 intelligitur
1892 3297 1902 3314 ,
1934 3271 2066 3303 nunus
2082 3261 2346 3300 laborantium
2367 3270 2446 3309 est,

1331 3322 1420 3373 quid
1450 3335 1542 3360 eam
1574 3318 1790 3356 hominibus
1821 3333 1963 3357 <fucare
1990 3319 2208 3368 placuerit.
2240 3315 2285 3353 Et
2306 3316 2446 3352 iterum

1333 3377 1420 3414 Lib.
1442 3377 1471 3413 l.
1503 3374 1850 3411 Retractutionum
1879 3388 1967 3424 cap.
1992 3372 2052 3409 15.
2083 3369 2147 3408 De
2177 3367 2323 3416 serbis,
2354 3380 2447 3405 cum

2327 3433 2392 3458 res
