2562 3694
834 121 915 166 DE
949 120 1187 165 RITIBUS
1221 116 1663 164 MALABARICIS.

98 236 126 257 „
153 207 309 246 solemni
341 202 588 258 jurejurando
618 202 839 254 interposito
881 201 987 253 juxta
1030 201 1238 252 formulas

100 290 128 311 „
157 262 362 313 respective
391 257 650 310 prmscriptas.

158 315 246 354 138.
276 343 302 362 ,,
333 313 452 349 Hasce
481 310 686 348 Clementis
716 309 802 347 Xll.
834 309 975 347 litteras
1007 308 1094 346 aliae
1126 307 1215 346 sub-

98 397 124 417 „
153 377 290 407 secntae
319 366 405 403 sunl
431 378 562 402 earum
589 365 788 415 ‘regionum
814 362 1014 414 Episcopis
1045 361 1214 412 peculia-

95 450 122 470 „
152 421 241 457 riter
269 418 488 470 inscriptae,
518 417 660 470 quibus
691 416 790 454 idem
821 414 990 452 Pontifex
1008 444 1018 461 ,
1063 416 1096 450 ὃ(
1125 428 1214 452 con-

94 497 120 522 „
150 479 303 523 ceptum
331 475 462 510 animo
492 473 670 509 intimum
700 469 867 506 dolorem
897 468 946 504 ob
967 468 1135 505 nonduin
1166 470 1214 505 si-

93 553 121 574 „
150 525 189 563 bi
217 524 379 562 delatam
410 534 580 571 certam,
624 531 915 574 exoptatumque
959 523 1128 558 notitiam
1167 522 1212 558 ‹le

97 606 126 627 „
156 580 321 631 praestita
343 577 566 630 Apostolicis
584 576 767 614 mandatis
797 575 922 612 dvlffla
942 573 1184 612 observantia
1203 605 1213 622 ,

95 660 124 681 „
153 631 334 683 gravibus
363 631 489 669 verbis
517 631 722 683 patefecit,
752 628 786 664 &
817 628 1036 665 eorumdem
1060 628 1216 678 Episco-

93 711 120 733 „
151 697 288 736 porum
303 684 426 723 zelum
440 709 454 733 3
483 699 527 722 ac
546 683 780 735 Religionem
799 683 963 718 excitare
979 683 1126 719 curavit
1144 712 1152 728 ,
1177 692 1216 719 ut

93 767 121 786 „
152 739 224 789 ipsi
255 737 456 790 exemplO,
487 751 531 775 ac
558 736 756 787 diligentia
786 750 852 773 sua
883 744 1096 786 praeeuntes
1115 765 1125 783 ,
1156 749 1215 772 ce-

95 821 121 840 „
151 800 316 830 tei-orum
345 791 598 829 obedientiam
627 789 789 827 sollicite
820 798 1111 840 promoverent.
1142 789 1216 826 Ne-

95 874 123 893 „
152 858 228 896 que
256 856 346 883 vero
374 844 432 882 his
452 873 463 891 ,
492 845 670 896 quamvis
699 843 791 880 adeo
821 841 1014 880 enucleate
1045 844 1217 889 11111151·τί-

95 927 123 947 „
151 898 251 950 ptis,
280 897 392 948 plane
421 906 618 935 contentus
649 896 749 934 idem
768 895 944 934 Clemens
967 894 1004 932 l’.
1029 896 1115 933 Xll.
1145 896 1217 932 Sn-

98 978 126 1000 „
157 952 322 1002 periores
350 964 503 1003 qnoque
531 950 738 989 Generales
768 949 1056 988 Missionarium
1096 950 1134 986 in
1172 951 1224 986 O-

95 1031 122 1053 „
154 1003 376 1043 rienta'libus
394 1004 511 1042 lndiis
525 1004 890 1056 degentiiiiil.eortiiii
910 1003 1135 1054 praesertim,
1156 1005 1222 1054 qni

99 1086 127 1105 „
159 1066 197 1095 nt
228 1057 455 1109 Apostolicae
493 1057 581 1096 Sedi
620 1057 781 1094 relatum
819 1066 925 1103 erat,
967 1056 1223 1094 detrectabant

95 1139 124 1159 ‚‚
154 1109 278 1149 adhuc
293 1111 535 1163 obsequentis
549 1111 669 1148 animi
691 1124 777 1156 erga
799 1109 969 1160 ejusdem
985 1108 1093 1146 Sedis
1116 1124 1221 1148 insin-

93 1192 120 1212 „
149 1164 234 1202 daia
264 1173 364 1202 certa
392 1172 614 1215 argumenta
644 1162 853 1208 exhibere,
884 1164 1108 1208 adstrinxit,
1141 1177 1218 1201 eos-

92 1245 120 1265 „
149 1230 225 1268 qne
252 1216 324 1254 snb
353 1219 479 1269 poenis
507 1217 766 1267 suspensionis
794 1231 816 1254 a
837 1217 1006 1262 divinis,
1038 1217 1219 1268 privatio-

92 1296 120 1318 „
148 1270 211 1308 nis*
236 1270 340 1308 vocis
367 1271 504 1308 activae
522 1299 532 1317 ,
563 1269 598 1306 8:
620 1271 780 1322 passivae
799 1299 810 1317 ,
839 1269 1003 1321 aliisque
1031 1272 1218 1320 graviori-

93 1352 121 1371 „
149 1322 222 1361 bus
249 1322 410 1361 arbitrio
429 1336 497 1360 suo
516 1325 713 1361 reservatis
730 1353 739 1371 ,
769 1323 999 1375 Apostolicae
1017 1325 1130 1361 etiam
1152 1324 1220 1362 Se-

93 1404 121 1425 „
149 1377 206 1414 dis
236 1376 531 1427 indignationis,
561 1376 715 1415 formali
747 1387 967 1428 praecepm,
1010 1390 1129 1428 eoque
1159 1377 1220 1429 ju-

92 1458 119 1477 ,‚
149 1429 269 1470 ridice
297 1429 438 1468 indicto
465 1430 587 1481 adegit
615 1431 662 1469 ad
693 1431 979 1468 transmittenda
1001 1433 1077 1468 suis
1098 1445 1222 1483 respe—

92 1511 121 1531 „
149 1485 248 1521 ctive
287 1481 486 1535 Religiosis
529 1483 706 1535 exempla
739 1484 1041 1535 Apostolicarum
1076 1483 1219 1522 littera-

93 1564 120 1585 ,‚
149 1549 236 1573 rum
267 1551 288 1574 a
317 1550 353 1574 se
383 1547 471 1575 tunc
500 1537 716 1585 editarum,
760 1547 871 1588 atque
909 1537 955 1575 ad
986 1552 1117 1576 earum
1149 1552 1219 1590 pu-

92 1617 120 1638 „
150 1588 395 1628 blicationem
415 1620 425 1637 ‚
455 1588 490 1625 8:
521 1599 691 1627 exactam
709 1619 720 1637 ,
753 1591 940 1641 integram
959 1620 968 1637 ,
1013 1591 1219 1629 iuviolabi-

91 1670 120 1692 „
148 1640 304 1695 lemque
329 1642 612 1681 observantiam
643 1655 712 1694 pro
732 1643 879 1680 viribus
900 1645 1216 1695 praecipiendam,

91 1723 120 1746 „
149 1709 193 1733 ea
221 1694 306 1747 lege
330 1695 481 1734 addita:
508 1703 551 1734 ut
579 1696 610 1733 si
639 1694 781 1748 aliquis
811 1704 901 1732 esset
921 1695 1219 1744 Missionarius,

93 1777 122 1797 „
150 1751 218 1800 qui
249 1750 437 1788 mandatis
451 1748 726 1797 reluctaretur,
756 1757 820 1786 ant
850 1756 979 1787 contra
1011 1749 1135 1786 facere
1152 1763 1218 1786 au-

91 1830 119 1851 „
148 1801 278 1850 deret,
307 1801 468 1840 solemni
496 1804 620 1840 statim
651 1810 846 1854 praecepto
874 1815 942 1854 per
971 1801 1219 1853 Superiorem

90 1883 118 1902 ,‚
147 1855 379 1893 Generi-ilem
409 1864 603 1907 cogeretur
631 1855 775 1894 relictis
806 1855 1052 1894 missionibus
1082 1871 1102 1893 e
1131 1869 1218 1908 pro-

89 1937 116 1956 „
148 1910 273 1947 vincia
300 1909 508 1958 decedere,
537 1918 651 1961 atque
680 1910 718 1947 in
748 1909 942 1962 Europam
973 1911 1109 1948 reverti
1127 1936 1137 1947 .
1172 1910 1221 1947 Et

91 1990 117 2009 „
147 1975 193 1999 ne
223 1963 262 2000 in
294 1975 334 2000 re
362 1963 456 2001 adeo
488 1964 598 2015 gravi
638 1964 864 2001 intentatum
908 1961 1065 2014 aliquod
1099 1976 1220 2000 reme-

94 2043 121 2063 „
151 2015 258 2054 diunt
290 2016 590 2070 relinqueretur,
631 2017 838 2054 terminum
876 2029 1062 2053 annorum
1101 2016 1220 2053 trium

90 2095 119 2117 „
148 2070 363 2119 constituit,
383 2072 484 2109 intra
503 2084 619 2122 quem
640 2070 862 2121 Superiores
884 2068 1088 2108 Generales
1118 2082 1217 2120 prae-

96 2150 124 2170 2,
153 2122 248 2161 dicti
275 2131 492 2162 tenerentur
514 2124 647 2169 certis,
676 2122 981 2173 authenticisque
1009 2122 1215 2160 documen-

92 2201 120 2223 „
150 2176 196 2213 tis
215 2175 306 2215 Sedi
326 2175 556 2227 Apostolicae
590 2174 773 2227 plenam,
803 2184 916 2227 atque
946 2176 1131 2226 integram
1153 2176 1217 2213 de·

91 2257 118 2277 ,‚
146 2237 362 2278 cretorum,
392 2228 684 2280 litterarumque
701 2228 982 2268 observantiam
1004 2229 1219 2269 indubitate

93 2308 121 2329 ‚,
151 2281 314 2332 probare
334 2281 406 2319 ἃς.
428 2283 448 2297 ”

147 2335 240 2387 239.
269 2333 340 2374 His
360 2336 498 2382 mediis
518 2336 640 2375 adacti
658 2366 669 2385 ,
700 2335 869 2374 maxime
889 2345 1015 2374 autem
1035 2335 1110 2375 Dei
1130 2350 1217 2389 gra-

91 2387 147 2426 tia
174 2398 374 2440 operante,
401 2389 714 2443 obtemperarunt
734 2389 885 2428 tandem
906 2403 1035 2429 omnes
1057 2389 1216 2442 Episco-

91 2442 157 2493 pi,
200 2441 235 2479 δε
265 2441 499 2482 Missionarii
519 2473 529 2491 ,
573 2442 607 2480 St
636 2442 850 2493 juramento
877 2444 1099 2495 interposito
1127 2458 1215 2482 exa-

90 2503 215 2544 ctam,
251 2496 461 2549 integram,
504 2495 852 2550 inviolabilemque
880 2497 1117 2536 decretorum
1147 2498 1215 2537 ob-

89 2549 324 2588 servantiam
354 2550 637 2602 promisernnt.
669 2549 763 2589 Tria
791 2551 972 2589 duntaxat
998 2565 1020 2588 a
1049 2551 1214 2590 Benedi-

90 2610 151 2639 oto
170 2602 280 2641 XlV.
298 2633 310 2652 ,
338 2603 542 2643 Clementis
571 2617 809 2653 successore,
839 2605 1100 2656 postularunt,
1135 2609 1213 2656 pri-

89 2667 183 2704 mo,
227 2665 267 2695 ut
295 2658 336 2695 in
367 2666 558 2709 posterum
587 2667 637 2696 tot
664 2657 968 2710 juramentorum
987 2689 996 2707 ,
1039 2672 1215 2698 censura-

86 2718 254 2762 rumque
282 2723 393 2749 onere
421 2712 728 2759 sublevarentur,
757 2711 901 2764 quibus
929 2712 1033 2750 velut
1062 2713 1214 2751 inextri-

87 2760 282 2802 cabilibus
310 2763 457 2816 laqueis
484 2779 572 2804 suas
598 2766 845 2804 conscientias
882 2765 1022 2812 vinciri
1051 2779 1216 2818 conque-

85 2813 270 2854 rebantur
286 2842 297 2855 .
325 2816 508 2858 Secundo
524 2851 534 2868 ,
566 2827 606 2858 ut
633 2819 862 2871 dispensatio
881 2818 976 2858 alias
995 2833 1018 2857 a
1037 2819 1216 2867 Clemen-

88 2875 124 2904 te
153 2866 243 2907 XII.
272 2880 446 2912 concessa
473 2886 588 2926 snper
615 2872 772 2921 salivae,
802 2881 917 2925 atque
948 2872 1215 2912 insufflationis

88 2933 161 2959 usu
181 2922 221 2961 in
242 2921 425 3012 Baqtismi
446 2926 773 2966 administratione
795 2936 1060 2979 prorogaretur
1079 2952 1090 2964 .
1122 2924 1215 2963 Ter-

89 2977 166 3022 tio,
196 2984 239 3014 ut
267 2989 307 3014 sa
327 2978 380 3015 nti
399 2976 628 3028 Parcarum,
657 2994 722 3018 seu
752 2979 980 3029 ignobilium
1011 2980 1214 3018 hominnm

92 3029 114 3077 (·
125 3027 273 3068 nobiles
302 3029 492 3082 appellari
520 3032 635 3071 solent
655 3033 965 3083 Brachmanes)
997 3034 1214 3086 providere-

88 3089 181 3137 tur,
223 3096 298 3121 non
327 3084 514 3136 adigendo
541 3098 665 3138 sacros
691 3087 896 3137 operarios
924 3088 972 3125 ad
1002 3088 1214 3133 ingredien-

87 3132 182 3173 dum
213 3137 251 3175 iu
279 3150 412 3176 eorum
440 3137 593 3187 domos,
623 3139 686 3177 sed
715 3139 795 3178 alia
813 3141 982 3177 ratione:
1013 3150 1133 3191 utque
1163 3154 1214 3178 eiz

92 3191 340 3235 potissimum
358 3221 369 3239 ,
399 3205 521 3243 quam
551 3195 623 3241 Ipsi
651 3196 779 3243 primo
799 3192 1042 3230 induxerunt
1064 3219 1120 3231 ....
1150 3193 1214 3231 ob-

91 3247 204 3278 tentu
230 3243 394 3283 verbalis
422 3244 633 3298 cujuslrzm
672 3245 982 3293 decimationis,
1023 3259 1146 3295 quam
1183 3251 1214 3284 ι’-

93 3295 174 3345 psis
201 3306 293 3334 suus
321 3298 563 3338 Missionum
593 3299 832 3336 Procurator
859 3298 1157 3351 significaverat
1176 3326 1188 3337 .

152 3346 242 3394 ¹40·
271 3348 330 3389 Ad
357 3355 529 3404 primum
557 3355 860 3406 sapientissimus
889 3353 1063 3397 Pontifex
1090 3365 1215 3405 nega·

2268 124 2347 165 155

1281 205 1354 238 tls-e
1384 200 1595 248 respondit:
1635 201 1753 237 immo
1781 200 1814 237 8<
1845 198 2129 250 juramentum,
2161 199 2194 237 8<
2224 212 2403 238 censuras

1281 266 1409 291 omnes
1432 253 1567 289 iteruin
1586 254 1846 301 confirmavit,
1879 256 2074 306 inquiens:
2107 285 2131 302 „
2157 255 2406 292 Animadver-

1339 301 1473 354 teiites,
1491 306 1706 357 impositam
1725 307 1969 356 jurisjurandi
1991 309 2109 358 legum
2132 322 2208 345 esse
2230 308 2330 344 velut
2346 321 2403 344 sa·-

1342 359 1598 397 lnberrimum
1621 360 1828 396 antidotum
1847 389 1856 406 ,
1888 363 2137 412 extinguendo
2164 361 2404 411 gliscentium

1341 412 1492 459 litium,
1519 413 1870 463 discordiarumque
1893 426 2033 451 veneno
2051 445 2061 461 ,
2091 417 2407 467 aptissimumque

1339 468 1384 503 ad
1415 465 1668 504 cohibendam
1687 465 1878 503 licentiam
1897 494 1906 512 ,
1939 466 2229 520 litio-rtateinque
2246 470 2407 519 opinan-

1340 521 1406 566 di,
1441 519 1732 571 interpretandi,
1774 520 1904 569 ageni!
1939 520 2100 571 denique
2131 535 2198 570 pro
2227 522 2335 558 libito
2366 521 2405 558 111

1343 586 1383 608 re
1412 582 1488 610 tam
1517 575 1652 624 gravi,
1695 573 1729 609 &
1767 571 1978 624 periculosa
2021 574 2185 610 lroenum
2217 576 2400 621 existere,

1341 626 1526 663 Censuras
1555 640 1706 678 qnoque
1733 640 1757 664 a
1788 625 1968 676 praedicto
1987 624 2177 662 Clemente
2200 627 2284 664 ΧΗ.
2308 640 2406 678 prae-

1322 680 1534 717 'decessore
1563 690 1684 717 nostro
1713 681 1754 718 in
1783 679 1996 717 enunciatis
2026 677 2157 716 litteris
2188 679 2406 729 incipienti-

1343 733 1413 770 bus
1447 731 1685 771 Concreilzca
1714 732 1820 770 nobis
1851 734 2067 770 constitutas
2110 731 2156 768 ad
2186 731 2281 768 solos
2310 734 2408 770 dun-

1345 795 1444 823 taxat
1475 788 1663 838 pertinere
1693 786 1922 838 Apostolicae
1954 785 2046 837 legis
2067 815 2077 833 ,
2109 794 2409 837 praeceptoruin·

1342 854 1418 891 qne
1447 840 1671 887 violatores,
1700 840 1927 892 easdemque
1956 841 1994 876 in
2026 838 2242 890 hujusmodi
2265 847 2411 876 tantuin

1292 924 1318 943 „
1349 893 1612 940 refractarios,
1651 906 1813 945 quorum
1845 895 1994 931 animos
2023 905 2145 945 neque
2175 892 2412 930 Ecclesiasti-

1293 976 1319 996 „
1349 960 1405 984 cae
1436 948 1734 984 mansuetudinis
1762 948 1910 994 officia,
1941 960 2066 998 neque
2095 945 2261 998 p‘aternae
2282 947 2412 984 adino-

1351 1000 1503 1037 nitionis
1534 1000 1696 1038 charitas
1740 1002 1919 1047 vincere,
1963 1011 2027 1037 ant
2069 999 2263 1037 inflectere
2304 999 2414 1037 nullo

1352 1053 1461 1090 modo
1491 1062 1663 1105 possent,
1694 1053 1939 1106 justissimam
1970 1067 2126 1104 poenain
2149 1067 2245 1101 esse,
2277 1052 2310 1089 8<
2333 1054 2414 1091 sore

1347 1117 1588 1159 reputantes,
1619 1120 1689 1145 non
1717 1107 1838 1144 solum
1871 1109 2166 1158 inopportunum
2183 1109 2413 1155 censuimus,

1345 1160 1616 1211 jusjurandum
1648 1161 1781 1212 aliqua
1812 1163 1849 1198 in
1881 1171 1983 1211 parte
2006 1163 2214 1208 remittere,
2246 1170 2309 1197 ant
2331 1173 2412 1197 mo-

1343 1215 1468 1251 derari
1499 1227 1700 1261 censuras,
1743 1215 1844 1265 qnod
1875 1216 2002 1266 primo
2030 1214 2101 1252 suit
2130 1213 2179 1252 ab
2215 1212 2292 1251 illis
2322 1226 2410 1266 pro-

1348 1270 1533 1318 positum:
1564 1281 1697 1306 verum
1728 1269 1842 1305 etiam
1864 1293 1920 1304 ....
1963 1267 2009 1304 de
2040 1266 2280 1318 plenitudine
2308 1277 2409 1319 pote-

1288 1351 1314 1369 „
1345 1323 1446 1359 statis
1475 1335 1497 1358 a
1526 1321 1607 1359 Deo
1645 1320 1752 1358 nobis
1781 1321 2032 1368 concreditae,
2076 1319 2173 1358 illud
2192 1351 2202 1368 ‚
2247 1320 2412 1372 illasque

1290 1403 1315 1423 „
1345 1375 1574 1426 probamus,
1605 1374 1907 1422 confirmamus,
1938 1373 1971 1409 ἃ
2000 1375 2226 1412 innovamus
2248 1373 2317 1411 Sto.
2336 1374 2356 1387 ''

1349 1427 1434 1472 141.
1468 1429 1523 1465 Ad
1552 1427 1771 1465 secundum
1802 1429 1926 1479 primo
1954 1436 2180 1478 conquestus
2209 1437 2282 1474 est,
2315 1427 2412 1465 Mis-

1287 1482 1469 1519 sionarios
1500 1482 1668 1519 nonduin
1701 1483 1786 1519 satis
1807 1495 1958 1520 curasse
1978 1480 2300 1533 aNeopliytoruin
2331 1483 2412 1519 ani—

1288 1536 1360 1571 mis
1390 1548 1472 1572 eain
1495 1537 1727 1572 aversionem
1750 1536 1956 1583 eraolicire,
1985 1548 2101 1586 quam
2123 1549 2207 1585 erga
2230 1534 2414 1581 silivam,

1288 1588 1321 1624 δε
1351 1588 1563 1626 anhelitum
1595 1590 1675 1626 sine
1707 1588 1784 1626 nlla
1814 1603 1926 1627 cansa
1959 1588 2117 1625 liabent:
2147 1588 2284 1625 deinde
2314 1602 2414 1637 aegre

1287 1642 1436 1678 tandem
1467 1643 1513 1679 ad
1544 1642 1642 1680 lianc
1681 1643 2000 1692 dispensationem
2044 1642 2092 1678 ad
2134 1640 2240 1678 aliud
2276 1641 2413 1678 dec-‘’n-

1286 1696 1396 1731 nium
1428 1695 1702 1745 prorogandam
1733 1697 1945 1741 consensit,
1974 1695 2136 1731 oneratis
2165 1704 2289 1731 tamen
2319 1693 2415 1731 Mis-

1287 1748 1538 1784 sionariorum
1568 1748 1837 1794 conscientiis,
1882 1753 1922 1783 nt
1952 1760 1995 1783 ea
2033 1748 2175 1784 nonnisi
2213 1748 2319 1798 gravi
2351 1760 2414 1783 ur-

1287 1810 1394 1850 gente
1423 1800 1640 1837 necessitate
1661 1808 1868 1838 uterentur:
1900 1799 2088 1837 Volumus
2115 1809 2264 1848 autem,
2293 1804 2420 1851 inquit

1290 1883 1316 1901 „
1346 1858 1624 1891 sanctissimus
1656 1851 1871 1903 Pontifex,
1909 1862 2025 1906 atque
2065 1853 2245 1891 omnibns
2273 1853 2307 1889 8<
2337 1856 2414 1891 sin-

1291 1935 1317 1954 „
1345 1906 1440 1956 gulis
1473 1906 1742 1957 praedictorum
1774 1919 1970 1955 regnorum
2004 1906 2223 1957 Episcopis,
2254 1906 2288 1941 8(
2318 1907 2414 1945 Mis-

1290 1988 1317 2008 „
1347 1960 1549 2006 sionariis,
1582 1959 1619 1996 in
1651 1961 1790 1997 virtute
1819 1959 1859 1996 S.
1879 1960 2107 1997 obedientiae
2140 1960 2411 2011 prsecipimns,

1289 2041 1316 2061 „
1348 2021 1384 2049 nt
1415 2011 1448 2047 8(
1478 2012 1747 2050 communibus
1781 2013 1939 2060 studiis,
1982 2022 2095 2065 atque
2136 2012 2331 2061 consiliis,
2374 2014 2410 2050 δε

1287 2095 1314 2114 ,,
1345 2064 1480 2117 singuli
1513 2079 1581 2117 pro
1611 2066 1716 2104 virili
1748 2075 1853 2118 parte
1883 2068 1982 2104 intra
2012 2065 2247 2118 praefinitum
2276 2067 2412 2106 decen-

1286 2148 1313 2169 „
1344 2120 1399 2156 nii
1419 2127 1577 2170 ,tempus
1605 2119 1785 2157 omnibus
1815 2119 1983 2168 viribus,
2025 2121 2232 2172 nervisque
2259 2130 2411 2158 conten-

1287 2203 1313 2222 „
1343 2173 1457 2221 dant,
1488 2181 1528 2211 ut
1556 2173 1880 2225 quemadmodum
1912 2174 2035 2212 suerat
2064 2174 2205 2212 eisdem
2227 2189 2248 2212 a
2269 2173 2309 2212 S.
2331 2188 2412 2212 me-

1287 2257 1313 2277 „
1343 2227 1476 2264 moriae
1507 2228 1782 2279 praedecessore
1811 2236 1933 2265 nostro
1961 2230 2220 2280 imperatum,
2250 2240 2324 2266 non
2355 2230 2414 2266 in-

1288 2311 1315 2330 „
1344 2282 1524 2319 termissis
1552 2279 1752 2319 laboribus
1779 2280 1927 2319 assidue
1954 2290 2115 2328 curent,
2159 2290 2199 2319 ut
2242 2294 2287 2319 ex
2327 2280 2414 2319 illa—

1344 2347 1429 2371 rum
1459 2335 1629 2385 gentium
1659 2335 1800 2373 animis
1830 2347 2003 2372 errorum
2024 2335 2189 2373 tenebrae
2207 2365 2218 2383 ,
2249 2334 2411 2373 malesa-

1342 2401 1480 2439 naeque
1508 2390 1733 2439 opiniones,
1763 2387 1905 2440 quibus
1924 2388 2193 2437 obcaecantur,
2224 2388 2257 2424 &
2279 2391 2411 2426 miser-

1343 2444 1438 2479 rime
1467 2441 1702 2490 detinentur,
1732 2443 1881 2493 penitus
1909 2442 2115 2490 discussae,
2154 2456 2197 2480 ac
2228 2441 2410 2478 radicitus

1340 2495 1484 2532 evulsae
1515 2494 1788 2534 eliminentur.
1833 2495 1884 2533 Ut
1912 2508 2002 2533 vero
2031 2494 2220 2534 indultum
2239 2523 2250 2541 ,
2279 2507 2410 2545 proro-

1338 2557 1546 2602 gatumque
1574 2564 1596 2588 a
1624 2549 1732 2588 nohis
1750 2558 1911 2600 tempus
1944 2549 2189 2587 sanctissimis
2219 2546 2409 2586 Romanae

1339 2601 1522 2641 Ecclesiae
1553 2604 1793 2642 eaeremoniis
1823 2601 2041 2654 praedictis,
2085 2615 2173 2654 qnae
2209 2600 2356 2638 tamdiu
2385 2615 2410 2639 a

1339 2656 1438 2694 Sede
1466 2657 1688 2710 Apostolica
1717 2656 1989 2695 commendatae
2007 2685 2017 2702 ,
2061 2665 2174 2707 atque
2201 2652 2409 2692 inculcata

1342 2710 1521 2760 suerunt,
1552 2711 1704 2749 facilius
1732 2709 1832 2761 apud
1862 2710 2031 2747 nationes
2061 2707 2146 2746 illas
2175 2707 2417 2746 insinuandis·

1340 2778 1428 2802 vere
1457 2765 1668 2811 conducat,
1700 2772 1813 2814 utque
1844 2761 1999 2799 ulterior
2019 2760 2240 2812 hujusmodi
2261 2761 2408 2798 rituum

1343 2819 1612 2869 praetermissio
1642 2820 1790 2867 (qnam
1820 2824 1944 2852 tamen
1976 2826 2078 2853 extra
2110 2826 2215 2852 veros
2243 2815 2406 2852 necessi-

1341 2873 1424 2909 tatis
1452 2885 1560 2909 casus
1590 2879 1627 2907 ut
1658 2883 1772 2921 snpra
1801 2868 2020 2906 nullatenus
2059 2879 2273 2906 concessam
2292 2897 2303 2916 ‚
2341 2876 2407 2905 aut

1342 2923 1487 2962 licitam
1519 2937 1621 2971 esse,
1652 2924 1789 2960 iterum
1819 2920 2124 2968 declaramus),
2169 2919 2311 2958 alendis
2340 2933 2407 2972 po-

1341 2978 1522 3029 pulorum
1544 2975 1736 3013 erroribus
1753 3005 1763 3023 ,
1793 2984 1907 3027 atque
1926 2973 2218 3012 difficultatibus
2238 3004 2248 3022 ,
2269 2987 2407 3024 angen-

1340 3031 1425 3079 dis,
1455 3029 1802 3080 confirmandisque
1831 3042 1961 3066 ansam
1990 3040 2064 3066 non
2091 3027 2288 3080 praebeat,
2319 3027 2405 3064 uni-

1341 3085 1454 3122 versis
1481 3084 1653 3135 gentium
1683 3081 1839 3119 illarum
1869 3081 2095 3133 Episcopis,
2138 3081 2171 3117 δε
2202 3079 2405 3118 Missiona-

1283 3166 1308 3184 „
1340 3138 1406 3174 riis
1436 3137 1628 3188 praedictis
1658 3143 1788 3173 notum
1820 3149 1896 3173 esse
1925 3134 2128 3182 volumus,
2173 3133 2245 3170 hoc
2274 3141 2404 3170 exacto

1283 3219 1309 3237 „
1339 3190 1522 3228 decennio
1542 3188 1658 3227 nullis
1673 3197 1734 3226 ant
1757 3189 1957 3240 precibus,
1986 3198 2049 3226 aut
2066 3185 2287 3232 rationibus,
2315 3198 2405 3236 quae

1285 3272 1311 3291 „
1344 3245 1507 3294 porrigi,
1538 3243 1779 3294 proferrique
1810 3255 1979 3296 unquam
2001 3248 2171 3293 possent,
2202 3238 2320 3277 aliam
2339 3238 2404 3276 de-

1285 3326 1311 3345 „
1343 3309 1417 3332 nuo
1447 3297 1751 3348 prorogationem
1779 3309 1998 3335 concessum
2028 3296 2075 3332 iri
2092 3293 2135 3318 ’'-

1344 3349 1431 3396 ¹42·
1462 3350 1522 3389 Ad
1549 3353 1736 3400 tertium,
1777 3349 1990 3392 observavit
2019 3347 2144 3399 primo
2171 3341 2325 3433 uullulm
2353 3342 2404 3388 il.

2294 3408 2354 3435 ius

1284 337 1309 356 3>

1284 391 1310 409 θ’

1283 443 1309 462 ’³

1284 494 1309 515 3)

1284 550 1311 568 5>

1286 603 1312 622 >7

1286 656 1311 674 7>

1286 711 1312 729 ,Ἰ

1286 763 1312 782 2)

1287 816 1313 837 2>

1287 870 1313 890 ’2

1295 1030 1320 1049 2³

1292 1084 1318 1103 >7

1291 1137 1316 1156 2>

1289 1191 1315 1209 Ἡ

1289 1242 1314 1262 2)

1289 1298 1316 1316 Ξ)

1286 2364 1311 2384 22

1285 2418 1311 2438 2>

1285 2471 1311 2492 ³9

1284 2525 1310 2547 3)

1282 2579 1309 2600 ’5

1283 2634 1310 2652 2)

1284 2687 1309 2707 2>

1284 2741 1311 2760 2>

1284 2794 1310 2813 9)

1283 2847 1310 2867 5)

1284 2901 1310 2919 27

1284 2954 1310 2973 >2

1283 3006 1310 3026 ,ἲ

1283 3060 1310 3078 2>

1284 3113 1309 3131 θ’
