2570 3745
177 136 197 163 1
215 124 264 175 75

171 199 262 236 518.
292 195 472 247 Magister
491 193 770 233 Sententiarum
785 195 874 233 Lib.
898 196 943 232 ll.
962 194 1059 232 Dist.
1078 191 1224 230 XXlV.

110 252 222 296 vult,
255 250 349 286 illud
378 249 610 297 adjutorium
641 249 754 285 fuisse
783 248 1046 294 „libertatem
1075 246 1223 283 arbitrii

112 332 142 351 „
172 302 220 340 ab
249 302 352 339 omni
381 300 494 349 labe,
539 302 571 337 ἃ
608 300 822 354 corruptela
861 301 1040 338 immunis
1060 329 1071 346 ,
1113 307 1224 348 atque

112 384 141 403 „
171 354 372 392 voluntatis
396 355 663 393 rectitudinem
685 384 696 402 ,
727 355 759 389 ἀ
788 356 961 391 omnium
991 351 1223 390 naturalium

113 436 142 455 „
174 409 427 459 potentia-rum
457 409 599 447 animae
630 409 909 454 sinceritatem,
940 416 1051 458 atque
1082 403 1224 442 vivaci-

109 488 139 509 „
168 471 279 498 tatem
296 461 340 499 '’·
370 461 482 509 Quod
512 471 636 499 tamen
665 476 742 498 esse
759 470 892 512 praeter
912 458 1110 508 Augustini
1138 469 1220 492 sen-

111 515 296 562 tentiam,
333 524 433 553 recte
461 515 635 553 observat
663 514 815 558 Esuris,
859 512 1085 562 Augustinus
1115 510 1218 545 enim

110 566 210 604 illud
238 567 428 606 auxilium
461 571 563 620 ponit
592 569 784 604 diversum
815 575 894 602 tum
922 580 944 600 a
973 564 1093 613 gratia
1113 575 1219 598 crea-

108 621 249 667 tionis,
279 630 359 658 tum
390 636 411 657 a
441 623 613 671 potentiis
644 620 896 668 incorruptis,
935 625 1045 666 atque
1074 615 1123 652 ab
1154 613 1220 651 illa

111 673 323 724 integritate
345 703 355 719 ,
385 687 501 726 quam
532 672 714 723 Magister
743 676 1039 707 commemorat„

167 727 256 777 5¹0·
289 727 386 764 liud.
417 725 563 763 Mol-ina
593 727 628 762 in
661 720 881 760 Concordia
911 719 1221 771 Disput·4.Bel-

108 769 297 816 larmi‘nm
327 778 555 816 DeGrcztc'tz,
582 780 699 827 primi
728 774 923 822 hominis,
953 774 1099 825 aliique
1121 773 1220 824 ejus-

109 831 196 868 dem
217 830 389 878 Scholae,
419 831 652 881 adjutorium
683 832 767 866 sine
795 841 872 878 quo
903 840 983 865 non
1014 826 1074 864 vel
1106 828 1144 864 in
1164 839 1220 863 so-

108 882 147 921 la
175 886 295 935 gratia
327 883 512 921 habituali
541 881 765 918 collocatum
783 910 794 928 ,
825 880 884 917 vel
907 881 1046 932 partim
1077 881 1116 917 in
1136 893 1220 931 gra-

107 938 200 974 tiam
232 935 446 982 habituali,
484 935 625 987 partim
655 935 694 972 in
725 947 910 972 concursu
944 934 1015 971 Dei
1045 933 1219 971 simulta-

107 1003 174 1028 nee
204 990 453 1040 cooperantis;
481 1001 597 1040 quem
628 995 754 1025 tamen
783 1000 1009 1024 concursum
1029 988 1135 1037 operi
1156 1000 1217 1023 su-

107 1041 338 1095 pernaturali
369 1042 691 1093 proportionatum
710 1055 787 1078 esse
802 1040 1007 1078 dicebant.
1037 1040 1109 1078 Sed
1133 1039 1215 1077 haec

104 1108 256 1145 quoque
286 1095 467 1132 sentent-ia
508 1109 530 1133 a
571 1094 742 1132 doctrina
772 1094 812 1132 S.
845 1093 1046 1145 Augustini
1083 1092 1216 1145 procul

103 1148 233 1193 abest3
263 1161 348 1185 nam
379 1148 633 1186 sanctissimus
649 1148 788 1185 Doctor
810 1156 948 1200 praeter
966 1147 1126 1199 gratiam
1151 1146 1217 1184 ha-

103 1199 288 1238 bitualem
306 1231 317 1248 ,
348 1202 386 1238 in
416 1215 493 1253 qua
523 1201 686 1252 Angelos
707 1230 718 1249 ,
761 1201 795 1237 δε
827 1199 996 1238 homines
1025 1210 1167 1238 creatos
1196 1216 1218 1238 a

103 1253 186 1292 Deo
217 1254 329 1291 fuisse
357 1254 491 1303 docet,
521 1254 639 1292 aliam
668 1255 854 1305 gratiani,
891 1268 955 1291 seu
985 1252 1218 1304 adjutorium

104 1307 158 1344 eis
188 1308 442 1345 necessarium
474 1322 550 1346 esse
579 1307 760 1355 volebat,
803 1308 905 1360 quod
942 1308 971 1345 si
1007 1307 1219 1355 defuisset,

103 1361 153 1398 al)
184 1361 266 1412 ipsa
296 1362 415 1413 gratia
442 1360 632 1399 ‘habituali
663 1363 743 1399 sine
771 1374 903 1398 eorum
923 1360 1039 1412 culpa
1059 1361 1219 1397 decidis-

103 1423 204 1450 sent:
247 1427 324 1451 non
355 1427 441 1465 ergo
471 1414 568 1451 illud
597 1413 828 1465 adjutorium
861 1427 936 1450 esse
967 1422 1108 1464 poterat
1140 1414 1220 1463 ipsa

102 1467 222 1517 gratia
253 1465 457 1505 habitualis
475 1492 485 1504 .
515 1467 630 1504 Porro
657 1467 698 1504 S.
721 1467 861 1504 Doctor
889 1465 953 1502 De
981 1474 1149 1514 corrept.
1170 1466 1220 1504 ΕΒ·

98 1528 205 1571 grat.
235 1532 321 1570 cap.
349 1534 359 1557 1
376 1534 407 1557 1.
424 1534 532 1558 num.
554 1520 630 1558 52..
648 1521 809 1570 gratiam
827 1518 1061 1556 habitualem
1091 1519 1140 1556 al>
1156 1518 1220 1556 ad-

102 1573 241 1624 jutorio
267 1576 353 1610 ,sine
382 1586 456 1624 quo
486 1586 566 1610 non
594 1583 721 1625 aperte
749 1573 971 1623 distinguit,
1016 1573 1220 1624 inquiens:

102 1655 130 1674 „
161 1625 325 1663 Dederat
356 1625 502 1664 homini
524 1627 626 1664 Deus
653 1626 797 1664 honam
818 1625 1052 1663 voluntatem
1070 1655 1080 1672 ,
1113 1626 1150 1663 in
1171 1624 1219 1662 il-=

103 1709 130 1728 „
162 1678 197 1716 la
227 1680 371 1730 quippe
401 1694 490 1717 eum
521 1680 687 1726 fecerat,
726 1680 793 1730 qui
824 1679 964 1715 fecerat
993 1686 1138 1716 rectum
1168 1678 1188 1692 ’³

100 1731 176 1769 Ista
205 1732 305 1769 bona
335 1732 502 1770 voluntas
531 1742 609 1769 erat
636 1733 756 1782 gratia
796 1730 1000 1768 habitualis
1018 1761 1029 1778 ,
1072 1731 1111 1768 in
1143 1745 1219 1782 qua

98 1784 227 1822 „Adam
257 1794 403 1822 creatus
432 1785 552 1823 fuerat
570 1812 580 1823 .
619 1784 860 1836 Prosequitur
891 1793 1039 1834 postea:
1085 1813 1110 1831 „
1143 1784 1219 1822 De-

103 1867 131 1886 „
160 1838 265 1876 derat
293 1839 548 1890 adjutorium,
577 1840 656 1877 sine
684 1850 760 1890 quo
781 1838 817 1875 in
838 1850 882 1874 ea
899 1850 975 1875 non
997 1846 1112 1889 posset
1132 1851 1218 1890 per—

96 1919 129 1941 „
158 1906 338 1941 manere,
368 1893 399 1931 si
429 1892 541 1930 vellet
570 1892 620 1929 ’1.

157 1945 248 1983 520.
280 1945 413 1997 Neque
442 1947 556 1983 etiam
586 1952 708 1997 pot—est
744 1958 821 1983 esse
850 1952 1064 1984 concursus
1084 1943 1218 1983 simul-

100 2005 258 2046 taneus,
286 2000 367 2036 sive
395 2000 514 2049 gratia
543 1999 823 2044 concomita1133
854 2012 941 2035 nam
972 2001 1097 2050 primo
1126 2012 1216 2037 con-

99 2064 229 2088 cursus
262 2052 326 2088 iste
356 2052 566 2103 improprie
595 2050 854 2102 appellaretur
874 2050 1139 2101 adjutoritnn3
1171 2051 1217 2089 il-

98 2102 135 2141 le
163 2105 267 2141 enim
298 2106 450 2156 proprie
480 2117 554 2142 non
584 2104 763 2155 recipitur
802 2105 841 2142 iu
884 2114 1041 2155 agente,
1086 2105 1149 2142 sed
1179 2106 1218 2143 in

98 2158 274 2203 actione3
316 2157 452 2195 deinde
482 2157 590 2195 nullo
621 2157 731 2195 modo
758 2157 806 2194 de
835 2156 906 2195 hoc
942 2170 1129 2196 concursu
1160 2158 1218 2196 di-

98 2225 185 2248 cere
212 2211 389 2263 potuisset
418 2211 459 2249 S.
493 2211 749 2262 Augustinus,
779 2211 879 2263 quod
908 2212 939 2249 si
971 2210 1151 2262 Angelis,
1181 2210 1214 2248 δε

98 2265 227 2316 primo
257 2263 402 2302 homini
431 2265 633 2313 defuisset,
676 2265 756 2302 sine
799 2263 915 2315 culpa
956 2265 1210 2313 cecidissent,

97 2329 203 2354 nunc
234 2325 360 2354 autem
389 2317 530 2368 quibus
559 2318 683 2365 deest,
715 2331 760 2355 ex
789 2316 934 2370 justitia
952 2318 1051 2355 deest
1073 2319 1110 2355 in
1132 2332 1215 2370 poe-

99 2383 189 2407 nam
218 2370 497 2421 praecedentis,
539 2380 604 2408 aut
645 2369 777 2408 saltem
806 2370 1000 2422 originalis
1044 2372 1218 2423 peccati:

99 2436 305 2461 concursus
332 2424 438 2461 enim
468 2423 712 2461 simultaneus
742 2426 883 2462 nemini
913 2425 1034 2470 deest;
1063 2439 1132 2463 nec
1152 2425 1217 2462 da·

100 2484 186 2523 tur,
221 2485 259 2513 ut
287 2476 354 2514 fiat
383 2477 503 2524 actio,
533 2476 598 2513 sed
626 2477 777 2528 quando
806 2477 848 2515 fit
877 2479 1000 2516 actio.

157 2529 246 2567 521.
278 2529 338 2567 Ab
369 2528 439 2567 hac
470 2529 714 2568 inverisimili
746 2543 897 2581 prorsus
926 2531 1104 2583 adjutorii
1128 2535 1215 2570 sine

97 2596 172 2633 quo
201 2596 280 2619 non
310 2582 563 2633 explicatione
594 2596 665 2620 non
704 2583 868 2621 multum
899 2586 1102 2633 recedunt,
1146 2587 1213 2637 qui

97 2645 240 2687 praeter
267 2637 428 2687 gratiam
460 2635 722 2684 habitualem,
753 2638 793 2673 in
823 2651 898 2687 qua
928 2637 1039 2676 homo
1067 2649 1215 2676 creatus

98 2689 203 2736 fuit,
232 2689 337 2726 aliud
367 2688 558 2740 quoddam
588 2690 730 2726 donum
762 2689 981 2739 habituale,
1011 2701 1074 2728 aut
1104 2691 1214 2729 habi-

96 2742 152 2778 tui
183 2740 306 2779 simile
336 2742 369 2779 ei
399 2743 565 2780 adfuisse
595 2743 753 2790 dicunt,
797 2756 872 2794 quo
901 2744 946 2780 ad
976 2744 1120 2782 bonum
1151 2757 1215 2783 vo-

97 2793 254 2831 lendum
274 2824 284 2841 ,
314 2795 346 2831 &
376 2796 421 2833 ad
452 2796 773 2847 perseverandum
795 2796 1040 2847 adjuvaretur
1057 2827 1066 2844 ,
1092 2800 1213 2836 conti-

98 2859 178 2884 nuo
206 2846 319 2884 veluti
350 2848 499 2886 influxu
518 2879 528 2897 ,
570 2864 646 2901 quo
688 2849 723 2885 ἃ
752 2850 963 2888 intellectui
1004 2851 1211 2891 fomentum

102 2899 262 2936 luminis
281 2929 290 2946 ,
320 2899 352 2936 ἃ
383 2901 564 2940 voluntati
597 2904 806 2941 fomentum
837 2903 927 2942 boui
949 2903 1102 2942 affectus
1122 2905 1209 2943 sub-

99 2953 404 2999 ministraretur,
446 2956 524 2992 sine
560 2970 636 3008 quo
666 2967 847 3010 perpetuo
875 2956 1022 2995 influxu
1066 2956 1208 3008 justitia

98 3005 225 3043 infusa
256 3004 437 3053 paulatim
466 3009 639 3046 defutura
669 3019 785 3059 esset,
815 3011 1139 3062 quemadmodum
1169 3026 1208 3049 o-

99 3057 161 3095 leo
189 3058 388 3115 deficiente
417 3058 571 3099 lucerna
614 3063 799 3114 paulatim
837 3065 1095 3116 extinguitur3
1135 3065 1208 3104 hac

100 3113 203 3149 enim
222 3111 429 3162 jumenti,
465 3114 514 3152 <9⁶
543 3120 773 3154 nutrimenti
803 3131 894 3156 voce
925 3119 1040 3155 utitur
1068 3117 1108 3155 S.
1137 3117 1208 3156 Pa-

98 3173 157 3202 ter
186 3165 224 3201 in
251 3162 485 3202 Enchtrc'dio
506 3190 517 3202 .
563 3167 635 3204 Sed
671 3169 818 3222 aliquid
861 3171 948 3223 plus
978 3171 1126 3210 videtur
1165 3172 1206 3211 S.

101 3219 330 3268 Augustinus
359 3217 573 3269 significare
602 3221 760 3259 voluisse
780 3238 845 3274 per
866 3224 1098 3276 adjutorium
1120 3229 1205 3264 sine

101 3283 176 3322 quo
205 3282 314 3318 non,
358 3285 474 3326 quam
506 3270 680 3310 habitum
717 3278 947 3326 quemdam,
990 3293 1055 3316 seu
1093 3279 1208 3317 influ-

98 3336 221 3373 xtnn,
261 3337 338 3375 quo
366 3326 510 3376 justitia
536 3323 618 3377 jam
646 3337 800 3378 accepta
829 3330 1018 3382 aleretur,
1055 3331 1089 3369 ἅ
1118 3345 1206 3373 con-

657 112 739 157 DE
775 113 1007 157 GRATIA
1043 114 1088 156 P.
1121 113 1153 155 Ι.
1187 110 1451 156 ΒῖΞΞΕΗΤ.
1486 112 1538 154 ν.
1571 113 1703 156 CAP.
1737 113 1854 157 VIII.

1291 199 1528 235 servaretur-3
1559 206 1695 243 nempe
1717 193 1904 232 auxilium
1922 190 2208 242 possibilitatis,
2238 205 2313 244 quo
2333 195 2402 232 sci⁴²

1292 242 1379 279 licet
1411 242 1525 280 homo
1552 258 1790 296 perseverare
1820 256 1964 298 posset,
1995 246 2023 282 si
2048 243 2186 290 vellet3
2216 246 2312 282 sicut
2333 248 2404 284 ali-

1293 305 1464 331 mentum
1494 306 1543 334 est
1573 298 1787 347 auxilium,
1817 303 1901 337 sine
1930 312 2004 349 quo
2035 298 2146 335 homo
2177 311 2250 335 non
2287 308 2399 349 potest

1293 349 1443 395 vivere,
1474 348 1507 384 ὅ(
1538 349 1623 397 lux,
1654 352 1731 388 sine
1761 366 1837 404 qua
1867 353 1980 389 homo
2010 353 2135 390 videre
2165 353 2320 402 nequit.

1348 400 1438 437 522.
1471 400 1549 438 Alii
1580 401 1649 438 hoe
1678 403 1911 454 adjutorium
1942 406 2118 443 dixerunt
2148 407 2301 456 quidem
2324 420 2402 442 esse

1289 453 1465 500 actuale,
1502 454 1565 490 sed
1595 454 1691 491 illud
1722 469 1920 507 posuerunt
1949 459 1987 495 in
2020 460 2155 495 mentis
2186 457 2403 495 illustratio-

1290 519 1361 553 ne,
1391 508 1470 543 sine
1502 509 1737 558 permotione
1768 509 1970 548 voluntatis
1992 537 2001 548 .
2032 512 2105 549 Sed
2136 525 2204 548 nec
2236 513 2292 548 isti
2327 514 2402 549 Au-

1287 560 1428 609 gustini
1458 559 1665 596 doctrinam
1695 570 1909 610 sectantur,
1938 565 2004 614 qui
2035 578 2206 615 expresse
2237 567 2365 602 asserit
2388 594 2399 613 ,

1288 624 1333 648 ex
1364 611 1431 648 illo
1460 611 1648 662 adjutorio
1676 625 1749 649 non
1781 613 1903 651 solum
1947 619 2060 654 fuisse
2104 627 2266 655 mentem
2311 617 2401 655 illu-

1288 672 1440 701 stratam
1460 695 1470 711 ,
1501 666 1563 702 sed
1594 666 1707 702 etiam
1738 667 1970 704 voluntatem
2000 670 2045 705 ad
2076 684 2241 708 amorem
2265 686 2400 708 accen-

1288 731 1367 754 sam
1388 744 1397 756 .
1429 717 1469 755 Si
1498 719 1699 766 voluutas,
1731 719 1854 770 inquit
1885 719 1971 756 Lib.
1994 719 2099 757 XIV.
2132 722 2193 760 De
2224 723 2302 762 Cir.
2325 724 2402 761 Det

1288 784 1375 823 capt
1404 771 1462 809 15.
1494 801 1519 819 „
1550 773 1589 809 in
1620 785 1748 809 amore
1776 772 1983 823 superioris
2012 773 2262 813 immutabilis
2283 778 2399 826 honi,

1288 853 1314 872 „
1344 838 1367 861 a
1395 838 1471 876 quo
1500 824 1787 872 illustrabatur,
1832 835 1870 862 ut
1900 824 2071 871 videret,
2107 825 2141 861 ἃ
2170 831 2401 868 accendeba-

1288 906 1313 925 „
1345 885 1433 926 tur,
1466 887 1504 915 ut
1533 887 1709 926 amaret,
1740 877 1885 915 stabilis
1916 887 2183 929 permaneret,
2213 894 2283 918 non
2314 884 2400 920 inde

1287 959 1314 978 „
1344 931 1391 968 ad
1420 931 1492 969 sibi
1525 931 1756 981 placendum
1785 940 2018 969 averteretur
2049 931 2120 969 &m
2152 932 2173 947 '³
2195 958 2206 970 .

1340 983 1432 1022 523.
1462 985 1632 1032 Quidam
1663 986 1817 1023 nomine
1846 984 1981 1022 auxilii
2012 988 2097 1022 sine
2125 998 2198 1036 quo
2218 999 2297 1023 non
2317 1000 2401 1037 gra-

1283 1037 1376 1074 tiam
1407 1037 1686 1076 indifferentem
1705 1069 1714 1086 ,
1747 1037 1987 1086 flexibilem,
2018 1038 2052 1073 ὃς
2083 1039 2295 1076 versatilem
2318 1039 2402 1077 Mo-

1284 1089 1378 1127 linae
1409 1091 1652 1142 intelligant3
1682 1092 2007 1143 quemadmodum
2031 1092 2133 1129 enim
2157 1094 2225 1129 ista
2246 1106 2319 1130 non
2340 1094 2403 1130 de-

1283 1145 1463 1182 terminat
1493 1146 1723 1183 voluntatem
1755 1146 1802 1182 ad
1830 1145 2006 1193 bonurn,
2048 1145 2111 1182 sed
2143 1145 2249 1183 illam
2281 1147 2404 1198 potius

1286 1198 1459 1235 voluntas
1489 1199 1572 1249 ipsa
1613 1199 1865 1246 determinat,
1903 1207 2016 1249 atque
2059 1197 2292 1236 voluntatem
2323 1200 2403 1250 jam

1286 1251 1575 1289 determinatam
1605 1252 1874 1303 subsequitur,
1918 1251 2191 1303 hominemque
2229 1252 2307 1304 jam
2339 1266 2404 1291 vo-

1288 1303 1425 1341 lentem
1457 1305 1639 1355 adjnvat,
1685 1314 1723 1341 ut
1762 1313 1970 1354 operetur,
2013 1306 2064 1341 ita
2102 1305 2290 1343 auxilium
2320 1311 2406 1344 sine

1287 1370 1359 1406 quo
1390 1370 1468 1392 nott
1486 1386 1495 1404 ,
1527 1370 1601 1394 non
1631 1357 1830 1408 praebebat
1859 1356 2092 1395 voluntatem
2116 1361 2405 1408 perseverandi,

1288 1410 1349 1446 sed
1381 1408 1503 1446 solum
1534 1408 1726 1447 homiuem
1757 1409 1992 1460 adjuvabat,
2022 1419 2061 1446 ut
2091 1420 2211 1461 posset
2229 1425 2403 1462 perseve-

1290 1474 1401 1509 rare,
1432 1475 1521 1500 cum
1552 1463 1692 1501 vellet.
1737 1463 1831 1501 Haee
1860 1461 2075 1501 Moliuiana
2106 1461 2309 1514 explicatio
2338 1479 2406 1502 au-

1290 1515 1376 1553 iiiii
1405 1518 1491 1553 sine
1520 1529 1593 1567 quo
1621 1529 1702 1554 non
1738 1516 1914 1554 omnibus
1944 1517 1991 1554 iis
2020 1515 2310 1556 difficultatibus
2338 1517 2405 1555 ob-

1289 1569 1405 1605 noxia
1434 1578 1512 1617 est,
1542 1570 1684 1622 quibus
1714 1583 1779 1608 nos
1808 1579 1970 1622 systema
2002 1570 2211 1608 recentium
2231 1572 2406 1623 Augusti-

1289 1622 1491 1660 nianorum
1523 1621 1705 1660 hactenus
1737 1623 2013 1667 refutavimus3
2057 1633 2096 1660 ut
2139 1624 2258 1661 videri
2292 1633 2408 1673 potest

1286 1675 1388 1726 apud
1404 1673 1529 1714 Guill.
1551 1675 1700 1713 Estium
1731 1677 1768 1713 in
1788 1676 1875 1713 Lib.
1897 1676 1945 1713 ΙΙ.
1962 1674 2139 1713 Sentent.
2158 1677 2254 1714 Dist.
2271 1677 2401 1715 XXV.

1286 1726 1325 1778 ᾗ.
1360 1741 1394 1778 7.
1417 1757 1427 1775 ,
1470 1741 1540 1766 nec
1582 1742 1676 1780 opus
1706 1737 1757 1766 est
1786 1743 1870 1766 eam
1901 1729 2146 1781 peculiariter
2176 1731 2368 1767 confutare
2391 1757 2402 1768 .

1286 1779 1421 1818 Solum
1449 1781 1823 1831 obiternotabimus,
1855 1783 1981 1821 simile
2011 1782 2102 1834 quid
2128 1783 2239 1820 fuisse
2259 1784 2404 1821 dictum

1287 1849 1309 1871 a
1338 1833 1668 1884 Massiliensibus,
1698 1837 1766 1888 qui
1795 1837 1896 1887 apud
1927 1836 1968 1874 S.
2001 1836 2194 1874 Hilarium
2226 1838 2265 1874 in
2295 1839 2406 1889 epist·

1288 1888 1336 1925 ad
1365 1886 1406 1925 S.
1438 1890 1693 1940 Augustinum
1724 1903 1829 1927 num.
1852 1889 1890 1927 6.
1922 1919 1948 1938 „
1978 1890 2017 1927 in
2047 1888 2117 1927 hoc
2147 1889 2270 1927 solum
2302 1889 2404 1928 vole-

1288 1971 1315 1990 „
1344 1939 1434 1978 bant
1463 1957 1486 1980 a
1515 1944 1642 1994 primo
1671 1942 1825 1981 homine
1854 1944 2029 1980 omnium
2046 1943 2181 1980 distare
2199 1952 2371 1981 naturam
2393 1973 2404 1992 ,

1286 2023 1312 2043 „
1345 2003 1382 2032 ut
1412 1995 1524 2032 illum
1557 1997 1710 2048 integris
1740 1996 1886 2034 viribus
1919 1996 2119 2034 voluntatis
2150 1996 2296 2045 juvaret
2317 2010 2403 2047 gra-

1288 2077 1313 2096 „
1344 2048 1394 2085 tia
1424 2048 1611 2087 volentem
1630 2080 1639 2098 ‚
1670 2051 1747 2087 sine
1776 2065 1852 2102 qua
1883 2063 2122 2101 perseverare
2143 2062 2214 2086 non
2238 2056 2405 2101 poterat;

1289 2130 1315 2150 „
1347 2099 1412 2139 hos
1441 2112 1566 2141 autem
1597 2104 1771 2152 amissis,
1819 2103 1851 2139 8<
1891 2104 2044 2155 perditis
2076 2102 2221 2140 viribus
2250 2103 2404 2141 creden-

1287 2183 1313 2202 „
1344 2163 1395 2193 tes
1425 2164 1595 2204 tantum,
1626 2171 1699 2195 non
1729 2156 1851 2195 solum
1883 2158 1998 2208 erigat
2020 2164 2239 2208 prostratos,
2269 2168 2404 2195 veruin

1286 2237 1312 2256 ,‚
1343 2209 1456 2246 etiam
1487 2210 1679 2248 suffulciat
1709 2210 1950 2248 ambulantes
1979 2211 1998 2225 '³

1341 2261 1431 2308 524.
1465 2263 1568 2300 Alias
1605 2263 1771 2301 aliorum
1814 2276 1887 2300 non
1930 2261 2162 2313 ignobilium
2192 2261 2403 2314 Theologo-

1287 2328 1372 2352 rum
1403 2317 1630 2368 opiniones,
1673 2317 1816 2368 quibus
1856 2315 2046 2367 explicare
2077 2317 2197 2354 conati
2228 2325 2308 2354 sunt
2338 2331 2402 2354 na-

1286 2376 1435 2417 turam,
1465 2369 1498 2405 &
1528 2371 1774 2422 proprietates
1804 2369 1917 2420 hujus
1946 2369 2234 2407 celebratissimi
2256 2369 2401 2421 adjuto-

1287 2422 1333 2458 rii
1363 2426 1449 2459 sine
1477 2436 1550 2467 quo
1580 2436 1660 2460 non
1677 2453 1687 2471 ,
1718 2431 1913 2461 enumerat
1935 2424 2103 2460 eruditus
2125 2432 2255 2461 auctor
2276 2437 2403 2461 recen-

1285 2475 1421 2513 tissimi
1448 2474 1658 2514 Tractatus
1687 2476 1893 2529 theologici
1923 2475 1970 2514 de
1990 2475 2137 2514 Gratia
2157 2476 2297 2514 Clzrlsti
2313 2476 2403 2514 Sal-

1286 2533 1431 2566 fatoris
1462 2529 1573 2567 Toni.
1598 2531 1644 2568 ll.
1675 2546 1713 2583 p.
1735 2530 1800 2576 48.
1831 2530 1864 2565 8(
1894 2544 1971 2580 seq.
1990 2556 2000 2574 ,
2029 2529 2063 2565 ἀ
2093 2544 2181 2567 cum
2213 2528 2319 2567 nulla
2339 2543 2400 2566 eo-

1286 2596 1373 2620 rum
1403 2584 1636 2631 satisfaciat,
1678 2598 1784 2624 suam
1824 2583 1999 2634 proponit
2035 2580 2207 2620 haustam
2251 2595 2296 2620 ex
2325 2582 2400 2620 Jos.

1284 2636 1457 2674 Boursier
1487 2638 1526 2675 in
1557 2637 1722 2675 Actione
1752 2636 1829 2674 Dec·
1857 2648 1971 2686 super
2000 2644 2209 2673 creaturas
2229 2636 2328 2673 Sect.
2351 2635 2400 2673 V·

1283 2702 1368 2740 cap.
1390 2689 1428 2735 4.
1457 2699 1528 2728 art.
1553 2691 1588 2729 5.
1611 2705 1622 2736 ;
1651 2690 1794 2729 scilicet
1823 2690 1891 2726 hoc
1921 2687 2152 2738 adjutorium
2173 2688 2317 2727 Adaino
2339 2689 2398 2726 in-

1283 2745 1434 2781 nocenti
1464 2745 1676 2792 tributum,
1720 2745 1800 2781 sine
1842 2755 1919 2793 quo
1954 2756 2199 2793 perseverare
2231 2744 2268 2780 in
2298 2743 2398 2781 bono

1282 2808 1356 2834 non
1399 2799 1605 2848 potuisset,
1647 2796 1745 2834 nihil
1785 2794 1889 2833 aliud
1933 2794 2077 2845 fuisse,
2120 2797 2240 2845 dicit,
2278 2809 2397 2848 quain

1283 2878 1310 2897 „
1341 2852 1543 2888 motionem
1564 2881 1577 2899 ,
1620 2850 1653 2885 δε
1683 2850 2035 2897 irzisleterminatam,
2080 2850 2173 2887 idest
2217 2851 2396 2887 intimum

1280 2932 1306 2950 „
1336 2904 1541 2956 quemdam
1559 2933 1568 2951 ,
1599 2900 1632 2937 81
1649 2904 1866 2940 continuum
1885 2911 2023 2939 sanctae
2039 2903 2296 2941 delectationis
2312 2916 2392 2940 seu-

1335 2971 1445 3003 sum,
1476 2969 1551 3008 quo
1580 2955 1749 2993 Adamus
1779 2968 1822 2992 ex
1854 2955 1954 3002 Dei,
1985 2970 2028 2993 ac
2059 2970 2186 2995 rerum
2216 2957 2390 2994 omnium

1335 3010 1380 3047 ad
1406 3010 1529 3046 Deum
1558 3021 1710 3060 quoque
1738 3009 1849 3045 modo
1879 3011 2146 3060 pertinentium
2177 3023 2302 3047 amore
2330 3021 2391 3045 or-

1333 3063 1461 3100 dinato
1481 3091 1491 3110 ,
1534 3061 1673 3112 jugiter
1695 3091 1706 3109 ,
1749 3062 1782 3097 ἃ
1814 3061 2012 3114 :equaliter
2041 3063 2279 3102 afficiebatur
2298 3091 2310 3109 ,
2354 3060 2389 3097 &

1335 3128 1410 3167 quo
1431 3127 1503 3152 non
1534 3116 1579 3152 ad
1610 3114 1760 3166 aliquos
1789 3117 2054 3155 determinatos
2083 3126 2212 3163 actus,
2239 3114 2302 3152 sed
2324 3129 2388 3165 ge-

1335 3171 1493 3206 neratim
1516 3198 1527 3216 ,
1556 3169 1602 3205 ad
1633 3171 1807 3220 quemvis
1835 3178 1964 3208 actum
1993 3172 2210 3209 ordinatum
2240 3166 2388 3206 allicie-

1473 3222 1495 3237 Ν

1279 2985 1305 3004 9>

1280 3039 1305 3057 ²5

1278 3091 1304 3111 θ)

1278 3145 1304 3164 ’7

1276 3197 1303 3216 ’³

1275 3250 1302 3270 „
1333 3221 1444 3260 batur

1332 3276 1423 3314 525.
1461 3273 1651 3313 Nonnulla
1692 3276 1764 3313 sibi
1807 3285 2000 3329 opponunt
2041 3275 2157 3328 hujus
2193 3275 2387 3314 sententiae

1275 3331 1424 3382 patroni
1440 3342 1483 3368 ex
1503 3328 1543 3368 S.
1559 3330 1766 3381 Augustino
1795 3332 2022 3386 deprompta
2036 3359 2047 3380 ,
2077 3343 2164 3383 quae
2186 3329 2286 3368 haud
2307 3328 2383 3383 dif-

2282 3381 2330 3422 fi-
