2562 3694
745 142 826 190 DE
860 142 1079 189 RELAT.
1112 138 1364 186 OPERUM
1397 138 1465 183 IN
1497 139 1698 186 DEUM.

64 258 95 283 2,
120 228 209 271 dem
238 226 448 269 secundum
476 224 574 274 hoc,
617 224 719 278 quod
748 224 929 264 charitate
957 234 1060 263 caret
1080 254 1091 272 ,
1135 232 1192 262 ut-

65 314 94 336 „
120 295 208 338 pote
237 297 325 322 cum
357 281 445 319 facit
474 279 620 333 aliquid
639 281 676 317 in
695 279 827 318 ordine
847 280 894 318 ad
913 280 971 328 id,
1002 291 1070 331 per
1089 277 1192 330 quod

123 347 224 377 caret
253 336 462 381 charitate3
492 333 525 371 ἃ
549 333 633 372 talis
660 342 764 371 actus
793 346 944 386 semper
973 343 1023 371 est
1055 330 1191 380 inalus,

66 422 94 443 „
123 393 219 430 sicut
249 390 478 441 Augustinus
504 387 599 426 dicit
634 388 671 424 in
702 383 770 426 lV.
812 396 958 425 contra
985 385 1192 425 Julamum

63 473 94 495 „
123 458 166 483 ca
199 469 207 480 .
227 440 286 491 5.,
315 442 417 495 quod
439 450 542 479 actus
563 439 728 479 infidelis
745 470 755 489 ,
785 444 1025 492 lnqmznturrz
1053 447 1111 477 est
1132 441 1192 475 ἰη-

64 524 93 547 „
112 495 153 550 fi
183 498 279 544 elis,
323 508 472 548 semper
501 502 554 532 est
585 503 781 545 peccatum
801 525 811 541 ,
855 496 1000 532 etiamsi
1029 493 1194 530 'iiudntn

65 579 95 600 „
123 552 296 602 operiat,
340 548 400 587 vel
429 548 619 599 ‹uidquid
649 545 753 585 aliud
800 547 1017 599 hujusmodi
1055 547 1194 593 faciat,

65 632 94 653 „
122 601 316 641 ordinans
345 600 401 640 ad
461 613 554 638 nem
575 612 658 638 suae
679 599 925 654 infivlelimtis
944 628 954 638 .
988 600 1095 638 Alius
1123 611 1191 637 au-

66 686 95 706 „
124 667 198 695 tem
230 664 345 709 potest
374 667 452 694 esse
481 662 586 693 actus
615 654 797 693 charitate
827 656 984 693 carentis
1002 684 1012 702 ,
1043 667 1116 691 uon
1137 665 1192 691 se-

66 717 95 760 „
124 710 294 750 cundum
324 708 391 757 id,
451 709 522 746 uod
550 708 773 746 charitatem
802 717 903 747 caret
921 739 930 756 ‚
963 707 1027 745 sed
1056 720 1191 745 secun-

65 791 95 814 „
124 764 218 802 dum
246 761 348 816 quod
379 722 492 800 hachet
520 762 676 815 aliquod
693 762 800 800 aliud
827 763 969 800 donum
1002 760 1102 809 Dei,
1133 758 1194 798 vel

64 822 92 867 ,‘,
123 815 268 864 fidem,
298 814 358 855 vel
388 826 496 868 spem
526 816 586 854 vel
603 817 715 855 etiam
733 825 878 854 naturae
900 815 1063 862 bonum,
1092 812 1196 865 quod

65 898 94 919 „
123 882 198 908 non
229 877 347 908 totum
377 883 446 921 per
477 878 674 922 peccatum
705 868 877 908 tollitur.
907 867 955 907 Et
984 867 1195 906 secundum

65 951 94 973 „
123 922 194 962 hoc
223 923 304 961 sine
333 922 520 961 charitate
550 931 666 976 potest
696 923 855 976 quidem
882 935 956 960 esse
986 920 1128 974 aliquis
1156 934 1193 958 a·

68 1005 95 1025 „
125 986 207 1015 ctus
235 975 358 1015 bonus
386 988 432 1014 ex
461 990 528 1015 suo
560 990 722 1028 genere,
765 990 840 1015 non
872 985 999 1014 tamen
1031 974 1196 1025 perfecte

74 1059 101 1078 „
131 1029 253 1068 bonus
272 1059 284 1078 ,
325 1031 418 1082 quia
436 1030 538 1070 deest
567 1030 694 1070 debita
726 1030 916 1069 ordinatio
944 1030 991 1068 ad
1014 1027 1195 1067 ultimum

71 1111 100 1132 „
131 1082 250 1121 finem
281 1082 399 1133 (ιι)”.

127 1135 215 1183 144.
246 1135 326 1175 Ubi
355 1146 480 1177 tamen
508 1135 783 1177 advertendum
814 1146 892 1185 est,
935 1137 1090 1175 nomine
1119 1135 1196 1174 vir-

65 1191 154 1228 tutis
182 1189 431 1242 imperfectoe
459 1202 535 1228 non
563 1189 728 1242 intelligi
758 1200 985 1243 peccatum,
1016 1191 1089 1228 uisi
1121 1189 1197 1226 for-

65 1250 162 1282 tasse
190 1241 415 1293 habituale,
444 1243 547 1296 quod
577 1245 615 1282 in
644 1245 692 1282 iis
720 1245 934 1296 reperitur,
973 1244 1040 1296 qui
1071 1241 1197 1280 chari-

64 1301 139 1335 tate
167 1304 296 1334 carent
312 1310 323 1342 ;
365 1308 458 1336 nam
487 1297 602 1335 minis
629 1296 735 1336 clara
763 1307 816 1336 est
844 1296 1016 1349 ejusdem
1047 1296 1087 1335 S.
1120 1296 1198 1334 Do-

68 1350 184 1388 ctoris
212 1351 418 1399 sententia,
448 1361 567 1402 quam
584 1351 699 1389 etiam
720 1353 894 1403 superius
923 1349 1122 1390 attulimus
1150 1362 1197 1388 ex

67 1400 158 1441 Lib.
176 1403 223 1442 ΙΙ.
252 1402 433 1442 Sentent.
465 1403 562 1443 Dist.
578 1403 644 1450 41.
672 1419 743 1457 qu.
763 1419 796 1443 1.
817 1414 886 1443 art.
906 1418 942 1444 2.
964 1405 1010 1443 ad
1032 1405 1070 1450 4.
1088 1434 1098 1451 ,
1130 1403 1198 1443 ubi

68 1455 144 1494 sibi
174 1457 331 1509 opponit
359 1455 486 1496 simile
528 1468 798 1510 argumentum
840 1459 888 1498 ad
922 1457 1167 1512 probandum
1186 1488 1197 1506 ,

65 1510 197 1548 omnia
225 1509 442 1550 infidelium
471 1524 588 1565 opera
618 1526 696 1550 esse
726 1522 906 1566 peccata,
951 1512 1009 1550 his
1048 1511 1198 1551 verbis:

62 1591 98 1616 >²
128 1561 228 1601 Illud
258 1565 412 1618 proprie
439 1565 580 1604 dicitur
611 1566 786 1615 malum,
817 1567 916 1619 quod
946 1575 1047 1604 caret
1067 1565 1200 1617 aliqua

69 1645 97 1666 „
128 1616 386 1668 perfectione,
415 1632 534 1672 quam
563 1627 695 1658 natum
726 1630 805 1669 est,
836 1619 869 1657 ἃ
899 1619 1009 1658 debet
1032 1618 1202 1665 habere-5

67 1699 96 1719 „
126 1670 190 1708 sed
217 1672 343 1710 omnis
370 1680 476 1710 actus
505 1670 699 1710 humanus
729 1682 835 1710 natus
865 1681 917 1710 est
944 1673 985 1710 in
1015 1671 1200 1710 ultimum

69 1753 98 1773 „
129 1722 245 1761 finem
266 1722 510 1764 beatitudinis
527 1724 681 1774 referri,
702 1726 785 1764 nisi
814 1725 862 1763 sit
892 1737 960 1777 per
989 1738 1026 1760 se
1048 1724 1198 1769 malus3

68 1805 98 1826 „
127 1774 162 1812 St
188 1776 301 1815 debet
330 1778 370 1816 in
400 1779 528 1830 ipsum
558 1778 722 1824 referri3
765 1791 857 1817 cum
887 1791 976 1827 ergo
1004 1785 1110 1815 actus
1140 1777 1200 1814 in-

68 1857 97 1879 „
126 1828 302 1868 fidelium
333 1831 372 1869 in
402 1830 582 1870 ultimum
627 1830 744 1871 finem
787 1845 862 1871 non
903 1831 1115 1878 referatur,
1159 1831 1199 1867 in

70 1892 97 1932 „
127 1895 242 1935 quem
270 1883 368 1923 fides
396 1885 556 1937 dirigit,
586 1886 763 1934 videtur,
793 1885 897 1938 quod
924 1887 1056 1922 omnis
1085 1893 1201 1921 actus

70 1963 97 1983 ‚,
127 1935 349 1989 infidelium
377 1941 428 1976 sit
447 1939 641 1978 malus&
672 1939 765 1980 Haec
794 1950 909 1990 porro
936 1939 1128 1990 ipsissima
1148 1943 1200 1974 est

74 1988 309 2040 difficultas,
339 2004 428 2043 quae
456 1992 568 2032 nobis
594 1991 806 2043 objicitur.

130 2042 220 2089 145.
249 2043 349 2083 Eam
379 2058 469 2085 vero
497 2047 551 2085 sic
579 2045 693 2084 diluit
723 2044 958 2096 Angelicus;
990 2072 1016 2092 ‚‚
1046 2042 1131 2081 Non
1160 2055 1200 2079 0-

69 2123 99 2146 „
127 2095 326 2150 bligamur
353 2099 402 2138 ad
429 2097 530 2147 hoe,
558 2100 659 2150 quod
689 2099 855 2150 quilibet
882 2107 987 2136 actus
1016 2098 1202 2149 dirigatur

70 2176 98 2198 ‚,
128 2150 168 2188 in
197 2149 317 2190 finem
346 2150 489 2199 illum,
529 2151 570 2188 in
598 2163 714 2203 quem
746 2165 818 2189 nou
851 2160 969 2204 potest
1005 2152 1078 2190 nisi
1110 2150 1203 2189 fides

70 2231 98 2252 ,‚
125 2202 317 2254 dirigere;
347 2203 440 2255 quia
467 2214 663 2256 praecepta
692 2203 924 2243 affirmativa
940 2218 1013 2244 non
1033 2204 1203 2256 obligant

72 2284 100 2304 „
130 2254 179 2293 ad
207 2269 387 2308 semper,
427 2259 608 2310 quamvis
637 2272 788 2310 semper
816 2258 1011 2312 obligent3
1053 2257 1086 2295 ἃ
1118 2258 1204 2296 ideo

68 2336 98 2358 „
128 2320 206 2346 non
235 2317 405 2362 oportet,
435 2318 474 2348 ut
501 2320 604 2350 actus
633 2311 853 2351 infidelium
871 2343 881 2362 ,
918 2314 985 2366 qui
1017 2313 1054 2350 in
1083 2311 1204 2350 finem

71 2391 101 2410 ‚,
131 2360 245 2400 illum
276 2375 349 2402 non
378 2373 429 2402 est
456 2362 676 2415 ordinatus,
713 2378 872 2418 semper
901 2368 946 2405 sit
975 2375 1176 2419 peccatum
1193 2379 1205 2412 3

73 2443 103 2464 „
131 2414 198 2454 sed
225 2416 354 2455 solum
383 2425 560 2469 tempore
588 2419 653 2458 illo
671 2450 682 2469 ,
711 2423 753 2458 in
781 2434 854 2471 quo
882 2429 1037 2458 tenetur
1065 2429 1205 2458 actum

70 2497 99 2519 „
127 2481 244 2507 suum
274 2473 316 2507 in
332 2469 470 2524 finem
499 2473 684 2511 ultimum
713 2483 755 2513 re
778 2473 903 2513 erre’'
921 2501 932 2513 .

74 2534 76 2536 ’
130 2521 219 2569 146.
251 2523 421 2564 Ulterius
449 2526 552 2565 idem
584 2535 704 2566 noster
764 2555 774 2566 .
805 2527 1020 2580 Praeceptor
1039 2540 1074 2565 2.
1095 2540 1132 2565 2.
1163 2538 1203 2580 q.

75 2588 139 2614 ιο.
155 2586 227 2617 art.
243 2577 283 2624 4.
313 2577 413 2618 hane
441 2581 617 2619 eamdem
645 2582 846 2620 materiam
877 2595 921 2620 ex
952 2583 1119 2619 instituto
1139 2593 1203 2618 ex·

71 2629 229 2682 pendit,
256 2644 465 2685 quaerens,
494 2643 626 2672 utrum
655 2639 787 2674 omnis
816 2639 922 2674 actio
951 2633 1124 2688 infidelis
1152 2636 1203 2672 sit

69 2684 324 2734 peccatum?
354 2685 566 2741 Respondet
595 2697 722 2727 autem
752 2693 935 2742 negative
950 2704 964 2734 ,-
993 2690 1086 2741 quia
1117 2687 1206 2726 licet

72 2736 248 2776 infideles
274 2741 399 2791 gratia
426 2751 613 2792 careant,
656 2752 844 2782 remanet
886 2752 1029 2782 tamen
1072 2746 1113 2780 in
1147 2745 1204 2781 eis

72 2788 220 2830 bonum
239 2802 426 2840 τηεψ-ως
455 2809 500 2834 ex
529 2809 608 2848 quo
637 2797 750 2836 infert
769 2827 779 2846 ,
811 2810 916 2850 posse
946 2810 1006 2835 eos
1035 2795 1135 2834 bona
1164 2808 1204 2833 o-

70 2856 193 2894 pera,
222 2845 270 2884 ad
298 2859 388 2900 quae
418 2848 560 2889 sufficit
588 2850 733 2889 bonum
765 2861 912 2890 uaturae
933 2882 943 2900 ,
973 2850 1204 2901 aIIquaIiter

75 2899 250 2950 operari:
279 2899 385 2942 unde
411 2916 492 2942 non
519 2913 692 2957 oportet,
722 2904 824 2959 quod
853 2909 895 2945 in
921 2908 1033 2945 omni
1061 2915 1132 2943 suo
1160 2915 1202 2942 o-

64 367 94 389 ’2

129 3072 178 3108 (a)
207 3067 314 3103 Card-
339 3069 531 3116 Cajetanus
570 3074 605 3108 in
632 3075 831 3111 Comment.
871 3075 912 3110 ad
951 3075 1044 3110 ltunc
1070 3075 1207 3110 locum:

78 3133 104 3154 2,
128 3116 245 3157 Cave,
271 3117 387 3163 inquit
404 3139 415 3159 ‚
442 3131 483 3152 ne
508 3120 644 3155 fallaris
675 3135 716 3157 ex
749 3135 815 3164 eo,
841 3122 933 3168 quod
960 3123 1117 3164 dicitnr,
1143 3124 1212 3157 sci—

79 3180 108 3200 „
130 3161 214 3196 licet
245 3167 321 3198 sine
348 3165 530 3201 Char-itate
568 3169 670 3202 deest
693 3171 810 3205 debita
835 3172 1011 3204 ordinatio
1037 3171 1084 3204 acl
1098 3170 1211 3214 finem

78 3225 107 3247 ,‚
131 3209 302 3244 ultimum.
347 3213 382 3246 Si
409 3224 561 3258 namque
587 3213 711 3249 debita·
730 3216 906 3250 ordinatio
933 3214 1077 3257 deficit,
1110 3225 1209 3250 actus

79 3273 107 3294 ss
133 3265 202 3306 ¹¹⁰¹}
226 3257 339 3292 solum
366 3266 419 3292 est
445 3259 699 3305 imperfectus,
725 3260 784 3297 sed
811 3263 946 3296 malus:
987 3263 1138 3308 privatio
1163 3263 1209 3296 si·

82 3320 109 3340 ‚,
134 3299 277 3344 quidem
301 3304 384 3340 honi
409 3303 518 3341 debiti
546 3308 678 3342 malum
707 3310 889 3343 constituit
910 3332 917 3340 .
944 3310 1038 3343 Cave
1064 3310 1208 3354 inquam

77 3365 107 3387 υ
131 3348 300 3392 quoniam
325 3364 396 3389 uon
421 3361 472 3387 εει
498 3366 613 3391 sermo
637 3354 678 3390 de
702 3354 920 3392 ordinatione
947 3355 1066 3391 debita
1085 3364 1208 3398 actus,

2251 164 2326 208 191

1260 232 1353 272 pere
1381 230 1564 271 peccent.
1610 222 1657 259 Et
1685 234 1774 260 cum
1804 221 1878 262 sibi
1907 221 2132 274 objecisset,
2162 226 2263 280 quod
2293 231 2388 271 fide,

1260 275 1390 326 dirigit
1420 275 1667 312 intentionem
1686 304 1696 322 ,
1727 275 1878 314 nullutn
1901 289 2026 318 autem
2046 280 2191 319 bonum
2207 296 2283 321 esse
2304 297 2387 337 pos-

1259 341 1299 367 se
1327 329 1407 366 sine
1436 328 1644 366 intentione
1671 329 1836 377 directa,
1867 334 2064 384 respondet
2084 334 2130 373 ad
2150 346 2210 372 20:
2240 366 2265 384 „
2286 338 2390 390 quod.

1260 409 1288 432 „
1318 380 1413 420 fides
1442 379 1571 472 dirigit
1602 381 1843 420 intentionem
1876 396 2045 437 respectu
2066 387 2153 425 finis
2175 389 2303 429 ultimi
2323 405 2385 430 su·

1262 463 1289 484 „
1319 442 1524 487 peruatura
1546 434 1601 479 is;
1630 434 1693 472 sed
1723 433 1852 473 lumen
1881 440 1997 478 etiam
2028 441 2208 480 naturalis
2229 446 2388 483 rationis

1262 517 1290 536 „
1322 497 1436 540 potest
1464 489 1629 539 dirigere
1657 489 1905 529 intentionem
1937 505 2104 545 respectu
2134 496 2299 547 alicujus
2319 498 2387 535 bo-

1264 570 1289 590 „
1321 543 1356 579 ni
1374 541 1632 580 connaturalis
1647 541 1683 579 ”.
1713 541 1979 590 Quamobrem
2007 560 2121 598 opera
2144 548 2387 600 infidelium,

1261 607 1350 647 qnae
1381 609 1456 634 non
1476 597 1695 647 diriguntur
1715 595 1763 634 ad
1784 595 1902 634 finem
1923 602 2247 650 supernaturalem
2267 634 2277 652 ,
2308 605 2383 643 im-

1260 649 1429 700 perfecta
1459 650 1616 701 quidem
1647 657 1762 697 sunt,
1807 649 1987 698 inutilia,
2019 653 2278 704 infructuosa,
2311 671 2386 696 nou

1261 710 1387 740 tamen
1418 704 1571 755 proprie
1599 711 1684 741 suut
1716 713 1896 762 peccata,
1927 706 1997 743 nisi
2027 718 2070 742 eo
2086 715 2280 758 tempore,
2309 724 2386 762 quo

1263 765 1369 807 urget
1401 764 1636 808 praeceptum
1667 755 1945 797 affirmativum
1974 758 2152 798 eliciendi
2175 769 2300 800 actum
2329 764 2387 803 di-

1264 808 1434 847 lectionis
1465 810 1538 848 Dei
1568 824 1680 863 snper
1709 812 1866 850 omnia.

1324 863 1412 914 ¹47·
1445 862 1512 901 His
1542 864 1639 902 addo
1668 863 1785 902 aliam
1830 866 1941 903 nostri
1972 865 2013 904 S.
2044 864 2292 920 Praeceptoris
2324 868 2389 907 do-

1264 918 1428 955 ctrinam
1458 917 1658 969 diligenter
1699 919 1934 965 notandam3
1976 918 2123 959 scilicet
2164 922 2396 962 mandatum.

1264 969 1455 1009 relationis
1484 972 1659 1010 virtualis
1687 984 1850 1023 operum
1881 975 1920 1012 in
1952 973 2080 1012 Deum
2121 988 2225 1028 posse
2255 975 2395 1016 violari.

1264 1025 1488 1062 mortaliter
1499 1055 1510 1073 ,
1526 1034 1590 1063 aut
1609 1025 1839 1063 venialiter:
1857 1026 2067 1065 mortaliter
2081 1029 2256 1080 quidem,
2272 1043 2396 1082 quan-

1262 1078 1312 1116 do
1341 1078 1503 1117 charitas
1533 1077 1743 1118 habitualis
1766 1079 1894 1118 lethali
1916 1080 2030 1132 culpa
2046 1084 2301 1134 extinguitur:
2329 1096 2397 1123 ve-

1264 1131 1415 1170 nialiter
1443 1141 1598 1177 autem;
1628 1133 1778 1186 quaudo
1797 1134 2007 1173 admittitur
2034 1146 2237 1187 peccatum
2266 1139 2397 1176 venia-

1264 1183 1329 1234 le,
1372 1186 1473 1239 qnod
1505 1187 1541 1224 in
1572 1186 1700 1225 Deum
1733 1188 1865 1225 referri
1895 1189 2053 1241 nequit.
2096 1189 2211 1228 Clara
2238 1200 2324 1229 sunt
2352 1190 2396 1231 S·

1265 1237 1442 1279 Doctoris
1470 1239 1588 1278 verba
1618 1242 1658 1279 in
1680 1241 1726 1278 11.
1758 1240 1856 1279 Dist.
1877 1241 1943 1287 40.
1973 1256 2040 1294 qu.
2064 1256 2096 1282 ι.
2135 1252 2205 1283 art.
2229 1244 2266 1283 5.
2287 1244 2335 1283 ad
2356 1259 2398 1296 7.

1266 1322 1293 1342 ‚,
1323 1292 1563 1345 Praeceptum
1596 1293 1665 1332 hoc
1695 1297 1942 1347 praeteritur,
1989 1295 2047 1334 vel
2091 1311 2158 1350 per
2195 1307 2400 1351 peccatum

1267 1376 1293 1395 „
1323 1346 1512 1396 mortale,
1555 1348 1656 1399 quod
1687 1358 1817 1388 contra
1847 1347 1973 1388 Deum
2005 1349 2073 1396 fit;
2118 1350 2178 1389 vel
2210 1365 2279 1404 per
2308 1365 2398 1405 pec-

1266 1430 1295 1449 „
1325 1409 1454 1440 catum
1484 1402 1663 1451 veniale,
1694 1403 1795 1454 quod
1825 1413 1967 1455 praeter
1983 1402 2109 1442 Deum
2128 1404 2229 1444 fit'’.
2261 1405 2302 1444 In
2321 1418 2400 1458 quo

1266 1453 1350 1493 loco
1378 1464 1479 1494 certe
1510 1458 1834 1507 opportunissimo
1876 1456 1974 1496 nihil
2019 1458 2122 1496 addit
2156 1459 2198 1498 S.
2229 1459 2401 1498 Thomas

1266 1507 1314 1546 de
1345 1508 1411 1547 illo
1441 1519 1595 1560 peccato
1624 1509 1795 1559 veniali,
1835 1525 1911 1564 quo
1944 1511 2162 1551 Adversarii
2191 1514 2311 1552 nostri
2339 1513 2402 1552 di-

1267 1572 1358 1600 cunt
1386 1572 1608 1615 operantem
1637 1563 1846 1603 deliberate
1877 1566 1984 1604 infici
2003 1596 2013 1613 ,
2057 1579 2146 1604 cum
2189 1579 2305 1619 opera
2333 1580 2401 1605 sua

1269 1629 1315 1654 ex
1343 1615 1496 1668 objecto
1525 1617 1624 1655 bona
1655 1619 1693 1656 in
1725 1618 1853 1658 Deum
1894 1620 2026 1671 aliqua
2068 1620 2280 1668 charitate,
2324 1620 2402 1658 sal-

1269 1678 1344 1708 tem
1367 1670 1593 1720 imperfecta
1612 1670 1798 1710 dilectum
1817 1702 1826 1721 ‚
1849 1673 1989 1711 referre
2005 1675 2262 1724 praetermittit
2279 1698 2291 1712 .
2320 1673 2405 1713 Nee

1269 1722 1385 1761 ullibi
1416 1723 1457 1761 S.
1475 1722 1644 1761 Thomas
1675 1723 1790 1774 hujus
1819 1727 2005 1776 praeeepti
2036 1725 2107 1763 sub
2134 1725 2215 1762 solo
2244 1735 2402 1777 peccato

1271 1774 1416 1813 veniali
1445 1773 1649 1826 obligantis
1680 1777 1911 1815 mentionem
1943 1778 2064 1816 facit.

1331 1827 1418 1873 148.
1448 1827 1584 1879 Neque
1613 1841 1703 1865 vero
1731 1828 1781 1866 ab
1811 1829 1883 1867 hac
1925 1829 2097 1868 doctrina
2139 1827 2288 1870 alienus
2331 1831 2406 1871 fuit

1269 1879 1450 1930 Magister
1481 1879 1522 1917 S.
1554 1878 1717 1917 Thomae
1752 1893 1911 1934 magnus
1943 1882 2205 1934 Augustinus5
2248 1898 2337 1924 nam
2367 1885 2407 1923 δε

1267 1933 1348 1984 ipse
1379 1934 1532 1983 agnovit
1564 1932 1789 1972 infidelibus
1809 1935 1987 1988 quaedam
2019 1935 2119 1975 bona
2147 1950 2284 1989 opera,
2314 1952 2406 1991 quae

1269 1985 1439 2039 appellat
1481 1985 1729 2036 laudabilia,
1771 1986 1804 2024 8<
1848 1989 1957 2028 dona
1987 1987 2089 2028 Dei:
2133 2003 2210 2042 quo
2247 1995 2406 2032 nomine

1267 2049 1370 2078 certe
1399 2038 1587 2092 appellari
1620 2051 1694 2078 non
1723 2052 1877 2093 possunt
1908 2052 2063 2095 peccata
2081 2071 2091 2082 .
2139 2044 2239 2084 Nam
2267 2049 2399 2096 primo

1272 2095 1310 2132 in
1336 2092 1423 2132 Lib.
1455 2092 1503 2130 cle
1519 2093 1694 2145 Spiritu,
1723 2095 1774 2136 (9¹
1803 2096 1936 2136 littera
1965 2110 2052 2136 can.
2074 2110 2141 2149 27.
2170 2097 2327 2152 loquens
2355 2100 2404 2138 de

1271 2149 1403 2198 impiis
1427 2144 1553 2185 Deum
1579 2160 1717 2186 verum
1746 2161 1821 2188 non
1853 2150 2080 2191 colentibus:
2128 2181 2155 2201 „
2184 2152 2406 2204 Quaedam,

1272 2231 1300 2251 „
1329 2205 1476 2252 inquit,
1507 2201 1606 2240 facta
1634 2202 1694 2242 vel
1717 2201 1908 2255 legimus,
1938 2204 1999 2243 vel
2020 2206 2196 2245 novimus
2213 2237 2223 2256 ,
2254 2206 2314 2246 vel
2335 2221 2405 2246 au-

1273 2285 1299 2306 „
1330 2256 1457 2294 dimus
1474 2284 1484 2303 ‚
1512 2269 1604 2309 quae
1625 2256 1832 2295 secundum
1854 2257 2010 2309 jus-titire
2033 2259 2206 2311 regulam
2236 2274 2314 2300 non
2345 2274 2406 2299 so-

1273 2339 1300 2359 „
1329 2307 1412 2347 lum
1443 2311 1664 2362 vituperare
1684 2324 1757 2349 non
1780 2325 2000 2364 possumus,
2033 2327 2164 2353 verum
2186 2315 2303 2354 etiam
2325 2328 2405 2353 me·

1274 2394 1300 2413 ,‚
1329 2364 1429 2412 rito,
1473 2373 1650 2418 recteque
1678 2364 1906 2413 laudamus3
1950 2381 2188 2421 quamquam
2218 2370 2249 2407 si
2278 2369 2406 2407 discu-

1273 2447 1300 2467 „
1330 2418 1494 2464 tiantur,
1526 2431 1604 2470 quo
1633 2419 1710 2458 fine
1731 2419 1845 2468 fiant,
1877 2422 1941 2459 vix
1962 2423 2200 2470 inveniatur,
2229 2434 2317 2474 quae
2338 2421 2404 2474 ju-

1273 2501 1300 2521 „
1329 2471 1439 2509 stitiae
1470 2471 1640 2510 debitam
1671 2472 1825 2512 laudem
1844 2504 1854 2522 ,
1893 2474 2199 2514 defensionemve
2229 2489 2402 2514 merean-

1273 2554 1300 2575 „
1330 2526 1428 2562 tur''
1447 2550 1458 2562 .
1501 2525 1602 2574 Quae
1632 2529 1805 2579 exceptio
1833 2537 1942 2566 caute
1978 2528 2051 2567 fuit
2093 2544 2116 2567 a
2146 2529 2306 2567 Doctore
2335 2544 2404 2581 ap-

1271 2579 1425 2632 posita,
1468 2581 1560 2632 quia
1589 2581 1630 2619 in
1662 2580 1890 2620 infidelibus
1929 2584 2261 2635 quamsaepissime
2289 2584 2407 2622 etiam

1270 2633 1373 2672 bona
1401 2646 1518 2685 opera
1547 2647 1668 2686 pravo
1695 2633 1775 2674 fine
1803 2646 2123 2688 corrumpuntur.
2154 2638 2200 2675 At
2230 2649 2319 2675 cum
2340 2638 2408 2676 ad-

1272 2687 1327 2726 dit
1358 2687 1587 2738 particulam
1619 2692 1706 2737 viat,
1745 2689 1946 2728 manifeste
1977 2690 2144 2738 indicat,
2183 2687 2275 2729 talia
2305 2691 2405 2730 bona.

1271 2752 1388 2793 opera
1416 2738 1650 2794 aliquando,
1680 2741 1766 2780 licet
1797 2744 2016 2791 rarissime,
2055 2745 2212 2796 reperiri
2231 2770 2242 2783 .
2292 2744 2404 2793 Quod

1271 2795 1412 2833 iterum
1444 2795 1582 2833 indicat
1602 2795 1643 2834 S.
1665 2795 1808 2836 Doctor
1837 2795 1935 2836 hanc
1964 2797 2102 2836 addens
2134 2797 2249 2850 hujus
2269 2799 2324 2837 rei
2345 2811 2405 2836 ra·

1272 2850 1440 2887 tionem:
1484 2879 1511 2897 „
1542 2851 1635 2902 quia
1663 2863 1737 2890 non
1767 2865 1887 2905 usque
1915 2851 2010 2889 adeo
2039 2853 2078 2890 in
2109 2853 2241 2891 anima
2269 2852 2406 2891 huma⁴

1269 2930 1299 2952 „
1329 2915 1379 2941 na
1408 2904 1534 2955 imago
1562 2903 1638 2943 Dei
1667 2912 1905 2946 terrenorum
1935 2905 2143 2945 affectuum
2173 2904 2261 2945 labe
2290 2906 2400 2945 detri=

2260 2990 2284 3001 .,
2315 2968 2352 2997 ta.

1281 3097 1308 3116 ,‚
1334 3081 1372 3108 nt
1395 3075 1441 3108 sit
1468 3073 1578 3109 bonus
1604 3077 1781 3110 moraliter
1800 3091 1813 3114 ;
1839 3075 1896 3110 sed
1923 3075 1965 3111 ad
1991 3077 2080 3119 hoc,
2105 3075 2195 3122 quod
2223 3076 2266 3108 sit
2292 3074 2404 3109 honus

1282 3143 1308 3163 „
1336 3122 1570 3165 simpliciter,
1596 3120 1630 3155 id
1656 3133 1706 3156 est
1735 3122 1776 3156 ad
1805 3124 1916 3157 vitam
1934 3134 2122 3159 {eternam-
2149 3124 2192 3156 Et.
2218 3131 2404 3166 propterea.

1281 3189 1306 3209 ‚‚
1333 3167 1534 3211 hujusmodi
1562 3169 1715 3212 privatio
1741 3182 1807 3203 non
1835 3172 2015 3205 constituit
2043 3181 2157 3204 actum
2177 3169 2308 3201 malum
2334 3182 2403 3201 mo-

1279 3237 1305 3256 „
1332 3218 1459 3248 raliter
1475 3236 1486 3255 ‚
1512 3214 1571 3247 sed
1598 3228 1666 3249 non
1691 3217 1824 3250 bonum
1844 3219 2047 3263 simpliciter
2066 3240 2074 3256 ,
2100 3219 2140 3248 θ
2164 3228 2224 3258 pro
2244 3224 2403 3257 tempore,

1278 3283 1304 3302 2,
1330 3275 1390 3306 quo
1416 3263 1549 3305 obligat
1589 3272 1787 3307 preceptum
1825 3265 2047 3304 Charinum,
2085 3266 2265 3296 constituit
2299 3265 2404 3295 etium

1277 3330 1303 3350 2,
1330 3311 1447 3343 Παῖῑινι
1468 3311 1487 3325 ”
1502 3330 1509 3338 .
