2562 3694
251 118 308 168 48

187 195 305 246 quido
334 197 492 244 apparet
522 188 568 228 iis
588 186 774 240 exemplis
792 218 802 237 ,
832 187 974 240 quibus
995 188 1112 226 utitur
1129 216 1140 234 ,
1170 199 1307 236 nempe

187 254 468 298 praeceptorum
498 244 635 281 veteris
664 242 754 294 legis
772 271 782 290 ,
831 254 918 294 quae
950 255 1016 280 nec
1059 241 1157 279 bona
1185 239 1304 284 dicit,

188 313 259 337 nec
289 297 420 346 mala,
468 296 538 335 hoc
569 305 647 345 est,
693 296 785 347 quia
815 295 914 332 facta
949 295 1228 345 comparatione
1258 291 1303 328 ad

187 360 380 405 praecepta
409 364 516 389 novce
547 350 667 402 legis,
697 351 823 387 minus
852 348 949 386 bona
966 356 1067 384 erant
1085 371 1095 383 .
1125 343 1245 382 Affert
1266 357 1303 379 e-

187 407 282 444 tiam
312 403 535 456 exemplum
564 403 828 449 matrimonii,
868 402 971 453 quod
1001 400 1140 450 pariter
1170 395 1303 433 eodem

186 473 296 498 sensu
325 472 396 498 nec
425 458 566 496 bonum
596 457 714 504 dicit,
746 469 816 493 nec
845 453 1013 496 ma1um3
1042 462 1154 487 nemo
1174 456 1303 487 tamen

186 513 262 551 sibi
292 513 541 564 persuaserit,
590 511 872 561 Hieronymum
916 513 1061 556 putasse
1105 515 1302 553 unquam,

187 568 338 619 nuptias
367 578 439 603 non
469 578 544 602 esse
573 564 716 607 bonas3
746 571 984 613 quamquam
1014 556 1238 606 virginitas,
1268 555 1301 590 St

184 620 418 659 continentia
447 620 492 656 sit
521 617 685 655 melior.

243 673 309 711 81.
341 671 433 723 Obj.
464 674 603 709 tertio.
652 665 814 705 Nullum
845 671 897 701 est
939 670 1176 715 praeceptum
1205 661 1304 700 rese-

186 727 295 766 rendi
324 739 456 763 omues
486 724 649 760 actiones
678 722 718 756 in
739 719 857 756 finem
878 715 1105 761 honestum3
1135 729 1224 753 cuin
1240 729 1303 753 ne-

184 794 262 831 que
292 780 329 816 in
360 776 576 826 Decalogo,
606 784 731 824 neque
760 773 801 809 in
830 769 871 808 S.
887 770 1041 808 Litteris
1069 770 1302 820 reperiatur.

185 832 378 871 Praeterea
406 831 436 868 si
466 830 580 865 etiam
612 826 682 863 hoc
725 832 964 877 praeceptum
996 831 1162 871 extaret,
1211 831 1304 860 esset

184 886 462 923 affirmativum
480 911 490 929 ,
538 879 641 933 quod
670 878 831 931 proinde
860 890 934 916 non
964 876 1227 914 extenderetur
1255 876 1304 914 ad

181 952 313 977 omues
341 937 504 974 actiones
521 960 532 972 .

236 992 301 1029 82.
333 988 446 1041 Resp.
475 988 523 1026 ad
552 987 723 1039 primum
742 1016 752 1033 ,
781 983 854 1023 hoc
871 991 1111 1036 praeceptum
1132 983 1302 1021 contine-

179 1046 213 1083 ri
244 1046 283 1082 in
312 1044 427 1081 sacris
457 1042 635 1088 Litteris,
665 1049 746 1078 tum
776 1038 844 1076 ubi
876 1038 983 1076 nobis
1005 1038 1243 1075 interdicitur
1262 1049 1303 1073 o-

179 1111 269 1136 mne
299 1097 461 1134 verbum
489 1096 651 1132 otiosum
671 1090 920 1132 Matth.XII.
952 1101 1032 1129 tum
1061 1091 1129 1129 ubi
1146 1091 1188 1128 S.
1205 1089 1303 1128 Pau-

179 1149 241 1189 lus
270 1150 300 1188 Ι.
329 1150 376 1188 ad
405 1150 493 1187 Cor.
523 1147 658 1188 X.5i.
688 1147 797 1185 nobis
826 1146 879 1183 ita
909 1145 1111 1197 praecipit:
1140 1143 1226 1182 Sive
1242 1155 1303 1181 er-

180 1218 232 1258 go
262 1203 552 1251 manducatis,
579 1205 658 1240 sire
687 1199 810 1238 bibitis
834 1229 844 1248 ,
872 1202 951 1236 sive
980 1197 1090 1236 aliud
1118 1196 1209 1249 quid
1225 1196 1303 1248 fa,-

181 1261 268 1296 citis
286 1287 297 1306 ,
326 1261 466 1295 omnia
494 1259 536 1294 in
564 1256 740 1308 gloriam
767 1252 846 1292 Dei
863 1250 1029 1304 ιῘασίῑω
1057 1252 1198 1303 quibus
1219 1264 1303 1289 ver-

180 1310 244 1350 bis
271 1312 455 1348 contineri
486 1317 722 1361 praeceptum
743 1307 932 1345 referendi
952 1307 1084 1343 onmia
1104 1306 1143 1343 in
1161 1304 1303 1352 Deum,

180 1364 313 1402 saltem
345 1363 585 1410 virtualiter,
613 1363 720 1400 docet
749 1361 791 1400 S.
807 1359 976 1398 Thomas
1005 1372 1094 1396 cum
1123 1357 1304 1409 pluribus

179 1417 268 1455 aliis
296 1418 359 1466 (a)
377 1443 388 1455 .
419 1418 544 1468 Atque
572 1418 612 1454 in
643 1416 775 1452 eodem
804 1426 915 1451 sensu
934 1411 1084 1452 dicebat
1107 1410 1304 1462 Apostolus

179 1471 228 1509 ad
257 1470 398 1508 Coloss.
427 1471 495 1508 ΙΙΙ.
522 1482 606 1521 17.;
641 1467 775 1508 Omne
805 1464 1077 1517 quodcumque
1093 1462 1241 1515 jizcitis
1261 1467 1303 1500 ιή

180 1523 319 1571 verbo,
350 1533 419 1561 aut
449 1527 490 1560 in
518 1535 636 1574 opere
656 1552 668 1570 ,
704 1524 844 1559 omniu,
873 1523 915 1556 in
943 1522 1109 1555 nomine
1136 1516 1304 1555 Domini

179 1577 271 1616 Jesu
295 1577 438 1615 Christi
454 1577 590 1627 facite
607 1602 619 1615 .
648 1577 748 1623 Quae
778 1573 896 1612 verba
924 1573 971 1610 de
992 1584 1082 1611 vero
1110 1580 1303 1622 praecepto

181 1633 321 1669 iterum
352 1631 392 1669 S.
425 1630 596 1669 Thomas
626 1629 780 1680 exponit
809 1628 914 1665 Lect.
945 1625 1010 1663 Ill.
1049 1628 1087 1662 in
1118 1626 1218 1662 hunc
1248 1625 1302 1660 lo-

181 1698 300 1722 cum.
348 1683 441 1721 Vid.
470 1683 511 1721 S.
543 1684 777 1733 Augustinus
819 1680 868 1717 ile
904 1686 1073 1727 corrept.
1115 1678 1164 1717 ἴθ’
1192 1686 1298 1728 ἔπιτ’.

184 1751 272 1789 cap.
303 1736 342 1775 5.
372 1736 444 1774 Sed
475 1746 660 1786 praeterea
690 1742 742 1771 est
773 1732 841 1770 hoc
872 1741 1107 1783 praeceptum
1132 1729 1230 1780 juris
1250 1739 1301 1767 et-

181 1791 262 1829 iam
291 1790 500 1835 naturatis3
528 1802 604 1841 quo
633 1787 907 1837 astringimur,
947 1797 1010 1820 nos
1041 1785 1168 1834 ipsos,
1197 1782 1232 1818 &
1260 1795 1301 1819 o-

179 1845 286 1882 mnia
315 1856 433 1895 opera
462 1852 586 1880 nostra
615 1843 654 1879 in
676 1841 802 1878 Deum
824 1837 1040 1877 virtualiter
1069 1837 1236 1884 referre,
1266 1835 1299 1872 ὃς

179 1897 338 1948 quidem
368 1895 513 1947 triplici
543 1893 680 1941 titulo,
712 1907 847 1944 nempe
877 1890 1102 1938 creationis,
1151 1902 1300 1928 conser-

182 1950 341 1987 vationis
370 1948 403 1985 8<
435 1948 704 2000 redemptionis
735 1946 795 1997 (b)
814 1971 825 1983 .

236 2002 303 2041 83.
334 2001 390 2039 Ad
420 2002 630 2039 secundum
661 2013 761 2052 resp.
803 2011 893 2037 cum
922 1996 963 2035 S.
994 1995 1145 2034 Thoma
1181 1996 1222 2034 in
1250 1995 1301 2034 ΙΙ.

182 2055 282 2095 Dist.
312 2055 379 2101 40.
409 2068 473 2107 qn.
501 2068 535 2092 1.
565 2063 636 2092 art.
668 2054 705 2092 5.
734 2052 781 2090 ad
814 2066 849 2103 7.
869 2082 879 2100 ,
911 2059 1148 2103 praeceptum
1178 2048 1302 2098 illud,

180 2111 275 2162 quia
304 2108 580 2146 affirmativum
610 2116 689 2156 est,
737 2119 810 2144 non
842 2104 1006 2156 intelligi
1049 2105 1095 2142 de
1122 2102 1303 2141 omnibus

179 2164 341 2201 omnino
367 2161 679 2214 operationibus,
708 2160 772 2198 sed
801 2167 946 2197 tantum
975 2159 1021 2195 de
1041 2157 1222 2209 operibus
1236 2156 1302 2194 de-

181 2216 357 2256 liberatae
387 2215 615 2264 voluntatis,
646 2214 694 2253 ad
722 2226 811 2266 quae
832 2221 1068 2265 praeceptum
1091 2211 1161 2248 hoc
1189 2223 1303 2262 gene-

181 2269 314 2309 raliter
343 2270 586 2307 extenditur.
616 2268 741 2306 Immo
769 2280 834 2305 uec
863 2266 940 2304 dici
970 2266 1126 2303 omuino
1155 2273 1302 2316 potest,

183 2330 424 2375 praeceptum
453 2321 524 2359 hoc
555 2334 632 2359 esse
661 2334 765 2360 mere
793 2319 1096 2363 affirmativum3
1133 2320 1302 2356 continet

182 2377 288 2415 enim
318 2377 359 2413 in
387 2388 426 2412 se
454 2383 691 2427 praeceptum
721 2375 936 2424 negativum
954 2404 965 2421 ,
1007 2387 1057 2410 ne
1085 2371 1233 2423 aliquid
1262 2383 1303 2407 o-

182 2431 275 2468 tiose
302 2442 489 2480 agamus,
533 2427 603 2466 lioc
632 2436 683 2465 est
711 2427 856 2479 absque
886 2426 966 2464 ullo
995 2426 1101 2472 fine·,
1143 2434 1224 2462 tum
1254 2439 1301 2462 ne

182 2483 304 2523 finem
335 2483 375 2520 in
403 2481 519 2520 rebus
560 2482 695 2521 creatis
734 2481 1034 2528 constituamus,
1080 2479 1144 2518 sed
1170 2479 1304 2517 omnia

182 2534 398 2576 virtualiter
427 2534 560 2573 saltem
591 2536 802 2573 referamus
832 2535 872 2571 in
903 2533 1058 2572 Deum.

238 2589 305 2635 84.
335 2590 426 2627 Inst.
456 2592 610 2639 primO.
639 2586 805 2627 Nullum
834 2595 886 2624 est
915 2595 1149 2639 praeceptum
1165 2586 1301 2638 agendi

186 2656 336 2696 semper
363 2641 596 2681 deliberate:
637 2654 724 2694 ergo
751 2654 879 2694 neque
907 2649 959 2679 est
995 2649 1233 2693 praeceptum
1261 2653 1301 2678 o-

240 2800 284 2831 (a,
312 2797 346 2829 S.
371 2796 528 2831 Thomas
560 2796 596 2830 in
623 2798 666 2831 lt.
691 2795 785 2829 Dist.
810 2793 870 2839 40.
912 2793 1045 2839 Quaest.
1076 2805 1108 2827 ι.
1145 2801 1211 2827 art.
1237 2794 1305 2828 ult.

192 2838 233 2873 ad
262 2852 292 2883 7.
316 2842 391 2876 liaec
416 2843 545 2877 habet:
574 2865 600 2884 .,
626 2844 725 2884 Hoc,
750 2840 1006 2887 qiioddicitur:
1036 2840 1163 2875 Omnia
1183 2842 1216 2873 in
1232 2843 1306 2886 glo-

192 2908 219 2927 „
244 2888 332 2920 riam
356 2890 417 2922 Dei
444 2890 571 2930 facite,
596 2898 710 2935 potest
736 2889 888 2933 intelligi
915 2886 1129 2932 dupliciter,
1170 2889 1226 2920 vel
1253 2888 1306 2921 as-

193 2954 219 2973 „
244 2931 437 2974 firmative,
459 2937 514 2968 vel
539 2937 721 2981 negative.
750 2936 784 2969 Si
811 2935 999 2980 negative,
1023 2935 1071 2967 sic
1090 2943 1141 2967 est
1159 2946 1279 2967 sensus
1294 2947 1303 2965 :

191 3000 217 3019 „
243 2978 330 3011 nihil
355 2990 473 3014 contra
498 2983 611 3016 Deum
637 2982 798 3022 faciatis3
824 2985 856 3014 ὃ(
881 2980 946 3014 hoc
970 2979 1074 3015 modo
1092 2989 1306 3025 praeceptum

195 3046 221 3065 2,
245 3033 296 3058 est
394 3026 428 3057 Si
456 3036 571 3060 autem
597 3029 817 3072 intelligatur
839 3028 1073 3067 affirmative,
1098 3027 1162 3060 hoc
1188 3036 1303 3071 potest

191 3092 219 3111 „
245 3082 319 3122 epse
343 3069 552 3120 dupliciter-3
576 3083 633 3107 aut
660 3076 709 3108 ita
726 3074 818 3119 qnod
836 3075 985 3107 actualis
999 3075 1127 3107 relatio
1144 3074 1179 3106 in
1193 3075 1306 3106 Deum

194 3137 219 3157 ,‚
246 3126 290 3169 sit
317 3125 504 3159 conjuncta
521 3121 656 3169 *actioni
691 3130 818 3155 nostrae
855 3121 1028 3160 cuilibet,
1070 3132 1137 3153 non
1163 3119 1305 3164 quidem

192 3184 221 3204 ,5
245 3174 280 3195 in
305 3172 411 3214 actu,
436 3161 494 3213 sed
519 3175 555 3214 in
579 3166 734 3207 virtute,
758 3166 949 3201 secundum
975 3166 1068 3212 quod
1094 3167 1206 3199 virtus
1233 3166 1307 3211 pri-

194 3230 221 3250 „
245 3220 311 3242 mae
337 3207 568 3241 ordinationis
599 3220 715 3244 manet
740 3213 775 3245 in
813 3213 977 3246 omnibus
1017 3212 1213 3247 actionibus
1252 3223 1306 3245 se-

196 3276 222 3297 „
247 3254 434 3299 quentibus
450 3275 460 3293 ‚
497 3254 587 3287 sicut
612 3259 643 3287 δι
667 3258 779 3290 virtus
815 3259 893 3292 finis
918 3260 1036 3292 ultimi
1061 3267 1180 3292 manet
1208 3259 1243 3291 in
1269 3270 1310 3291 o-

195 3324 223 3341 „
247 3301 389 3334 mnibus
415 3300 541 3334 finibus
566 3298 609 3332 ad
628 3301 742 3344 ipsimi
756 3303 925 3338 ordinatis
940 3319 949 3336 z
977 3307 1072 3339 &sic
1085 3304 1197 3338 adhuc
1216 3315 1312 3349 prae-

198 3369 224 3384 „
249 3356 390 3393 ceptum
412 3355 464 3380 est
491 3348 554 3380 &c-
580 3349 634 3378 “⁷
658 3345 738 3381 vid.
763 3349 872 3383 etiam
895 3351 933 3384 in
958 3351 1030 3394 Qu.
1053 3351 1093 3387 de
1120 3352 1309 3387 Chai-itate

795 106 876 152 DE
910 106 1048 151 AGT.
1083 104 1243 150 HUM.
1278 102 1545 149 DISSERT.
1568 103 1626 146 ΙΙ.
1659 102 1788 147 CAP.
1809 104 1889 148 IV'.

1376 183 1482 220 inuia
1513 182 1702 219 referendi
1732 184 1772 219 in
1813 183 1931 220 finem
1963 181 2190 221 honestum.
2237 182 2348 222 Cons.
2377 184 2496 238 prob.

1375 235 1460 272 Non
1492 236 1618 272 minus
1647 235 1752 271 enim
1781 238 1978 287 proprium
2011 245 2062 274 est
2091 236 2255 275 hominis
2284 252 2391 289 agere
2427 243 2490 277 de-

1372 287 1559 336 liberate,
1604 301 1722 339 quam
1751 290 1917 328 actiones
1943 303 2029 328 suas
2072 290 2111 328 in
2140 290 2258 329 finem
2288 291 2488 332 honestum

1370 341 1532 392 dirigere
1549 367 1561 379 .

1423 394 1491 432 85.
1522 393 1634 446 Resp.
1665 406 1750 445 neg.
1780 406 1883 432 cons.
1925 394 1968 433 In
1999 408 2045 433 eo
2069 403 2199 435 autem
2237 399 2401 450 positum
2434 407 2486 438 est

1368 446 1598 494 discrimen,
1627 449 1730 498 quod
1760 447 1799 484 in
1829 446 1994 486 hominis
2022 459 2197 501 potestate
2219 465 2293 489 non
2316 464 2363 489 est
2387 467 2487 491 seiu-

1370 513 1439 552 per
1468 514 1576 552 agere
1605 499 1837 545 deliberate;
1866 500 1962 539 bene
1991 515 2080 540 vero
2108 504 2147 541 in
2177 515 2297 542 nostra
2328 517 2489 557 potesta·

1370 562 1404 590 te
1434 562 1485 591 est
1502 582 1513 602 ,
1542 554 1856 605 quotiescumque
1884 554 2092 593 deliberate
2120 559 2267 608 agimus
2288 559 2403 597 finem
2421 560 2487 597 ho-

1371 615 1517 645 nestum
1547 607 1655 645 nobis
1685 607 1778 658 ipsis
1809 619 2045 658 proponere.

1425 660 1491 699 86.
1520 661 1610 699 Inst.
1638 658 1837 698 secundo.
1885 660 2011 698 Nimis
2039 661 2178 699 durum
2221 666 2396 714 videtur,
2440 679 2487 705 az

1369 713 1484 766 plane
1514 712 1757 752 intolerabile
1787 712 1858 750 hoc
1887 722 2128 765 praeceptum
2148 716 2336 756 referendi
2357 722 2488 758 omnia

1369 781 1486 820 opera
1514 769 1554 805 in
1585 767 1712 804 Deum
1730 796 1741 814 ‚
1771 766 1804 802 8<
1835 780 1947 804 nemo
1976 776 2027 805 est
2057 769 2150 805 adeo
2169 782 2248 805 suae
2265 770 2395 809 salutis
2415 773 2488 810 sol-

1371 821 1527 870 licitus,
1557 822 1626 873 qui
1654 821 1700 858 de
1730 819 1846 871 hujus
1876 821 2060 872 praecepti
2081 824 2338 872 praeteritioiie
2367 839 2405 862 se
2425 840 2487 864 ac-

1371 884 1494 923 cuset,
1522 877 1643 913 immo
1672 888 1710 912 se
1740 873 1949 912 ridiculum
1980 888 2076 928 pene
2106 875 2270 924 faceret,
2300 878 2368 929 qui
2399 891 2487 916 con-

1370 929 1539 966 fiteretur
1557 958 1567 977 ,
1597 927 1759 967 barbam
1791 927 1944 965 fricasse
1962 959 1972 976 ,
2001 927 2147 966 lavasse
2176 942 2341 978 manus,
2379 939 2490 982 sputa

1370 981 1532 1034 jecisse,
1580 989 1643 1020 aut
1673 980 1823 1033 aliquid
1863 981 1990 1020 simile
2020 984 2162 1033 egisse,
2210 985 2304 1035 quin
2342 984 2412 1022 ista
2440 984 2489 1023 ad

1375 1036 1504 1075 Deum
1534 1036 1718 1073 referret.

1428 1089 1494 1141 87.
1526 1088 1639 1141 Resp.
1670 1096 1892 1141 preceptum
1923 1102 1998 1127 non
2027 1103 2133 1137 esse,
2164 1098 2203 1127 ut
2232 1091 2363 1129 omnia
2393 1091 2493 1136 refe·v

1371 1152 1506 1181 rantur
1536 1143 1575 1180 in
1606 1143 1734 1180 Deum
1763 1143 2003 1191 actualiter,
2033 1143 2135 1196 quod
2165 1145 2296 1196 utique
2325 1145 2490 1194 durum,

1371 1197 1493 1234 immo
1522 1197 1624 1234 factu
1655 1195 1769 1248 plane
1799 1197 2038 1248 impossibile
2067 1197 2163 1234 foret
2182 1226 2192 1244 ,
2224 1198 2287 1235 sed
2318 1199 2495 1236 virtuali-

1371 1258 1432 1287 ter
1461 1258 1606 1289 tantum
1625 1278 1635 1297 ,
1665 1249 1768 1300 quod
1798 1248 1986 1287 facillime
2015 1258 2218 1301 praestatur
2247 1251 2296 1289 ab
2327 1265 2392 1299 eo,
2422 1251 2492 1304 qui

1372 1304 1489 1341 vitain
1520 1316 1630 1339 suam
1661 1303 1700 1339 in
1721 1301 1794 1339 Dei
1823 1301 1987 1351 gloriam
2016 1303 2192 1340 ordinat.
2221 1304 2331 1341 Certe
2361 1306 2429 1356 qui
2446 1304 2494 1342 ad

1373 1357 1645 1407 perfectionem
1684 1355 1773 1394 vitae
1803 1354 2030 1393 Christianae
2073 1354 2283 1404 anhelant,
2332 1367 2396 1394 aut
2424 1371 2496 1395 sae-

1371 1410 1484 1461 pius,
1513 1418 1578 1447 aut
1607 1408 1654 1445 ad
1685 1408 1811 1445 miuus
1840 1408 1957 1445 semel
1988 1409 2026 1445 iu
2054 1408 2140 1456 die,
2169 1421 2300 1447 omnes
2329 1411 2496 1448 actiones

1371 1476 1455 1500 suas
1486 1464 1524 1499 iu
1546 1461 1673 1499 Deum
1701 1461 1867 1512 dirigere
1895 1470 2173 1500 consueverunt
2190 1487 2202 1498 .
2232 1462 2345 1510 Quod
2375 1463 2405 1500 si
2425 1462 2499 1500 liu-

1370 1514 1536 1566 jusmodi
1567 1513 1742 1553 virtualis
1769 1513 1904 1553 relatio
1945 1516 2256 1566 praetermittatur
2278 1546 2289 1565 ,
2336 1529 2411 1553 nou
2441 1517 2499 1554 vi«

1372 1570 1469 1618 deo,
1497 1569 1690 1619 quomodo
1718 1567 1769 1605 ab
1798 1566 1995 1619 aliquibus
2023 1569 2198 1617 dicatur,
2229 1582 2307 1607 esse
2337 1568 2496 1618 inutile,

1371 1633 1436 1661 aut
1465 1621 1673 1659 ridiculum
1703 1621 1750 1658 de
1778 1619 1850 1658 hac
1879 1621 2081 1658 omissione
2110 1635 2176 1659 seu
2206 1635 2384 1660 accusare
2403 1650 2414 1661 .
2453 1622 2497 1662 Si

1371 1674 1581 1713 ridiculum
1612 1673 1713 1711 haud
1744 1674 1863 1721 foret,
1894 1687 1931 1711 se
1960 1687 2139 1712 accusare
2168 1675 2214 1712 de
2243 1676 2374 1714 verbis
2404 1678 2497 1714 otio-

1369 1730 1446 1773 sis3
1475 1728 1665 1779 quomodo
1695 1726 1904 1765 ridiculum
1935 1729 2032 1775 erit,
2063 1742 2101 1765 se
2130 1741 2310 1766 accusare
2337 1730 2384 1767 de
2405 1743 2498 1782 ope-

1369 1782 1476 1819 ribus
1504 1779 1662 1819 otiosis?
1691 1781 1869 1818 Ceterum
1899 1781 1933 1817 8<
1964 1780 2063 1818 illud
2093 1782 2311 1819 addendum
2343 1790 2424 1830 est,
2455 1797 2499 1820 a-

1369 1836 1510 1872 ctiones
1526 1834 1710 1886 quasdam
1727 1848 1815 1886 quae
1832 1843 1976 1872 naturae
1993 1836 2253 1874 commoditati
2275 1836 2499 1885 inserviunt,

1373 1902 1445 1926 non
1473 1901 1561 1926 raro
1590 1887 1677 1925 fieri
1707 1889 1784 1926 siae
1813 1887 1894 1925 ulla
1930 1889 2191 1936 advertentia,
2240 1888 2273 1926 8<
2303 1888 2495 1928 delibera-

1370 1944 1499 1988 tione3
1528 1941 1575 1979 de
1603 1941 1747 1994 quibus
1775 1942 1935 1994 proinde
1963 1941 2072 1980 nulla
2100 1941 2142 1980 fit
2171 1942 2376 1993 disputatio
2395 1969 2406 1980 .

1423 1994 1491 2034 88.
1521 1995 1611 2032 Iiist.
1641 1998 1756 2032 tertio
1775 2020 1786 2032 .
1815 1995 1855 2033 S.
1887 1995 2058 2033 Thomas
2088 2008 2282 2046 exponens
2311 1994 2409 2033 illud
2444 1995 2496 2033 A-

1369 2056 1468 2102 post.
1503 2062 1537 2086 ι.
1565 2048 1654 2086 Cor.
1685 2047 1737 2086 X.
1771 2047 1925 2086 Omnia
1955 2052 1997 2086 in
2024 2048 2198 2101 gloriam
2228 2047 2306 2086 Dei
2324 2047 2495 2099 jizcz'ce:

1370 2101 1515 2151 sufficit
1545 2115 1639 2155 ergo
1656 2132 1667 2150 ,
1697 2103 1847 2153 inquit,
1877 2101 1979 2153 quod
1999 2104 2142 2152 aliquis
2158 2101 2413 2140 liabitualiter
2433 2115 2494 2141 re-

1357 2156 1480 2209 ferat
1509 2169 1577 2204 se,
1606 2156 1656 2196 <9¹
1684 2159 1824 2192 omnia
1853 2169 1928 2193 sua
1957 2159 1999 2192 in
2027 2154 2164 2192 Deum
2183 2180 2193 2193 .

1425 2210 1495 2262 89.
1523 2209 1637 2261 Resp.
1655 2239 1666 2257 ,
1696 2208 1861 2246 verbum
1890 2207 1990 2247 illud
2019 2206 2274 2247 habitualiter
2303 2208 2405 2247 idem
2438 2223 2494 2247 es-

1369 2278 1437 2314 se,
1479 2277 1524 2301 ac
1552 2262 1799 2312 virtualiter,
1848 2263 1951 2314 quod
1989 2263 2090 2314 apud
2119 2262 2163 2300 S.
2192 2262 2386 2301 Thoinam
2417 2276 2492 2300 non

1371 2327 1423 2356 est
1451 2318 1609 2355 omnino
1638 2315 1827 2365 insolens,
1858 2325 1897 2354 ut
1926 2330 2016 2354 curn
2046 2316 2114 2354 111.
2143 2315 2185 2354 P.
2215 2316 2294 2364 Qu.
2323 2315 2391 2362 64.
2421 2325 2496 2354 art.

1371 2372 1411 2411 8.
1440 2373 1488 2410 ad
1518 2371 1556 2410 5.
1585 2370 1706 2417 dicit,
1756 2370 1796 2408 iu
1835 2370 2011 2408 ministro
2038 2369 2278 2409 Sacramenti
2321 2368 2499 2408 sufficere

1370 2426 1622 2464 intentionem
1651 2421 1924 2472 habitualem,
1954 2422 2025 2461 hoc
2055 2432 2108 2461 est
2129 2424 2362 2462 virtualem.
2389 2424 2498 2461 Cete-

1370 2493 1456 2517 rum
1487 2479 1590 2517 idem
1620 2476 1828 2529 Auge-licus
1856 2478 1997 2516 Doctor
2027 2477 2067 2515 in
2091 2477 2140 2514 ΙΙ.
2169 2485 2272 2515 sent.
2303 2477 2404 2514 Dist.
2425 2475 2493 2515 58.

1370 2533 1516 2580 Quaest.
1552 2546 1584 2570 1.
1614 2541 1685 2569 art.
1721 2545 1755 2570 1.
1785 2531 1832 2570 acl
1861 2529 1901 2577 4.
1940 2559 1967 2577 „
1996 2529 2057 2568 Ad
2085 2527 2184 2577 hoc,
2214 2532 2360 2580 inquit,
2390 2530 2494 2581 quod

1387 2615 1398 2635 ,
1428 2585 1592 2638 alicujus
1622 2586 1780 2624 actionis
1823 2584 1912 2623 finis
1941 2584 1987 2621 sit
2014 2582 2146 2631 Deus,
2194 2581 2254 2621 vel
2296 2581 2493 2631 charitas,

1386 2671 1399 2691 ,
1427 2653 1503 2680 non
1531 2647 1703 2693 oportet,
1732 2639 1834 2691 quod
1853 2637 1996 2691 agendo
2015 2634 2127 2675 illam
2141 2637 2329 2675 actionem
2351 2635 2501 2688 aliquis,

2338 2717 2364 2739 32
2393 2689 2442 2727 de

1370 2616 1381 2636 2

1370 2670 1381 2690 7

1375 2803 1441 2829 art.
1467 2807 1520 2829 11.
1541 2792 1584 2829 ad
1613 2805 1645 2828 2.
1670 2796 1702 2827 δι
1728 2792 1760 2827 3.
1788 2792 1947 2838 Longum
1971 2801 2091 2827 autem·
2113 2800 2203 2826 esset
2220 2802 2341 2825 omnes
2360 2788 2495 2824 sspa-

1373 2850 1444 2876 tres
1470 2844 1647 2887 allegare,
1687 2841 1747 2885 qui
1772 2840 1847 2873 haec
1870 2841 2029 2885 Apostoli
2055 2839 2161 2873 verba
2186 2838 2227 2872 de
2253 2850 2337 2872 vero
2361 2848 2494 2882 praece·

1371 2898 1433 2933 pto
1457 2887 1678 2933 interpretati
1703 2894 1804 2920 sunt.
1830 2887 1918 2920 Sane
1945 2886 2103 2920 Ecclesia
2128 2885 2252 2918 Graeca
2277 2885 2313 2917 in
2339 2895 2401 2917 sno
2420 2882 2492 2914 Ea-

1373 2936 1536 2978 chologio
1559 2933 1658 2967 edito
1679 2945 1698 2966 a
1717 2932 1846 2966 Goario
1871 2933 1918 2965 ita
1944 2942 2133 2977 precatur:
2161 2931 2308 2965 Domine
2325 2952 2335 2971 ‚
2359 2932 2415 2974 qui
2431 2939 2494 2971 per

1372 2981 1579 3024 Apostolum
1604 2988 1692 3013 tuum
1720 2978 1857 3012 Paulum
1881 2983 1993 3012 omnia
2018 2984 2054 3012 in
2078 2983 2225 3024 gloriam
2242 2986 2329 3011 tizam
2354 2988 2411 3008 11⁰5
2426 2973 2494 3016 fa-

1374 3039 1457 3060 cere
1477 3029 1670 3070 praecepisti
1697 3028 1788 3064 διας
1834 3030 1866 3058 &
1891 3027 1924 3058 S.
1951 3024 2149 3060 Bernardus
2189 3026 2223 3057 in
2249 3025 2402 3056 Ser-mon.
2430 3021 2492 3052 tit.

1374 3074 1426 3106 De
1452 3071 1671 3107 obedientia.-
1699 3072 1880 3117 Quidquid
1893 3072 2072 3116 facimus,
2098 3066 2492 3115 inquic‚jubem11rfii-

1373 3131 1454 3153 cere
1476 3123 1513 3154 in
1538 3121 1685 3164 gloriam
1713 3118 1805 3152 Dei.

1421 3167 1468 3206 (b)
1497 3165 1576 3199 Non
1600 3175 1652 3199 est
1690 3163 1794 3208 hujus
1821 3164 1890 3198 loci
1921 3165 2152 3202 examinare,
2189 3171 2231 3193 an
2254 3158 2330 3192 haec
2363 3157 2491 3192 relatio

1372 3213 1542 3246 virtualis
1563 3212 1722 3245 omnium·
1745 3222 1889 3255 operum
1918 3212 1952 3244 in
1972 3212 2083 3244 Deum
2108 3207 2232 3240 debeat
2256 3205 2341 3239 orii-i
2361 3216 2404 3238 ex
2418 3215 2491 3238 mo·

1375 3260 1449 3293 tivo
1474 3258 1684 3296 charitatis,
1727 3258 1851 3289 saltem
1877 3257 2072 3295 inchoatae,
2112 3262 2151 3285 ut
2177 3251 2291 3285 schola
2320 3251 2489 3295 Augusti-

1373 3306 1479 3339 niana
1505 3317 1585 3338 cum
1612 3315 1679 3336 non
1706 3303 1825 3346 paucis
1851 3303 1929 3335 aliis
1950 3299 2133 3343 Theologis
2160 3297 2358 3332 contendit.
2387 3298 2487 3331 Hanc

1372 3351 1533 3387 eamdem
1555 3348 1764 3386 sententiam
1778 3369 1793 3390 ,
1820 3357 1863 3383 ut
1886 3349 2003 3382 Sanct-
2030 3345 2176 3380 Thomae
2200 3346 2343 3381 omnino
2367 3352 2491 3379 conso-
