2562 3694
1045 130 1124 177 DE
1158 131 1294 178 FIDE
1311 160 1322 174 .

456 265 631 306 CAPUT
672 269 722 307 ΙΙ.

207 372 272 414 De
300 376 537 413 necessitate
553 374 660 428 fitlei
689 373 744 414 tztl
772 375 973 413 salutem.

53 515 57 519 .
90 457 310 525 15.Vetus
338 480 430 519 olim
465 482 734 520 Gnosticorum
772 495 875 520 error
907 482 999 529 suit,
1039 480 1153 518 etiam

29 536 109 574 sine
139 534 214 573 side
243 534 549 588 supernaturali,
591 549 680 573 cum
724 535 801 572 sola
832 535 903 572 Dei
943 535 1155 585 cognitione

30 587 276 641 Philosophos
295 602 461 642 paganos
482 599 696 627 consecutos
711 604 787 626 esse
810 589 988 626 salutem:
1018 600 1154 640 quam-

30 641 164 681 obrem
196 640 446 694 Pythagorae,
478 641 670 689 Platonis,
709 642 944 689 Aristotelis,
974 640 1157 679 aliorum-

31 709 108 748 que
138 696 321 747 imagines
349 695 583 734 adorabant.
630 696 667 733 ld
705 705 883 734 testantur
919 695 959 733 S.
993 694 1158 731 lrenaeus

33 748 124 787 Lib.
142 749 172 787 l.
214 762 300 801 cap.
331 749 395 788 25.
429 748 470 787 S.
500 748 742 801 Epiphanius
774 747 931 786 Haeresz
961 746 1127 785 Xtht.
1146 775 1156 794 ‚

31 801 162 840 Sanct.
184 801 413 854 Augustinus
443 801 489 839 tle
521 800 744 840 Haeresibus
774 816 882 841 uum.
902 816 938 852 7.
968 800 1001 836 ἃ
1033 800 1157 838 Theo-

32 855 181 893 doretus
210 853 258 893 de
274 853 431 906 sabulis
461 853 616 893 Haeret.
656 856 756 894 idem
788 856 942 893 sensis-ie
976 855 1075 891 visu-1
1105 861 1157 891 est

32 906 206 960 Pelagius
223 937 233 956 ,
262 909 354 960 qui,
382 917 471 946 teste
490 909 616 947 Sauct.
641 911 847 961 Augustino
870 909 955 946 Lib.
974 907 1020 944 il.
1052 906 1154 956 Ope·

32 965 88 1000 ris
117 959 277 1012 imperf.
306 975 346 1000 n.
383 961 469 1000 118.
499 961 702 1015 definivit:
733 992 759 1010 ,‚
788 962 900 1009 Quod
930 973 1003 997 uon
1035 973 1078 997 ex
1111 960 1155 997 fi-

33 1045 60 1064 „
89 1015 136 1052 de
184 1015 458 1054 iucarnationis
500 1016 639 1054 Christi
688 1016 838 1068 antiqui
882 1015 1044 1052 vixerint
1087 1013 1154 1050 Ju-

33 1098 61 1117 „
91 1069 164 1116 sti,
206 1069 299 1120 quia
341 1067 517 1107 videlicet
559 1069 730 1107 nondum
769 1069 806 1105 in
845 1080 958 1106 carne
1003 1076 1156 1105 venerat

34 1151 60 1170 „
87 1122 258 1160 Christus
274 1121 319 1159 ”2
348 1121 459 1159 Hunc
489 1134 654 1159 errorem
687 1123 875 1159 revocavit
903 1122 952 1159 ab
981 1133 1069 1159 orco
1089 1134 1156 1158 an-

32 1184 68 1214 te
97 1176 174 1212 duo
200 1174 341 1213 saecula
368 1172 621 1226 Zvviuglius,
663 1176 730 1226 qui
761 1178 800 1211 in
831 1172 1015 1225 Expoett.
1047 1172 1156 1211 Fidei

34 1227 91 1266 nil
110 1226 258 1264 Friznc.
274 1226 328 1276 I.,
357 1239 446 1279 quae
476 1237 555 1278 post
575 1227 656 1278 ejus
675 1237 836 1266 mortem
857 1229 905 1265 ab
928 1227 1044 1266 Heur.
1068 1227 1157 1265 Hul-

34 1279 181 1332 liugero
209 1281 308 1319 edita
329 1280 428 1328 fuit,
458 1281 636 1319 videndos
666 1295 742 1319 esse
771 1282 920 1319 dicebat
949 1296 1037 1319 cum
1069 1282 1158 1319 bea·

36 1335 85 1374 tis
104 1337 144 1372 in
165 1332 266 1372 coelo
285 1332 515 1382 Herculem,
546 1332 763 1381 Theseum,
794 1335 1051 1387 Antigonum,
1081 1334 1161 1372 Nu-

37 1401 170 1436 mam,
210 1386 445 1435 Aristidem,
488 1386 657 1439 aliosque
688 1387 802 1439 hujus
830 1389 977 1439 generis
1008 1387 1161 1439 plure33

38 1442 238 1494 praecipue
278 1448 406 1478 autem
449 1439 636 1480 Senecam
665 1470 676 1490 ,
723 1455 839 1494 quein
882 1443 1162 1480 sanctissimum

39 1503 174 1534 vocat·

103 1546 161 1585 16.
195 1545 410 1585 Dolendum
441 1555 491 1584 est
522 1547 634 1586 etiam
657 1547 856 1586 nonnullos
876 1547 1088 1586 Catholicos
1120 1562 1163 1586 ea

39 1600 267 1648 tradidisse,
310 1613 398 1652 quae
430 1600 519 1638 huic
549 1602 666 1638 errori
699 1603 871 1652 proxime
899 1604 1078 1639 accedere
1108 1604 1165 1639 vi-

39 1655 176 1692 dentur
206 1655 299 1703 (a.);
340 1661 469 1690 contra
497 1666 590 1704 quos
618 1654 877 1691 necessitatem
913 1654 1001 1691 fidei
1034 1667 1165 1704 super-

39 1704 223 1746 naturalis
244 1708 282 1744 in
304 1704 431 1743 Demn
446 1735 456 1752 ,
489 1715 527 1743 ut
546 1715 737 1744 auctorem
753 1708 883 1757 gratiae
902 1735 912 1753 ,
942 1705 975 1742 &
997 1704 1035 1743 iu
1057 1707 1168 1743 Chri-

42 1770 140 1798 stum
159 1758 314 1797 hutnani
330 1760 474 1811 generis
491 1760 782 1811 redemptorem,
803 1759 1168 1797 demonstrabimus.

107 1826 167 1863 ¹7·
198 1811 269 1849 Pro
300 1811 444 1863 majore
473 1823 602 1850 autem
619 1814 866 1851 dicendorum
885 1813 997 1859 luce,
1027 1811 1170 1864 duplex

42 1866 309 1918 distinguenda
337 1875 388 1903 est
417 1868 615 1904 necessitas
632 1896 642 1914 ,
672 1865 790 1904 altera
818 1879 905 1918 quae
928 1866 1067 1903 dicitur
1087 1879 1171 1904 me-

44 1919 130 1964 cm,-
165 1918 311 1967 altera,
340 1932 428 1971 quae
458 1929 511 1957 est
539 1923 724 1970 praecepti
755 1929 899 1957 tantum
919 1946 927 1956 .
959 1918 1086 1957 Prima
1117 1927 1170 1956 est

44 1972 199 2027 quando
227 1971 377 2023 aliquid
405 1973 456 2010 ita
485 1973 532 2010 ad
562 1973 721 2011 salutem
757 1974 965 2011 necessario
1009 1973 1171 2024 requiri-

45 2035 136 2074 tur,
167 2034 207 2063 ut
235 2026 314 2063 sine
341 2037 387 2062 eo
415 2024 517 2064 salus
547 2025 653 2064 nullo
682 2039 834 2078 prorsus
865 2026 976 2064 modo
1004 2025 1171 2063 obtineri

43 2088 180 2133 queat;
217 2091 285 2116 nec
314 2077 394 2116 ulla
423 2079 584 2132 proinde
615 2081 829 2132 ignorantia
859 2079 918 2117 vel
951 2078 1172 2130 impotentia

48 2140 224 2170 excusat:
264 2131 350 2170 talis
379 2141 431 2170 est
460 2133 669 2170 secuudum
699 2146 829 2171 omues
858 2131 1070 2182 Theologos
1101 2131 1171 2168 Ba-

49 2185 179 2239 ptismi
197 2187 398 2224 necessitas
415 2210 425 2223 .
446 2184 547 2223 illud
563 2192 686 2223 autem
709 2185 848 2226 dicitur
867 2183 991 2224 solum
1011 2185 1056 2223 de
1068 2197 1172 2233 prce-

110 2377 159 2412 (α)
185 2370 360 2406 Nonnulli
387 2371 559 2417 Theologi
587 2370 749 2407 arbitrati
777 2382 872 2414 sunt,
899 2374 1008 2407 solam
1025 2373 1182 2407 existen-

56 2420 114 2453 tiae
131 2420 194 2453 Dei
210 2441 222 2460 ‚
248 2419 392 2464 ejusque
407 2419 636 2453 Providentiae
664 2420 764 2453 tidem
784 2420 825 2454 ad
846 2422 996 2454 saluum
1021 2432 1095 2453 esse
1122 2432 1184 2453 ne-

58 2467 259 2500 cessariam.
289 2467 338 2499 Ιιει
354 2466 560 2500 Ambrosius
587 2467 799 2500 Gathar-inus
828 2468 860 2501 in
890 2477 965 2512 cap.
995 2469 1034 2499 ΙΙ.
1060 2478 1114 2512 ep.
1142 2465 1185 2500 ad

58 2513 186 2553 Βοιὼ,
213 2513 380 2546 Tostatus
407 2513 442 2545 in
469 2524 544 2556 cap.
573 2514 702 2546 Xi'lil.
729 2517 816 2546 (ien-
833 2536 843 2554 ,
869 2515 943 2547 Jac.
972 2512 1082 2547 Faber
1108 2515 1186 2546 Sta-

55 2559 237 2604 pistensis,
276 2559 463 2593 Fortuuius
491 2560 632 2592 Licetus
649 2581 660 2599 ‚
695 2560 815 2593 Petrus
840 2559 1037 2600 Jarricius,
1075 2560 1187 2592 Hora·

61 2606 131 2640 tius
159 2605 326 2646 Tubero,
354 2605 509 2650 aliique,
536 2618 622 2650 quos
649 2607 732 2639 citat
754 2602 928 2640 Arnaldus
955 2607 989 2639 in
1017 2606 1106 2639 libro
1133 2606 1187 2638 in·-

60 2652 192 2697 scripto
218 2650 274 2685 De
301 2654 335 2686 la
361 2657 536 2685 nec-essm³¹
559 2654 602 2686 de
628 2655 661 2685 Ia
679 2653 738 2696 fui
765 2667 805 2686 eu
831 2653 864 2685 J.
889 2654 930 2685 C.
957 2653 1060 2686 '1¹01n.
1081 2653 1123 2685 ΙΙ.
1150 2652 1186 2685 in

56 2696 147 2731 tine.
188 2704 200 2738 (
227 2699 292 2732 Hic
316 2698 408 2731 iiber
435 2699 597 2743 vulgatus
623 2709 674 2732 est
701 2712 720 2732 a
747 2700 902 2743 Dupiniu
941 2707 1066 2732 contra
1097 2710 1184 2744 opus

57 2743 113 2776 De
139 2746 174 2778 la
200 2752 292 2778 uer-tu
317 2746 380 2778 des
397 2744 538 2789 pay-ens
564 2747 608 2778 ‹le
621 2745 672 2778 M.
690 2744 730 2778 de
747 2746 779 2778 la
801 2743 938 2778 Motthe
959 2745 988 2778 le
1006 2745 1127 2790 Vayer
1147 2751 1158 2784 )
1177 2764 1185 2776 t

63 2789 183 2823 Etiam
204 2790 357 2827 ‚celebris
383 2791 538 2825 Didacus
566 2791 682 2835 l'ayva
702 2791 742 2826 ‹le
763 2789 926 2825 Antii-ada
953 2793 986 2825 in
1013 2793 1084 2825 suis
1110 2791 1188 2825 Ex-

60 2837 308 2880 plicationibus
333 2837 550 2872 orthodoxis
576 2840 619 2871 cle
645 2847 794 2871 controv.
822 2838 897 2871 Hel.
926 2838 1044 2881 Cupit·
1072 2837 1189 2871 Philo-

61 2881 178 2927 sophis
194 2882 341 2926 Paganis
357 2904 367 2923 ,
392 2885 450 2929 qui
467 2885 579 2917 Deum
600 2895 805 2929 cognoscere
823 2907 834 2925 ‚
861 2886 891 2917 8<
911 2883 1022 2918 colere
1038 2906 1050 2925 ‚
1075 2896 1188 2928 quan-

60 2937 135 2961 tum
162 2929 196 2961 in
222 2940 257 2960 se
282 2937 382 2970 erat,
408 2932 521 2964 conati
550 2939 630 2964 sunt
647 2953 657 2970 ‚
684 2933 834 2965 salutem
858 2929 1027 2975 denegare
1049 2951 1060 2970 ,
1086 2938 1188 2963 vocat

60 2974 345 3014 immanitatem,
369 2987 440 3020 qua
465 2976 615 3010 deterior
642 2979 738 3010 nulla
763 2989 837 3010 esse
867 2985 1005 3021 potest.
1037 2977 1187 3019 Longius

8 3031 9 3034 ’
61 3032 264 3066 progressus
289 3029 341 3053 est
362 3022 528 3055 Erasmus
546 3044 556 3062 ‚
583 3023 682 3065 cujus
708 3036 746 3056 ea
764 3022 804 3056 de
826 3025 967 3056 Socrate
993 3035 1058 3056 vox
1086 3031 1182 3054 erat:

61 3067 182 3101 Parum
207 3067 302 3100 abest
330 3076 363 3101 itt
388 3069 527 3101 dicum.-
553 3070 592 3100 5.
614 3071 779 3108 Socrates
805 3083 863 3103 ora
881 3082 944 3112 pro
963 3082 1039 3107 me‚·
1065 3067 1106 3101 de
1126 3069 1187 3102 Ci-

63 3124 184 3147 cerone
211 3122 327 3146 autem
344 3135 354 3154 ,
380 3114 440 3147 Me
465 3122 557 3147 certe
574 3136 584 3153 ,
611 3116 723 3159 inquit
741 3137 751 3154 ,
777 3128 841 3147 nrm
866 3117 1042 3148 admodum
1066 3117 1188 3148 aduer-

66 3171 135 3192 sum
158 3160 308 3193 habitari
338 3170 412 3193 sunt
439 3166 473 3193 in
483 3161 651 3204 ferendis
669 3163 816 3194 calculis
834 3182 845 3201 ‚
870 3165 924 3204 qui
947 3170 1084 3203 sperant
1098 3160 1189 3204 apud

66 3216 202 3246 superos
229 3209 326 3240 illum
352 3212 495 3250 quietum
521 3211 621 3240 ultum
646 3218 747 3250 «igere
763 3231 770 3238 .
801 3207 898 3239 t’raet'.
929 3207 962 3239 in
990 3207 1095 3240 'Fusc-
1117 3209 1184 3249 Qu.

66 3249 109 3282 ad
134 3251 189 3284 Jo.
207 3252 418 3286 Ul-ttenum.
448 3253 580 3286 Probus
609 3263 724 3286 autem
743 3275 752 3291 ,
780 3251 870 3297 apud
899 3252 1035 3296 Lupum
1063 3251 1187 3285 Ferra-

69 3297 175 3328 riens.
201 3307 254 3340 ep.
276 3309 347 3340 ¹.·.o.²
374 3300 536 3334 Ciceroni
557 3299 717 3343 adjungit
737 3299 927 3343 Virgilium
943 3318 954 3338 ,
980 3307 1183 3342 ceterosque

65 3342 330 3387 probatissimos
347 3347 526 3380 Gentiles.
557 3348 720 3379 hatoni-is
747 3344 895 3389 denique
923 3356 988 3378 non
1018 3344 1123 3377 aliam
1151 3345 1186 3376 in

65 3387 292 3428 Ahmhamo,
327 3403 434 3436 quam
473 3394 508 3426 in
537 3393 794 3438 Xenophonte,
831 3395 863 3424 ἃ
888 3391 1054 3425 Cicerone
1079 3389 1187 3423 fuisse

2204 143 2292 185 155.

1223 219 1355 263 cepto,
1385 212 1485 263 quod
1515 212 1541 249 si
1575 220 1727 264 propter
1749 214 2040 266 impotentiam,
2071 217 2131 255 vel
2164 219 2335 267 ignorau-

1222 269 1314 306 tiam
1345 264 1614 304 invincibilem
1644 269 1863 316 omittatur,
1892 268 1940 307 ab
1972 280 2110 309 aeterua
2138 266 2256 310 salute
2275 273 2343 311 ob·

1222 318 1374 359 tineuda
1403 330 1476 356 nou
1505 318 1686 369 impedit.

1256 370 1342 410 ’18.
1374 370 1500 410 Etiam
1530 370 1671 423 duplex
1701 372 1879 423 distingui
1908 375 1999 413 solet
2029 377 2148 426 sides,
2182 379 2344 428 explici-

1223 436 1295 474 ta,
1324 425 1373 466 (9·
1403 425 1594 476 implicita
1613 449 1623 462 .
1667 423 1795 463 Prima
1825 436 1902 474 est,
1932 431 2085 479 quaudo
2113 433 2267 470 articuli
2297 433 2343 470 fi·

1223 481 1285 519 dei
1314 477 1443 527 clare,
1482 479 1682 526 distincte,
1726 476 1760 513 8(
1792 479 1828 515 in
1860 493 1897 516 se
1929 482 2016 531 ipsis
2045 496 2343 534 cognoscuntur,

1224 533 1257 569 ἃ
1287 532 1514 570 creduntur:
1557 530 1735 569 secuntltz
1777 541 1933 580 autern,
1976 537 2129 586 quando
2164 539 2345 578 duntaxat

1223 586 1378 624 confuse
1407 586 1554 638 aliquid
1584 585 1775 632 creditttr3
1807 596 1844 623 ut
1873 588 1939 638 qui
1968 588 2192 637 generaliter
2214 592 2347 630 Eccle-

1223 642 1291 678 siae
1321 640 1458 686 credit,
1491 642 1604 677 etiam
1634 638 1823 691 implicite
1850 654 1895 677 ea
1923 641 2054 678 omnia
2080 644 2227 690 credit,
2256 657 2346 696 quae

1226 693 1400 732 Ecclesia
1428 693 1626 740 definivit,
1655 692 1912 745 omnibusque
1935 692 2135 732 Fidelibus
2163 697 2349 736 credenda

1227 747 1430 798 proponit.
1472 746 1655 784 Calvinus
1686 745 1782 784 hauc
1811 746 1927 784 fidem
1961 748 2199 798 Implicitam
2229 749 2349 788 veluti

1227 799 1510 837 Catholicorum
1540 809 1827 848 commentum,
1865 800 1912 838 ad
1943 801 2142 839 fovendam
2174 804 2351 853 ignoran-

1224 855 1318 891 tiam
1349 854 1485 890 acriter
1516 853 1714 890 insectatur
1747 853 1834 891 hit».
1857 853 1921 891 lli.
1952 852 2053 892 Just.
2081 869 2167 906 cap.
2189 857 2228 895 3.
2270 857 2348 895 Sed

1223 905 1331 944 aliud
1360 915 1411 944 est
1439 905 1510 944 sub
1540 906 1628 944 fidei
1661 906 1860 958 implicitae
1899 917 2083 959 praetextu
2111 909 2281 948 debitam
2311 912 2351 948 iu

1226 958 1430 1011 Religionis
1459 959 1582 997 studio
1601 959 1837 1010 diligentiam
1858 963 2029 999 omittere
2046 992 2056 1009 ,
2085 963 2187 1014 quod
2215 963 2351 1016 culpa·

1225 1013 1304 1051 bile
1335 1027 1411 1051 esse
1429 1043 1438 1060 ‚
1470 1015 1715 1066 maximeque
1744 1014 2019 1065 deplorandum
2039 1045 2049 1062 ‚
2091 1015 2279 1054 Catholici
2307 1031 2349 1054 o-

1225 1081 1332 1105 mues
1363 1065 1613 1118 profitentur3
1643 1067 1744 1104 aliud
1778 1067 1956 1119 plenam,
1986 1070 2280 1122 (listiuctainque
2308 1083 2349 1108 o-

1225 1122 1376 1158 mnium
1408 1120 1495 1158 fidei
1525 1130 1659 1158 nostrae
1682 1120 1933 1159 articulorum
1955 1122 2242 1174 intelligentiam
2263 1136 2354 1163 con-

1225 1175 1361 1227 sequi,
1391 1174 1493 1225 quod
1524 1175 1586 1211 vix
1617 1176 1802 1225 sapientes
1819 1205 1829 1222 ,
1861 1175 1894 1210 8(
1914 1176 2042 1221 d‹›cti;
2074 1177 2184 1213 rudes
2205 1186 2347 1225 autem,

1226 1227 1260 1264 St
1290 1227 1458 1265 illiterati
1487 1240 1532 1264 ne
1560 1228 1625 1264 vix
1654 1227 1811 1279 quidem
1829 1238 2005 1279 possunt3
2035 1230 2137 1281 quod
2152 1230 2353 1278 Calvinus,

1230 1279 1512 1373 ἒῐάῦαῐὲιοίἰςοε
1542 1281 1670 1318 reddat
1711 1281 1882 1328 odiosos,
1922 1282 2082 1320 subdole
2124 1283 2355 1322 confundit.

1260 1349 1278 1372 e
1333 1348 1354 1371 a
1411 1347 1520 1371 rem.

1291 1400 1350 1439 ¹9·
1382 1386 1528 1425 inventi
1558 1396 1644 1424 sunt
1665 1385 1848 1438 Theologi
1868 1418 1878 1435 ‚
1908 1390 1974 1440 qui
2007 1397 2205 1438 putarent,
2235 1389 2280 1427 ad
2302 1403 2359 1428 sa·

1229 1440 1348 1479 lutem
1380 1439 1554 1478 sufficere
1585 1440 1700 1478 fidem
1730 1443 1965 1490 implicitam
1997 1441 2069 1481 Dei
2089 1473 2100 1491 ,
2145 1452 2184 1480 ut
2225 1451 2357 1482 auctor

1231 1504 1281 1532 est
1312 1493 1641 1546 supernaturalis,
1683 1493 1809 1546 qualis
1839 1495 1933 1532 fides
1963 1510 2038 1534 esse
2077 1506 2194 1547 potest
2224 1498 2262 1534 in
2291 1496 2360 1534 lto-

1234 1550 1336 1586 mine
1365 1549 1404 1584 in
1435 1546 1576 1599 sylvis,
1621 1546 1680 1584 vel
1720 1549 1817 1585 inter
1856 1547 2036 1586 barbaros
2066 1551 2253 1598 euutrito,
2290 1550 2362 1602 qui,

1234 1601 1356 1639 solutu
1388 1600 1534 1638 lumine
1554 1599 1719 1638 naturali
1742 1601 1890 1649 Deum,
1921 1612 1959 1638 ut
1991 1604 2156 1653 primam
2186 1601 2375 1640 omnium*

1234 1667 1365 1691 rerum
1395 1667 1549 1690 causam
1580 1663 1782 1703 agnoscat,
1827 1655 1864 1690 in
1902 1656 1997 1692 votis
2041 1665 2167 1692 autem
2196 1655 2364 1702 habeat,

1236 1715 1359 1743 cetera
1387 1718 1540 1756 quoque
1569 1719 1768 1755 agnoscere
1785 1735 1795 1752 ,
1826 1706 1979 1743 credere
1998 1736 2008 1753 ,
2038 1707 2071 1742 &
2094 1708 2244 1755 facere,
2272 1721 2365 1759 quae

1236 1759 1283 1796 ad
1314 1757 1473 1795 salutem
1504 1760 1694 1810 pertinent
1711 1756 1795 1807 (h).
1825 1757 1899 1796 Sed
1931 1759 1976 1796 iis
2006 1759 2133 1809 bona,
2165 1759 2198 1795 &
2226 1762 2360 1798 melior

1239 1811 1527 1862 'Pheolngorum
1554 1824 1643 1862 pars
1673 1824 1747 1848 uua
1773 1825 1864 1849 cum
1890 1811 1933 1851 S.
1967 1810 2119 1852 Thema
2146 1826 2184 1852 2.
2204 1826 2240 1852 2.
2269 1828 2308 1866 q.
2326 1827 2363 1853 2.

1235 1875 1310 1904 art.
1333 1865 1370 1904 5.
1400 1864 1640 1915 refragatur.

2201 2237 2322 2283 PRO-

1251 2368 1374 2412 fidem,
1411 2382 1513 2405 ausus
1539 2378 1590 2404 est
1617 2366 1798 2410 scribere,
1831 2368 1859 2404 si
1892 2382 1974 2405 vera
2007 2379 2127 2405 narrat
2161 2372 2305 2405 Vossius
2331 2380 2376 2405 ext

1252 2418 1318 2453 fide
1345 2418 1432 2451 Phil.
1460 2418 1717 2451 Melancthonis
1744 2418 1895 2451 Li]›.ttt.
1922 2418 2022 2452 Ilisc.
2042 2418 2117 2452 Pel.
2144 2420 2180 2452 P.
2201 2420 2259 2451 ill·
2278 2417 2371 2451 'rhe-

1253 2466 1282 2500 si
1311 2466 1374 2499 xl.
1405 2466 1455 2498 lta
1481 2463 1627 2497 dilatata
1655 2465 1761 2498 semel
1789 2464 1867 2504 via,
1906 2473 1976 2497 tam
2003 2466 2124 2503 multis
2151 2472 2291 2508 apertus
2316 2471 2371 2496 ese

1255 2512 1378 2546 salutis
1407 2513 1614 2557 ingressus.⁴
1641 2509 1741 2556 Pejus
1769 2522 1851 2544 vero
1875 2511 2037 2545 omnibus
2062 2510 2224 2543 deliravit
2250 2519 2374 2543 auctor

1255 2559 1337 2592 libri
1367 2557 1421 2591 De
1449 2559 1570 2591 salute
1586 2557 1796 2591 Aristotelis
1813 2578 1824 2596 ,
1849 2557 1908 2600 qui
1934 2556 2025 2590 hunc
2050 2557 2240 2591 litlinicum
2259 2556 2375 2589 Philo·

1256 2604 1402 2649 sophum
1430 2615 1509 2638 cnm
1537 2605 1571 2636 S.
1597 2605 1731 2638 Joanne
1758 2603 1913 2647 Baptista
1946 2614 2030 2646 pene
2068 2613 2269 2646 comparare
2305 2614 2374 2634 non

1255 2650 1454 2684 dubitavit.
1492 2651 1689 2684 Novissime
1715 2659 1830 2683 autem
1858 2649 1893 2680 P.
1920 2649 2054 2681 Gavina
2082 2650 2114 2681 in
2140 2660 2200 2680 sua
2225 2647 2377 2681 editione

1257 2697 1533 2731 Dissertationis
1550 2700 1758 2741 anagogica,
1779 2695 1976 2739 theologie-2
1993 2717 2003 2735 ‚
2020 2698 2224 2737 pannones
2244 2696 2287 2727 de
2307 2693 2373 2727 Pu-

1258 2745 1401 2784 radiso,
1429 2744 1590 2778 Panormi
1622 2743 1722 2785 1762.
1751 2751 1784 2786 p.
1811 2742 1892 2784 089.
1919 2753 1996 2774 eam
2023 2742 2229 2774 sententiam
2255 2740 2378 2776 ‹lesen-

1256 2789 1337 2823 «lere
1358 2803 1392 2824 se
1410 2789 1522 2830 dicit,
1547 2799 1623 2833 quae
1639 2788 1810 2821 Ethnicos
1828 2809 1838 2827 ‚
1864 2785 2146 2828 llluhometuuos‚
2171 2787 2379 2826 llaereticos,

1258 2837 1536 2875 Schismaticos,
1563 2834 1722 2868 llebraeos
1747 2837 1918 2867 turmatim
1945 2835 2085 2867 sulutem
2101 2837 2237 2877 assequi
2255 2837 2379 2877 sempi-

1257 2891 1387 2918 ternam
1411 2885 1512 2917 docet
1528 2904 1535 2912 .
1561 2879 1730 2923 Ejusdem
1756 2881 1885 2914 erroris
1912 2890 2094 2913 accusatus
2119 2889 2170 2914 est
2198 2877 2379 2913 Mormon-

1257 2930 1362 2963 telins
1391 2930 1424 2962 in
1452 2939 1513 2962 suo
1539 2926 1714 2960 Belisario
1742 2939 1771 2959 c.
1803 2938 1882 2967 ro.,
1908 2926 1968 2960 ubi
1996 2925 2153 2971 pluribus
2181 2925 2324 2971 Paganis
2351 2927 2380 2957 i-

1257 2973 1439 3008 dololatris
1466 2974 1613 3007 salutem
1640 2981 1806 3007 aeternam
1840 2973 1874 3005 in
1912 2973 2000 3005 coelo
2034 2970 2190 3006 concedit
2211 2992 2221 3012 ,
2259 2981 2378 3005 contra

1257 3033 1362 3065 quem
1387 3017 1497 3054 videri
1526 3028 1668 3064 possunt
1695 3020 1846 3053 Centum
1872 3019 2066 3052 Facultatis
2091 3019 2289 3061 theologiae
2317 3017 2378 3049 Pa-

1258 3067 1414 3099 risiensis
1443 3079 1497 3100 an.
1531 3066 1659 3108 ¹757·›
1698 3068 1729 3097 ἃ
1766 3064 1952 3099 Instructio
1977 3065 2170 3100 Pastor-alis
2196 3063 2379 3107 Archiepi·

1258 3113 1353 3156 scopi
1381 3113 1584 3146 Parisiensis
1611 3111 1686 3145 eod.
1714 3123 1804 3146 anno
1835 3113 1939 3157 1767.

1304 3160 1351 3197 (b)
1381 3160 1429 3191 ita
1457 3158 1612 3192 sentiunt
1642 3155 1798 3191 Andreas
1815 3159 1909 3203 Vega
1928 3157 2080 3193 Lib.vt.
2108 3163 2143 3192 in
2158 3156 2253 3190 Trid·
2273 3157 2376 3188 Conc-

1260 3215 1290 3236 c.
1317 3216 1396 3246 ¹7·›
1423 3206 1454 3236 Sc
1483 3215 1536 3236 20.
1564 3215 1667 3247 qumn
1693 3206 1801 3238 secuti
1829 3214 1908 3238 sunt
1935 3205 2087 3245 Suarcz,
2115 3204 2376 3241 Tamburinus,

1257 3249 1363 3282 Cat-«1.
1390 3249 1431 3281 de
1460 3251 1581 3293 Lugo,
1609 3250 1761 3294 aliique.
1801 3250 1880 3285 Vid.
1908 3253 2043 3285 Calmet
2076 3252 2168 3284 Diss.
2196 3248 2376 3293 prmmissa

1257 3298 1394 3328 Comm.
1423 3296 1457 3327 in
1483 3306 1537 3340 ep.
1564 3297 1597 3328 S.
1624 3295 1746 3337 Pauli,
1773 3299 1830 3331 An
1858 3298 2041 3336 Gentiles,
2066 3298 2182 3340 quibus
2207 3304 2307 3336 mets-:ie
2332 3294 2378 3325 tle

1256 3339 1348 3383 Lege
1363 3341 1532 3383 Mor-sis,
1558 3355 1661 3386 neque
1686 3344 1730 3376 de
1748 3343 1941 3389 Evangelio
1967 3345 2100 3386 aliquid
2120 3344 2265 3375 innotuit
2285 3361 2295 3379 ‚
2322 3351 2378 3371 su.-

1257 3390 1359 3422 Iutem
1383 3388 1536 3422 obtinere
1560 3393 1760 3432 potuerint?
