2570 3745
889 148 970 195 DE
1003 144 1259 195 HAERESI
1293 144 1688 194 PELAGIANA.
2343 151 2368 193 5

127 241 183 284 Ei
209 239 250 280 S.
278 233 509 289 Augustinus
536 231 661 274 serm.
694 229 784 271 113.
812 229 866 269 al.
898 243 936 268 2.
965 230 1011 269 cle
1043 228 1176 269 Verbis
1193 231 1245 268 A·

163 302 234 334 cs't.
264 305 372 330 num.
394 303 455 328 ιο.
476 287 591 326 Tem.
621 285 672 325 V.
701 284 796 324 Jam
825 283 874 323 de
903 297 954 322 ea
983 296 1110 322 causa
1136 286 1152 334 (
1176 283 1243 322 Pe-

132 310 284 398 Lgiana
301 345 316 393 )
333 373 344 392 ‚
375 343 498 396 inquit
514 370 527 390 ,
556 341 632 379 duo
658 338 829 377 conciiia
857 341 983 375 missa
1003 336 1167 376 suntad
1185 351 1246 376 Se-

135 399 228 439 dem
242 397 512 450 Apostolicam
529 410 544 441 ;
573 393 663 432 inde
683 397 808 431 etiam
824 396 1015 443 rescripta
1031 400 1217 430 venerunt
1231 417 1243 430 .

136 452 275 492 Causa
289 449 419 505 finita
448 457 506 487 est
520 464 535 494 ‚·
569 450 727 486 utinam
755 446 805 488 (9⁴
834 459 943 484 error
962 443 1243 497 aliquando-fi-

133 509 272 545 niatro-
299 504 388 556 (α).
418 502 589 554 Pelagius
619 501 752 539 eodem
782 509 950 552 tempore
977 513 1056 538 suae
1085 497 1174 536 fidei
1195 498 1244 536 li-

131 557 284 598 bellum
312 557 361 598 ad
390 555 650 595 Innocentium
679 556 833 593 miserat
851 583 861 601 ,
902 554 970 604 qui
998 562 1122 592 tamen
1149 564 1243 590 nou-

129 612 206 651 nisi
235 619 316 663 post
345 609 462 660 hujus
481 608 675 647 Pontificis
703 608 850 646 obitum
868 604 1027 644 Romam
1047 605 1244 658 pervenit,

133 663 169 700 ἃ
197 663 351 702 zosimo
377 662 461 714 ejus
488 662 690 700 successori
721 661 878 698 traditus
899 668 978 706 est,
1009 657 1245 712 &posthaec

131 717 254 756 altum
282 725 334 754 est
362 717 402 755 in
431 715 587 754 historia
616 716 662 752 de
692 712 843 764 Pelagio
868 711 1066 751 silentium
1087 738 1098 751 .
1135 711 1247 751 Nunc

131 783 257 823 pauca
284 769 330 807 de
358 769 562 808 Coelesti0.

188 824 254 861 ιδ.
283 822 358 861 Hic
386 837 476 861 eum
504 818 758 869 Carthagine,
795 817 863 856 ubi
889 819 1017 857 *fuerat
1045 834 1068 857 a
1096 817 1248 869 Pelagio

128 875 311 923 relictus,
342 876 464 927 impia
491 873 524 909 ἃ
552 871 730 923 pestifera
757 884 825 908 sua
852 872 1028 922 dogmata
1049 871 1176 924 palam
1196 885 1242 910 ac

130 929 372 982 impudenter
399 933 612 979 spargeret,
643 938 665 961 a
694 922 856 960 Paulino
871 923 911 960 S.
934 923 1129 962 Ambrosii
1150 926 1246 963 Dia-

129 995 229 1020 cono
256 979 466 1032 iuSynodo
492 984 686 1015 accusatus
707 986 787 1023 est,
815 984 929 1027 atque
944 978 1082 1013 erroris
1101 990 1145 1013 ac
1162 991 1245 1026 per-

130 1036 283 1074 tinaciae
297 1033 489 1071 convictus
504 1060 515 1079 ‚
543 1028 781 1068 anathemate
802 1041 999 1080 percussus
1016 1031 1095 1078 (an.
1117 1029 1246 1077 412.).

130 1088 205 1127 lue
231 1098 321 1124 vero
346 1083 637 1136 appellationem
667 1083 715 1122 ad
745 1080 1004 1133 Apostolicam
1020 1082 1159 1120 sedem
1190 1083 1248 1119 in-

128 1139 308 1191 terposuit
337 1136 447 1186 )-vid.
478 1136 566 1174 Nat.
598 1136 707 1175 Alex.
737 1136 896 1177 Dissert.
925 1135 975 1172 ll.
1006 1135 1044 1172 iu
1065 1135 1166 1174 Saec.
1197 1134 1246 1173 V.

130 1201 262 1231 contra
290 1190 400 1229 Joan.
423 1189 636 1239 Latium):
667 1219 695 1239 ,‚
725 1197 804 1243 post
833 1197 959 1227 autem
987 1187 1247 1240 appellatione

127 1273 158 1296 „
183 1243 353 1296 neglecta
382 1243 579 1297 Ephesum
607 1243 710 1281 Asiae
751 1242 886 1281 urbem
909 1242 1131 1288 contendit5
1171 1242 1247 1281 ibi-

129 1326 160 1348 „
187 1312 263 1350 que
289 1311 402 1336 ausus
429 1306 482 1335 est
517 1311 585 1349 per
625 1295 889 1348 obreptionem
925 1294 1054 1334 locum
1083 1295 1247 1349 Presby-

129 1379 160 1401 ,‚
189 1352 258 1389 teri
287 1359 441 1403 petere..
469 1351 561 1388 Inde
589 1358 670 1402 post
699 1351 909 1403 aliquantos
928 1362 1048 1387 annos
1068 1349 1139 1387 sub
1157 1364 1246 1387 san·

130 1432 161 1454 3,
190 1412 261 1442 σιω
290 1404 487 1441 memoriae
518 1403 645 1441 Attico
672 1403 864 1456 Episcopo
902 1402 1037 1440 urbem
1057 1402 1247 1441 Constan-

126 1485 160 1507 „
189 1456 478 1508 tinopolitanam
509 1457 626 1508 petit,
669 1457 737 1493 ubi
776 1458 820 1494 111
848 1455 1042 1493 similibus
1083 1455 1247 1493 detectus

130 1538 160 1560 5,
189 1522 328 1560 magno
350 1510 479 1547 studio
505 1510 623 1547 sancti
654 1507 758 1546 illius
778 1509 851 1545 viri
871 1521 917 1545 ex
940 1508 1124 1557 praedicta
1144 1507 1248 1546 alma

131 1590 161 1613 ³³
190 1562 287 1600 urbe
310 1561 489 1600 detonsus
510 1570 569 1598 est
598 1563 615 1610 (
636 1559 800 1596 Marius
827 1559 1040 1596 Mercator
1065 1561 1107 1597 in
1134 1561 1249 1598 Com—

126 1643 160 1664 „
189 1614 320 1651 monii.
350 1626 386 1651 c.
408 1613 556 1662 2.)“;
596 1625 643 1650 ac
684 1619 768 1650 tum
795 1611 952 1650 demum
984 1611 1143 1648 Romam
1174 1613 1248 1651 sub

127 1666 407 1707 Ῥοπὴ-20911110
434 1666 628 1719 perrexit,
658 1673 699 1704 ut
717 1664 930 1718 neglectam
950 1663 1248 1718 appellationem

126 1719 368 1772 postliminio
394 1727 706 1772 prosequeretur.

192 1771 624 1824 19.·Porro>coetesiius
658 1781 811 1812 *tantum
846 1771 1064 1811 calliditate
1090 1771 1247 1821 valuit,

134 1833 176 1865 ut
202 1825 377 1865 Zosimus
404 1827 615 1878 suspicatus
643 1826 785 1874 suerit,
814 1840 904 1864 eum
932 1827 1127 1879 praecipiti
1148 1825 1253 1878 judi-

132 1879 197 1918 cio
220 1879 338 1918 fuisse
366 1877 508 1930 injuste
536 1879 586 1918 ab
606 1879 798 1918 Africanis
825 1880 1121 1917 condemnatum
1138 1907 1148 1917 .
1177 1878 1251 1917 Su-

135 1933 304 1985 ·pioatus
330 1932 493 1984 inquam
522 1933 594 1970 suit
613 1962 624 1980 ,
656 1946 730 1971 non
758 1942 886 1970 autem
909 1945 986 1984 ,pro
1000 1942 1108 1971 certo
1128 1934 1164 1972 id
1183 1932 1251 1971 ba—

132 1984 246 2031 buit5
275 1985 526 2038 quamobrem
554 2000 646 2024 eum
676 2001 697 2024 a
726 1987 912 2024 sententia
940 1987 1252 2025 excommunica-

133 2039 252 2078 tionis
279 2039 439 2077 minime
467 2038 630 2078 absolvit
647 2069 658 2086 ,
688 2040 868 2078 duntaxat
897 2039 1013 2092 paulo
1042 2039 1251 2078 acerbiori-

133 2090 215 2152 bus-
237 2089 371 2130 litteris
391 2091 600 2145 Episcopos
619 2093 821 2132 Africanos
849 2095 865 2143 (
883 2107 946 2131 an.
965 2093 1010 2139 41
1024 2107 1060 2145 7.
1077 2095 1092 2142 )
1110 2123 1120 2142 ,
1152 2106 1252 2145 prae-

135 2145 349 2197 cipitantiae
377 2159 579 2195 accusans,
608 2155 784 2199 paratum
813 2161 890 2184 esse
917 2160 956 2184 se
984 2148 1031 2185 ad
1052 2146 1252 2185 absolven-

133 2196 231 2236 dum
252 2197 482 2257 celestium
511 2198 756 2250 declarabat,
798 2200 873 2239 nisi
917 2201 1016 2238 iutra
1043 2200 1253 2238 secundum

136 2263 307 2290 mensem
332 2266 418 2304 ejus
445 2261 678 2292 accusatores
707 2253 868 2292 Romam
908 2254 1100 2293 venientes
1129 2256 1253 2305 impa-

136 2312 216 2342 ctas
237 2305 280 2343 -ei
303 2306 591 2346 criminationes
626 2308 737 2346 certis
766 2309 998 2359 argumentis
1026 2306 1254 2360 comproba-

138 2365 250 2395 rent.
283 2356 410 2408 Magis
434 2361 552 2398 etiam
593 2361 634 2398 iu
663 2375 732 2399 sua
759 2362 976 2412 suspicione
1005 2361 1255 2400 confirmatus

139 2418 196 2468 ²³}
211 2437 233 2468 2·
253 2419 406 2460 accepto
433 2411 536 2446 circa
563 2413 666 2449 idem
685 2423 834 2464 tempus
850 2413 992 2465 Pelagii
1013 2413 1148 2452 libello
1167 2428 1256 2466 sup-

139 2460 235 2514 plici
253 2489 264 2507 ,
292 2472 369 2520 quo
397 2473 504 2497 suam
532 2460 651 2498 fidem
680 2466 841 2514 probare
869 2467 1059 2506 nitebatur
1076 2498 1087 2516 ,
1116 2466 1256 2517 adjun-

139 2514 210 2552 ctis
239 2511 384 2565 Prayln‘
412 2512 570 2551 Jerosol.
601 2514 730 2566 Episc.
758 2520 1077 2557 commendatitiis
1097 2519 1254 2567 litteris,

138 2565 284 2619 quibus
311 2579 437 2604 causae
467 2564 611 2618 Pelagii
641 2569 790 2606 enixius
818 2569 1064 2621 adstipulator
1089 2574 1256 2611 interve-

142 2618 298 2662 niebat:
329 2617 536 2671 (Zosimus
564 2622 604 2658 111
633 2623 741 2672 epist.
772 2621 826 2659 acl
854 2621 1012 2674 Ajric.)
1043 2623 1100 2676 (b)
1118 2651 1128 2662 .

199 2685 267 2712 20.
295 2671 378 2713 Post
405 2681 534 2713 autem
561 2672 734 2712 Zosimus
763 2678 927 2727 acceptis
961 2690 1007 2715 ex
1036 2679 1168 2718 Africa
1195 2691 1257 2717 re-

190 2832 240 2869 (α)
270 2828 372 2863 Joa‘n.
391 2827 599 2865 *Gen-hardus
626 2830 769 2865 Vossius
784 2828 860 2866 Lib.
877 2835 900 2867 1.
926 2833 1022 2867 Hist.
1040 2829 1157 2879 Pelag.
1176 2841 1253 2882 cap.

145 2882 204 2918 27.
229 2875 370 2920 loquens
393 2875 435 2910 de
461 2878 628 2923 Epistolis
657 2880 848 2912 innocentii
876 2880 977 2912 Rom.
998 2881 1094 2913 Pont.
1115 2882 1253 2925 inquit:

146 2921 207 2953 An
230 2933 305 2954 vero
329 2922 496 2966 Epistola
522 2933 615 2957 tanto
642 2929 713 2958 sine
739 2927 850 2969 dignae
870 2927 1067 2966 Antis-tite,
1093 2933 1164 2959 eum
1176 2939 1255 2970 quo·-

144 2978 241 3020 qnam
253 2971 469 3021 contendere
495 2971 644 3004 nolumus
658 2992 667 3002 .
692 2970 854 3015 Negabat
879 2984 960 3005 sane
974 2974 1013 3006 r'd
1029 2985 1166 3017 mugnus
1183 2972 1256 3006 De-

145 3013 326 3064 sidet-ms,
351 3015 484 3067 scilicet
511 3018 679 3051 Erasmus
695 3040 704 3048 .
733 3020 827 3051 itane
855 3021 963 3052 vcro?
988 3021 1098 3063 Atqui
1125 3020 1158 3050 S.
1187 3021 1260 3052 An·

143 3066 305 3102 gustmus
331 3059 443 3105 Epist.
472 3064 550 3098 186.
575 3064 609 3095 al
635 3063 713 3096 106.
750 3063 794 3097 ad
819 3065 1004 3099 Paulinum
1031 3065 1111 3098 Nol.
1139 3065 1257 3109 Episc-

148 3115 227 3149 cap.
256 3116 286 3138 1.
312 3105 469 3140 laudatas
498 3110 685 3144 innocentii
706 3110 881 3155 Epistulas
906 3111 972 3145 lmc
998 3110 1120 3157 grandi
1147 3112 1258 3155 elegio

145 3160 317 3184 exornat:
342 3153 404 3186 Ad
429 3159 539 3188 omnia
564 3157 660 3189 nobis
678 3158 740 3190 ille
770 3163 782 3195 (
803 3159 1045 3196 innocentius)
1072 3162 1256 3201 rescripsit

142 3207 188 3252 eo·
209 3199 332 3253 modo?
351 3212 418 3254 quo
434 3200 502 3244 fas
527 3209 600 3234 erat
614 3222 626 3242 ,
648 3209 748 3247 ‘dtque
770 3205 947 3247 oportebat
966 3206 1175 3250 Apostolicae
1191 3204 1256 3238 Se-

149 3243 209 3276 dis
234 3245 442 3279 Antistztem
460 3270 468 3278 .

177 3290 242 3341 ,(ὖ).
270 3290 369 3344 Hinc·
386 3293 546 3326 nonnulli
585 3304 705 3327 ansam
741 3297 967 3341 arripuerunt
995 3296 1135 3330 Zosimo
1160 3297 1256 3329 Pela-

151 3342 310 3376 giamsmi
335 3336 450 3372 dicam
475 3340 714 3384 i=npinnend55
739 3341 798 3376 sed
821 3343 916 3377 illius
935 3341 1105 3378 vindicias
1124 3345 1256 3388 egimus

150 3378 190 3413 in
213 3379 323 3417 Temo
339 3383 401 3420 IV.
424 3395 504 3432 pag.
532 3367 613 3431 265.
639 3388 671 3420 &
695 3399 768 3433 seq.

1312 229 1458 280 sponsis
1479 257 1490 275 ‚
1531 227 1655 279 deque
1684 237 1725 263 re
1753 230 1828 263 tota
1855 225 1992 264 certior
2020 225 2167 276 factus,
2197 226 2363 265 monitus
2392 241 2431 265 e·

1311 286 1405 322 tiam
1435 296 1458 319 a
1485 279 1705 318 Constantio
1733 276 1969 316 nobilissimo
2000 282 2080 316 viro
2108 279 2257 333 (cujus
2287 293 2431 317 memo-

1313 338 1371 375 ria
1400 334 1442 372 fit
1473 335 1512 371 in
1544 331 1749 385 Martyrol.
1779 332 1840 369 die
1862 331 1927 370 30.
1950 331 2199 381 Novemb.),
2228 343 2358 372 coacta
2378 333 2430 372 E-

1311 391 1554 442 piscoporum
1584 385 1740 439 Synodo
1767 384 1870 423 diem
1889 383 2069 422 Coelestio
2097 387 2212 424 dixit.
2243 386 2317 423 Hic
2346 399 2432 424 suo-

1311 456 1398 480 rum
1428 441 1640 479 criminum
1669 440 1867 485 conscius,
1898 436 1931 472 8(
1960 451 2086 475 causae
2116 451 2193 474 suae
2223 438 2430 487 diffidens,

1317 494 1510 548 judicium
1539 492 1774 539 declinavit,
1803 491 1837 527 8(
1866 499 1955 528 tunc
1976 489 2148 529 Zosimus
2177 489 2233 528 nil
2262 491 2431 543 amplius

1310 546 1538 588 morandum
1557 555 1660 585 ratus
1677 575 1687 593 ,
1716 543 1939 596 Pelagium,
1969 553 2082 596 atque
2096 542 2341 591 Coelestium,
2368 557 2433 582 eo-

1313 614 1478 654 rumque
1507 599 1746 652 pestilentem
1778 596 1957 636 liaeresim
1987 597 2165 635 omuibus
2194 597 2285 634 diris
2315 597 2428 634 devo-

1314 657 1394 704 vit,
1413 653 1692 704 celebremque
1721 651 1920 703 epistolam
1941 651 2042 688 dedit
2061 649 2313 687 Tractoriczm
2342 651 2422 698 (c),

1315 710 1378 748 cui
1407 721 1534 746 omnes
1559 706 1747 758 Episcopi
1777 704 2018 743 subscribere
2038 703 2261 742 tenebantur
2278 730 2289 748 ,
2317 703 2434 741 venia.

1315 760 1622 814 resipiscentibus
1649 758 1857 812 promissa,
1899 758 2134 796 comminata
2161 764 2289 795 autem
2319 757 2437 807 perti-

1315 815 1476 854 nacibus
1504 814 1746 853 damnatione
1763 838 1774 851 .
1815 812 1858 852 S.
1889 811 2048 864 August.
2078 809 2127 849 cle
2149 822 2239 860 pec.
2267 812 2368 860 orig.
2396 821 2435 847 c.

1319 883 1384 908 22.
1414 867 1448 904 8(
1478 867 1519 906 S.
1548 866 1706 920 Prosper
1733 870 1776 904 ἰη
1804 878 1935 904 carm.
1966 864 2013 902 de
2043 867 2192 916 ingrat.
2221 877 2256 900 c.
2288 875 2325 900 2.

1368 935 1432 960 21.
1462 920 1615 958 zosimo
1641 935 1680 959 se
1717 934 1756 958 se
1783 919 1962 971 adjunxit
1991 919 2106 956 etiam
2135 915 2325 954 Honorius
2354 915 2432 952 Im-

1313 989 1396 1027 per.
1426 975 1574 1012 decreta
1604 975 1643 1012 in
1674 972 1902 1025 Pelagium,
1931 971 2156 1010 Coelestium
2174 1000 2185 1018 ,
2222 981 2435 1020 eorumque

1314 1027 1471 1066 asseclas
1501 1026 1607 1065 exit-ii
1648 1040 1793 1078 poena;
1829 1040 2054 1078 quanquam
2082 1023 2312 1070 Coelestius,
2353 1025 2438 1059 sive

1316 1079 1517 1117 Volusiani
1547 1080 1653 1117 urbis
1670 1079 1842 1130 praefecti
1864 1079 2115 1130 negligentia,
2145 1085 2208 1115 aut
2229 1075 2437 1114 conniven-

1316 1133 1398 1180 tia,
1427 1132 1508 1168 sive
1535 1130 1612 1167 alia
1640 1132 1687 1168 de
1715 1146 1829 1170 causa
1858 1132 1979 1170 Roma
2010 1144 2085 1169 non
2113 1130 2310 1176 discessit,
2346 1137 2433 1166 autc

1315 1200 1377 1224 an.
1407 1184 1501 1230 421.
1534 1196 1633 1221 nam
1662 1191 1762 1222 -tunc
1796 1194 1929 1234 agente
1966 1186 2204 1235 potissimum
2237 1180 2435 1219 Bonifacio

1315 1237 1461 1277 Zosimi
1489 1249 1723 1284 successore,
1754 1251 1777 1274 a
1803 1237 2020 1274 Constantio
2049 1237 2217 1285 Augusto
2245 1234 2295 1272 ab
2326 1233 2436 1271 Urbe

1315 1291 1535 1330 exturbatus
1564 1299 1644 1338 est,
1673 1290 1707 1326 8(
1739 1303 1814 1327 uua
1841 1303 1931 1327 cum
1961 1289 2108 1326 caeteris
2130 1286 2340 1337 Pelagiauis
2369 1299 2434 1322 ex-

1315 1355 1375 1384 tra
1401 1347 1652 1385 centesimum
1672 1343 1721 1382 ab
1743 1342 1838 1381 urbe
1858 1342 2029 1394 lapidem
2044 1341 2177 1393 degere
2193 1339 2316 1392 jussus
2346 1337 2438 1389 (Ro-

1314 1401 1390 1438 tius
1418 1402 1459 1438 in
1489 1396 1668 1436 Biblioth.
1690 1397 1790 1435 (lod.
1822 1396 1886 1434 53.
1910 1396 1922 1442 )

1372 1466 1437 1491 22.
1467 1451 1583 1490 Porro
1613 1450 1683 1488 hoc
1712 1450 1881 1488 solemne
1900 1448 2046 1487 Zosimi
2075 1445 2265 1498 judicium
2295 1458 2435 1496 magna

1316 1507 1428 1543 totius
1455 1504 1558 1542 orbis
1578 1503 1795 1542 Christiani
1823 1503 1984 1549 laetitia,
2029 1501 2062 1536 8(
2104 1501 2341 1539 consensione
2371 1511 2434 1534 exv

1317 1568 1472 1610 ceptum
1501 1566 1586 1603 est;
1630 1555 1697 1594 18.
1734 1564 1882 1594 tantum
1911 1554 2092 1606 Episcopi
2130 1555 2165 1591 ei
2194 1551 2435 1590 subscribere

1317 1611 1600 1657 detrectarunt,
1635 1611 1732 1646 inter
1760 1622 1855 1661 quos
1897 1608 2089 1645 eminebat
2117 1605 2293 1644 Julianus
2321 1603 2437 1642 Ecla-

1314 1663 1444 1702 nensis
1485 1661 1709 1714 (Eclanum
1739 1660 1845 1699 clara
1871 1661 1966 1697 olim
1996 1660 2087 1696 urbs
2115 1667 2194 1696 erat
2224 1670 2339 1708 prope
2369 1657 2439 1694 Be·-

1315 1724 1526 1755 neventum
1543 1744 1555 1764 ,
1584 1728 1686 1752 nunc
1713 1715 1791 1752 suis
1812 1713 1934 1751 ruinis
1954 1711 2132 1764 sepulta)
2164 1711 2204 1748 111
2222 1711 2437 1761 Campania

1318 1770 1534 1822 Episcopus
1550 1797 1561 1816 ,
1586 1767 1733 1805 illustri
1763 1765 1846 1804 loeo
1873 1775 1981 1804 natus
2004 1793 2014 1811 ‚
2039 1764 2198 1817 iugenio
2226 1771 2408 1815 praestans
2425 1792 2439 1812 ,

1318 1823 1542 1875 linguarum
1573 1821 1738 1874 peritia,
1766 1819 1857 1873 styli
1887 1819 2103 1871 elegantia,
2140 1816 2174 1853 8(
2203 1816 2323 1855 multa
2351 1830 2439 1853 eru—

1319 1877 1464 1915 ditione
1492 1873 1730 1928 perpolitus5
1752 1874 1824 1913 secl
1852 1873 1974 1912 studio
2000 1871 2218 1924 Pelagianae
2254 1868 2438 1908 haereseos

1318 1930 1412 1968 adeo
1440 1931 1480 1968 in
1511 1938 1765 1967 transversum
1794 1935 1925 1976 acuis,
1965 1934 2008 1964 ut
2046 1934 2125 1979 post
2153 1925 2224 1962 hoc
2254 1932 2432 1975 tempus,

1316 1985 1431 2023 totius
1459 1981 1578 2022 veluti
1602 1980 1703 2020 belli
1727 1994 1924 2019 summam
1956 1980 1995 2018 in
2022 1994 2062 2018 se
2083 1978 2314 2031 susceperit,
2346 1975 2433 2028 plu-

1318 2038 1507 2090 rimisque
1533 2036 1645 2075 editis
1673 2034 1812 2083 libris,
1841 2043 1954 2087 atque
1982 2031 2182 2072 laboribus
2210 2028 2408 2069 exantlatis
2425 2058 2435 2076 ,

1318 2090 1527 2129 infeliciter
1555 2088 1718 2127 celebris
1746 2088 1868 2127 factus
1907 2096 1986 2125 est.
2031 2089 2105 2125 An.
2136 2086 2229 2131 421.
2258 2096 2303 2121 ex
2333 2081 2439 2120 ltalia.

1317 2144 1450 2197 pulsus
1480 2144 1520 2181 in
1547 2142 1746 2179 Orientem
1773 2141 1981 2190 migravit,
2010 2138 2045 2174 8(
2065 2138 2210 2176 coelum
2231 2149 2332 2188 saepe
2354 2149 2438 2172 mu-

1320 2207 1400 2236 tare
1428 2204 1608 2243 coactus,
1639 2194 1796 2231 extorris
1824 2201 2003 2244 tanquam
2032 2190 2127 2228 alter
2151 2191 2248 2228 Cain
2290 2193 2357 2239 (ut
2385 2189 2438 2225 ait

1324 2252 1365 2290 S.
1395 2249 1621 2302 Fulgentius
1649 2262 1711 2298 ap.
1743 2246 1969 2297 Vignerium
2001 2245 2038 2281 in
2065 2243 2182 2281 Praef.
2214 2240 2335 2292 Oper.
2366 2245 2440 2277 im-

1321 2303 1425 2357 perf.
1454 2303 1495 2341 S.
1525 2301 1714 2353 August.)
1745 2308 1824 2351 post
1836 2296 2053 2336 'Ecclesiam
2074 2297 2182 2334 annis
2203 2296 2353 2332 circiter
2374 2292 2442 2332 58.

1323 2359 1425 2396 faede
1455 2355 1645 2394 turbatam
1664 2383 1675 2401 ‚
1718 2353 1853 2390 misere
1893 2349 1989 2388 obiit
2032 2351 2072 2388 iu
2102 2348 2263 2401 ignobili
2292 2345 2441 2386 Siciliae

1323 2411 1467 2464 oppido
1495 2421 1597 2447 anno
1624 2404 1720 2453 454.

1380 2464 1444 2501 25.
1476 2462 1581 2500 Alter
1610 2459 1825 2510 Pelagianae
1854 2455 2010 2496 liaeresis
2027 2455 2246 2509 coripliaeus
2266 2467 2438 2492 commu-

1324 2518 1420 2555 niter
1448 2513 1743 2553 commemorari
1772 2511 1865 2549 solet
1893 2511 2052 2563 quidam
2083 2511 2277 2549 Annianus
2299 2507 2437 2544 Diaco-

1323 2584 1394 2609 nus
1415 2567 1634 2607 Celedensis
1654 2593 1665 2605 .
1714 2565 1788 2604 Sed
1816 2565 1977 2617 quinam
2007 2565 2075 2601 iste
2104 2564 2243 2608 fuerit,
2287 2572 2437 2610 magnas

1323 2631 1410 2662 sunt
1438 2624 1534 2661 inter
1561 2621 1726 2659 eruditos
1755 2618 2020 2657 controversiae
2051 2615 2134 2665 (d).

1379 2675 1445 2723 24.
1474 2676 1655 2728 Denique
1696 2674 1801 2712 circa
1837 2671 1952 2710 finem
1981 2678 2071 2706 εἰπε.
2101 2665 2151 2706 V.
2181 2665 2440 2757 Paelaglianam

2315 2733 2384 2757 11η-

1368 2838 1416 2874 (e)
1445 2833 1524 2868 Non
1539 2826 1787 2866 Tractatoriam
1802 2848 1812 2866 ‚
1836 2830 1875 2856 ut
1900 2818 2042 2867 quidem
2067 2818 2254 2866 legendum
2266 2829 2339 2854 esse
2354 2829 2435 2852 cum

1323 2881 1465 2915 Labbeo
1490 2883 1707 2925 propugnant
1726 2895 1733 2903 .
1768 2868 1848 2904 Vid.
1875 2869 1956 2902 Nat.
1983 2866 2181 2901 Alexander
2217 2868 2253 2899 111
2280 2866 2366 2899 Saec.
2393 2866 2438 2898 V.

1323 2940 1399 2972 cap.
1428 2929 1461 2960 3.
1488 2935 1554 2959 art.
1581 2923 1614 2964 4
1648 2923 1679 2962 9.
1710 2931 1762 2951 1ο.
1782 2939 1793 2957 ,
1830 2919 1862 2949 δι
1885 2917 1940 2949 Jo·
1968 2915 2160 2947 Garnerius
2186 2922 2258 2946 not.
2285 2912 2320 2945 in
2345 2923 2375 2945 c.
2402 2913 2436 2946 3.

1325 2974 1527 3006 Commonie.
1555 2967 1656 3001 Marii
1684 2966 1833 2998 Mercat·
1862 2963 1944 2995 Haec
1973 2961 2104 2994 Zosimi
2124 2959 2304 2993 Praetoria
2329 2958 2438 3002 periit

1325 3018 1459 3053 invidia
1484 3023 1680 3058 temporum
1695 3032 1706 3052 ‚
1732 3013 1764 3044 δε
1787 3009 1899 3043 solum
1927 3007 2045 3052 aliqua
2070 3006 2145 3050 ejus
2164 3007 2360 3050 fragmenta
2377 3016 2436 3037 su-

1325 3074 1472 3110 persunt
1498 3059 1588 3105 apud
1613 3057 1849 3103 Augustinum
1875 3055 1989 3099 Epist.
2019 3065 2098 3097 ¹99·
2123 3053 2170 3095 al.
2202 3053 2308 3096 157.)
2344 3048 2436 3095 apud

1325 3113 1360 3146 S.
1389 3113 1596 3153 Prosper-um
1622 3105 1700 3138 11111.
1729 3103 1826 3137 Libri
1861 3109 1982 3134 contra
2007 3093 2238 3139 collatorem,
2276 3101 2308 3130 ἁ
2342 3094 2433 3141 apud

1323 3157 1360 3190 S.
1387 3153 1615 3191 Coeiestinum
1639 3152 1674 3184 in
1699 3161 1777 3196 cap.
1803 3145 1947 3182 adnexis
1970 3145 2090 3190 Epist.
2127 3147 2174 3180 ad
2197 3144 2319 3188 Episc.
2348 3144 2435 3176 Gal-

1324 3198 1612 3286 ιιῖάξδὲἰπδοᾎὶιιε
1636 3241 1680 3278 ad
1704 3250 1759 3276 an.
1785 3241 1866 3286 418.
1893 3252 1926 3274 11.
1956 3245 2135 3318 'Pri-'mat
2151 3259 2162 3278 ,
2197 3236 2284 3269 vitio
2308 3233 2434 3269 codicis

1325 3294 1430 3326 fnisse
1453 3292 1584 3326 lectum
1598 3292 1790 3325 Annianum
1807 3311 1817 3330 ,
1842 3299 1922 3321 curu
1935 3287 2001 3331 legi
2045 3285 2195 3319 ebuisset
2207 3282 2409 3316 Valerianus
2423 3301 2431 3309 .

1325 3339 1469 3372 Vossius
1496 3338 1573 3371 Lib.
1593 3339 1619 3371 1.
1645 3337 1744 3369 Hm.
1770 3334 1890 3378 Pelag.
1916 3344 1991 3377 cap.
2011 3331 2045 3364 6.
2071 3332 2255 3374 opinatur,
2280 3327 2342 3360 sub
2369 3326 2432 3374 1110

1324 3385 1475 3420 nominis
1498 3385 1598 3419 larva
1615 3383 1757 3419 latuisse
1775 3381 1956 3416 sulianum
1970 3377 2199 3413 Eclanensem
2213 3396 2225 3415 ,
2247 3374 2267 3408 J
2273 3381 2432 3406 amemus
