2562 3694
1089 106 1168 151 DE
1202 102 1340 149 FIDE
1359 134 1370 146 .

99 192 200 244 jecto
222 192 310 232 fidei
327 187 697 244 comprehenduntur
714 218 725 237 ,
748 195 788 227 ut
808 186 1009 241 praesentia
1025 216 1036 235 ‚
1067 186 1100 223 8t
1118 201 1216 238 prae-

96 249 233 296 terita,
276 260 362 299 quae
391 256 541 295 sperare
571 255 646 280 non
678 254 900 295 possumus,
944 242 1064 279 immo
1092 254 1217 292 neque

94 300 228 348 mala,
256 312 344 351 quae
372 295 565 347 objectum
595 297 740 334 timoris
769 305 878 334 sunt:
909 293 1161 347 quamobrem
1185 294 1215 331 i-

94 352 224 391 bidem
251 349 379 389 subdit
406 363 503 388 vers.
521 350 557 388 3.
589 348 682 387 Fide
711 349 964 400 intelligimus
992 356 1138 398 aptata.
1158 359 1217 384 es-

97 419 140 443 se
167 404 316 442 saeculu.
345 402 456 440 verbo
487 397 590 450 Dei,
620 410 659 439 ut
691 416 743 440 ex
772 400 1018 439 invisibilibus
1047 399 1210 438 visibilia.

78 457 260 511 fierent:
290 456 447 494 ulterius
468 470 563 494 vers.
580 455 618 493 6.
652 455 822 494 Credere
850 464 998 506 oportet
1019 453 1214 492 acceden-

89 518 174 547 tem
203 510 256 546 .ιί
275 509 403 547 Deum
433 514 526 561 quin.
556 518 613 546 est
631 524 645 552 ,·
674 523 718 547 ac
748 509 910 560 denique
932 523 1026 546 vers.
1051 522 1087 558 7.
1121 505 1213 544 Pide

90 561 184 603 Noe
212 575 397 613 responso
424 573 588 614 accepto
617 561 664 600 (le
695 561 774 611 his,
804 576 893 612 quae
910 561 1039 599 adhuc
1060 573 1138 596 non
1161 563 1211 596 νὶ-

89 614 285 654 ciebantur
300 647 310 664 ‚
342 627 522 655 metuens
552 620 702 664 aptarit
723 629 870 653 arcum
891 619 932 653 in
951 615 1122 653 salutem
1143 612 1209 651 do-

87 682 180 707 mne
208 683 320 708 suce-

139 724 177 761 5.
209 722 397 762 Postremo
426 724 589 763 notanda
619 731 776 761 sunt-ea
804 722 944 760 verba:
982 721 1205 774 Argumen-

85 784 174 814 tum
203 790 283 814 non
311 781 593 828 apparentium
611 806 622 824 ,
652 790 717 814 seu
749 785 786 814 ut
815 789 859 813 ex
880 777 1018 813 Graeco
1047 776 1206 821 eruitur,

82 833 272 868 convictio
286 844 438 879 eorum,
468 844 556 881 quite
578 843 656 867 non
673 829 849 867 vilerum
878 827 1046 877 ῗλεγχος
1076 827 1095 865 ἐ
1112 831 1204 876 βλε-

83 881 272 935 πομίνω.
303 883 431 923 lnhoc
447 886 551 922 enim
573 884 690 935 posita
721 894 772 921 est
803 882 884 920 laus
914 880 1030 923 futen
1061 889 1100 917 ut
1123 892 1206 931 pro-

86 943 171 986 pter
200 936 371 976 divinam
409 939 698 984 auctoritatem,
735 949 786 973 ea
828 936 942 973 etiam
988 932 1206 971 firmissime

80 988 313 1040 credamus,
355 1004 444 1043 quae
474 1005 588 1043 supra
618 1001 782 1027 nostram
814 990 992 1027 rationem
1024 996 1108 1024 sunt
1141 999 1205 1037 po-

80 1043 178 1079 sita:
221 1044 319 1082 unde
347 1043 508 1083 Sanctus
540 1044 767 1094 Augustinus
799 1042 930 1080 'Frach
961 1039 1046 1077 XL.
1079 1042 1116 1077 in
1146 1039 1203 1077 JO.

83 1093 224 1143 fides,
256 1098 380 1149 inquit
397 1127 407 1146 ,
436 1106 494 1136 est
514 1100 632 1134 virtus
651 1109 730 1146 qua.
751 1094 964 1133 creduntur
980 1122 990 1140 ‚
1023 1107 1112 1144 quo:
1127 1106 1207 1131 nou·

77 1147 262 1188 ridentur
283 1151 346 1200 (a.)
365 1175 376 1188 .

140 1201 179 1239 6.
207 1203 386 1240 Ceterum
418 1199 682 1241 'eomzntmiter
724 1202 802 1240 fere
833 1201 944 1240 Fides
987 1200 1139 1238 definiri
1183 1215 1204 1238 a

82 1253 288 1307 Tlieologis
316 1255 408 1294 solet
448 1259 565 1294 virius
602 1270 629 1294 a.
659 1255 747 1293 Deo
779 1254 888 1293 nobis
923 1253 1087 1304 infusa,
1126 1268 1205 1305 qua

66 1305 231 1357 libero,
273 1309 323 1350 <⁸2-
351 1312 413 1361 pio
442 1309 653 1347 voluntatis
682 1308 833 1357 affectu
862 1312 909 1346 iis
927 1308 1109 1361 firmiter
1137 1321 1203 1345 as-

79 1364 304 1410 senu‘mur,
334 1375 422 1412 quae
450 1360 558 1400 nobis
587 1377 615 1400 a
643 1362 730 1401 Deo
760 1363 936 1400 revelata
966 1369 1082 1409 sunt,
1115 1374 1202 1411 pro-

79 1422 167 1465 pter
195 1403 314 1464 ipsius
343 1414 421 1454 Dei
449 1416 660 1454 revelantis
690 1419 972 1454 auctoritatem
989 1441 1000 1453 .
1048 1414 1204 1452 Dicitur

77 1476 209 1506 autem
239 1472 357 1525 virtus
386 1483 414 1507 a
443 1469 530 1507 Deo
558 1469 667 1507 nobis
695 1469 834 1520 infusa,
852 1500 862 1517 ,
897 1469 997 1521 quod
1027 1477 1080 1505 est
1110 1467 1201 1506 fidei

76 1533 170 1558 cum
200 1522 381 1561 omnibus
407 1522 492 1561 aliis
521 1523 726 1561 virtutibus
768 1522 989 1573 theologicis
1029 1535 1202 1559 commn-

77 1587 130 1611 ne
145 1604 156 1622 ,
186 1574 220 1610 8<
235 1577 452 1627 genericum
471 1602 482 1614 .
512 1575 675 1613 Additur
696 1585 879 1627 praeterea
898 1574 992 1612 liber
1009 1605 1019 1622 ,
1049 1575 1097 1615 Εἴ)
1116 1578 1201 1624 pins

75 1627 293 1666 s'oluntatae's
323 1626 494 1676 affectus
511 1642 525 1671 ;
554 1629 656 1680 quod
673 1628 872 1679 Apostolus
903 1628 1043 1665 indicat
1071 1628 1200 1665 dicens

74 1677 224 1732 Philip.
240 1682 290 1719 ll.
318 1695 377 1733 ¹7·
406 1679 676 1733 sacrificium,
705 1682 754 1721 Εἰ)
783 1679 1121 1731 obsequiumfitlei
1141 1693 1201 1717 re-

77 1742 206 1778 strce;
234 1735 328 1787 quia
357 1736 398 1773 in
427 1734 497 1772 hoc
528 1735 766 1786 potissimum
796 1743 921 1771 nostra
948 1731 1042 1770 fides
1075 1747 1097 1770 a
1126 1732 1201 1770 fiale

78 1787 303 1827 daemonum
331 1787 611 1839 distinguitur,
643 1789 710 1840 qui
728 1817 739 1835 ,
783 1796 821 1825 ut
848 1787 891 1825 S.
917 1786 1080 1824 Jacobus
1108 1786 1201 1823 dicit

75 1840 238 1892 11.19.,
269 1839 456 1889 credunt,
485 1841 534 1882 Θ
563 1844 894 1879 contremiscunt:
925 1838 1110 1887 credunt,
1141 1840 1199 1877 in-

75 1907 223 1944 quam,
265 1907 340 1932 non
371 1893 492 1932 libere
529 1893 761 1932 intellectum
793 1894 875 1932 Deo
911 1893 1198 1941 submittentes,

74 1946 142 1984 θεά
171 1949 382 1985 necessaria
410 1949 647 1987 convictione
675 1946 894 1999 compulsi.

133 2013 170 2050 7.
199 2000 303 2039 Hinc
331 2009 454 2053 patet,
483 2011 671 2053 quantum
700 2016 722 2039 a
752 2015 842 2038 vera
871 1999 946 2038 fide
967 2000 994 2038 ii
1014 1998 1198 2038 Christia-

72 2053 116 2090 ni
147 2053 280 2105 procul
307 2056 410 2102 siut,
439 2056 508 2108 qui
538 2055 670 2093 eodem
699 2055 811 2093 modo
843 2054 958 2092 sacris
989 2052 1196 2104 Religionis

73 2107 269 2158 mysteriis
297 2108 579 2156 assentiuntur,
608 2122 652 2146 ac
682 2107 853 2159 profanis
873 2107 1040 2144 historiis
1058 2136 1068 2153 ,
1098 2104 1196 2144 nihil

72 2159 122 2196 de
150 2173 283 2198 eorum
311 2160 546 2198 sublimitate
565 2161 748 2210 cogitant,
779 2159 975 2211 multoque
997 2161 1118 2196 minus
1134 2173 1197 2197 ea-

70 2212 159 2249 dem
190 2214 254 2264 pio
282 2214 402 2250 animi
431 2211 568 2250 affectu
598 2213 847 2250 meditantur.
890 2212 931 2251 Si
961 2213 1009 2250 ad
1037 2211 1194 2251 creden-

73 2264 168 2302 dum
195 2265 328 2304 divina
366 2268 585 2304 auctoritate
624 2274 962 2317 permoverentur,
1006 2265 1194 2317 intellige-

72 2327 158 2356 rent
178 2319 345 2370 profecto
363 2348 374 2366 ,
405 2333 462 2356 res
478 2333 555 2358 esse
575 2322 716 2358 summi
740 2321 921 2357 momenti
939 2349 949 2366 ,
979 2333 1073 2371 quas
1090 2318 1193 2357 Deus

69 2368 294 2410 homiuibus
325 2371 492 2411 revelare
521 2381 675 2424 propter
702 2386 810 2410 suam
851 2375 1019 2425 ipsorum
1052 2371 1192 2410 utilita-

73 2432 149 2462 tem
180 2425 356 2477 dignatus
384 2433 463 2464 est.
494 2426 681 2465 Audiatur
696 2426 1100 2476 SanctusAugustinus
1121 2425 1191 2464 Tr.

71 2476 225 2516 XXIX.
243 2480 280 2517 in
299 2479 358 2517 J0.
379 2493 483 2532 n.9.‚
501 2479 567 2516 ubi
590 2480 737 2530 inquit:
768 2509 795 2527 „
810 2480 914 2527 Quid
937 2488 988 2516 est
1007 2492 1095 2531 ergo
1109 2493 1190 2517 cre-

67 2559 97 2580 „
125 2531 215 2570 dere
245 2533 283 2570 in
312 2532 471 2572 Deum?
500 2533 697 2571 Credeudo
725 2533 908 2584 diligere,
938 2532 1125 2571 credendo
1154 2548 1193 2571 a·

66 2613 98 2632 „
126 2598 260 2634 mare,
301 2586 489 2624 credendo
517 2588 557 2624 in
587 2600 674 2623 eum
706 2586 787 2634 ire,
831 2586 864 2622 8<
901 2584 982 2636 ejus
1011 2586 1195 2625 membris

70 2665 99 2685 ,‚
129 2638 390 2691 incorporari.
434 2640 519 2691 Ipsa
548 2648 600 2677 est
630 2653 716 2692 ergo
746 2639 866 2688 fides,
904 2654 1020 2692 quam
1050 2640 1096 2677 de
1125 2654 1194 2678 no-

69 2717 99 2738 „
127 2689 213 2739 bis,
243 2694 356 2744 exigit
386 2693 515 2739 Deus;
546 2693 580 2731 &
609 2706 684 2731 nou
715 2694 880 2742 invenit,
909 2694 1009 2745 quod
1040 2694 1192 2746 exigat,

70 2770 101 2791 „
129 2745 204 2782 nisi
231 2745 454 2796 donaverit,
483 2747 585 2801 quod
613 2747 784 2788 iuveniat
805 2747 850 2786 ”-

119 2933 169 2967 (ιι)
197 2928 294 2963 Patet
318 2943 359 2965 ex
386 2931 466 2975 his,
490 2944 662 2980 quantum
688 2936 731 2970 ab
757 2935 922 2982 Apostolo
943 2959 953 2978 ι
986 2937 1184 2983 ΞΜΟΙῙΞἹΠΕ

68 2972 231 3008 Patribus
257 2976 400 3013 abludat
425 2991 547 3015 auctor
572 2983 799 3027 epistolarum
820 2998 876 3017 sm·
894 2987 928 3018 lu
948 2985 1110 3029 Religion
1129 2998 1186 3018 es-

63 3024 230 3055 sentielle
255 3026 274 3055 ri
301 3024 488 3067 l’homnie,
513 3027 597 3062 dum
626 3031 651 3062 l.
672 3030 707 3061 Ρ.
726 3041 779 3075 ep.
804 3032 857 3063 16.
885 3030 985 3065 fidem
1012 3044 1084 3064 esse
1110 3033 1185 3065 vult

63 3072 316 3112 perceptionem
340 3074 530 3107 evidentem
557 3074 792 3115 Divinitatis,
828 3078 966 3122 ejusque
1000 3079 1184 3111 attributo-

63 3121 159 3147 rum:
184 3118 217 3147 δι
241 3117 344 3160 paulo
369 3126 444 3162 post
469 3118 576 3162 dicit,
602 3120 702 3154 fidem
730 3122 819 3155 nihil
838 3123 932 3156 aliud
950 3126 1183 3157 essentialiter

62 3166 138 3212 ⁸³⁵¹?
156 3181 169 3201 2
205 3173 312 3206 quain
339 3168 578 3199 certitudinem
594 3167 779 3210 similatam
804 3173 839 3201 in
865 3173 1060 3211 cognitione
1086 3180 1183 3204 natu-

65 3204 134 3256 Τᾱὶξ
159 3210 394 3245 attributorum
422 3217 564 3256 supremi
592 3213 708 3246 entis.¹
736 3215 781 3247 Et
799 3211 889 3258 quod
915 3226 1054 3249 omnem
1078 3216 1184 3250 admi-

65 3257 238 3305 rationem
263 3260 427 3302 superat,
453 3258 556 3291 audet
581 3259 614 3291 in
633 3258 752 3292 eadem
770 3261 915 3304 epistola
937 3263 1182 3296 anctoritatem

65 3295 101 3327 S.
118 3296 211 3329 Pauli
239 3300 273 3333 in
290 3304 342 3335 sui
362 3306 595 3349 patrocinium
616 3317 738 3339 vocare
755 3329 762 3336 .
790 3307 935 3339 Frustra
962 3318 1077 3340 antem
1095 3308 1182 3342 lianc

66 3342 256 3380 absurdam
281 3347 360 3384 fidei
382 3349 622 3386 definitionem
646 3364 838 3394 excusare,
873 3353 928 3387 vel
951 3365 1099 3400 purgare
1126 3367 1184 3390 co-

2269 110 2347 152 133

1647 237 1927 278 CAPUT
2007 240 2038 277 1.

1426 342 1530 396 Quid
1556 346 1710 395 proprie
1737 348 1785 381 sit
1803 345 1947 420 fitles3
1971 346 2020 387 Εἴ)
2048 349 2157 385 circa
2184 347 2277 399 quill

1743 407 1931 436 versetur.

1340 480 1530 546 &Fides
1543 503 1845 543 Christianorum
1876 517 1949 542 non
1973 504 2095 543 solnm
2113 508 2245 558 exigit,
2277 518 2313 546 ut
2336 509 2400 547 fir-

1279 560 1414 604 miter,
1443 572 1486 597 ac
1515 560 1596 597 siue
1627 557 1706 597 ulla
1725 558 1959 596 dubitatione
1979 561 2105 596 omnia
2123 575 2164 597 ea
2180 562 2398 609 credamus,

1278 627 1365 663 quae
1401 612 1546 663 Religio
1573 620 1702 649 sancta
1732 611 1838 649 nobis
1876 611 2062 649 credenda
2103 617 2298 664 proponit3
2336 615 2399 653 sed

1279 668 1393 704 etiam
1426 675 1463 703 ut
1493 681 1536 703 ea
1564 665 1764 703 credamus
1794 673 1946 717 propter
1975 666 2260 716 supernaturale
2290 670 2401 705 moti-

1275 732 1366 757 vum
1396 719 1540 757 divinae
1586 718 1849 756 revelationis.
1891 719 2153 766 Quamobrem
2182 718 2223 756 S.
2254 719 2395 758 Paulus

1275 773 1312 810 in
1344 774 1469 825 prima
1499 774 1606 824 epist.
1627 772 1673 810 ad
1690 771 1975 810 Thessalorum.
1998 773 2055 811 13.
2088 786 2147 809 eos
2178 772 2227 809 ita
2249 772 2397 810 collau-

1274 826 1411 864 dabat:
1445 825 1543 863 Cum
1573 829 1825 874 accepissetis
1855 838 1883 862 a.
1912 823 2020 864 nobis
2050 825 2206 863 verbum
2235 825 2394 864 auditus

1275 878 1375 927 Dei,
1405 884 1613 930 accepistis
1643 879 1763 926 illud,
1804 892 1882 915 non
1912 888 1951 915 ut
1981 879 2138 917 verbum
2167 878 2396 929 hominum,

1273 932 1369 981 sed,
1399 937 1497 970 sicut
1527 946 1614 971 vere
1644 942 1701 970 est
1720 963 1729 980 ,
1760 932 1917 970 verbum
1940 931 2039 970 Dei.
2072 933 2193 985 Atque
2225 932 2295 970 lioc
2316 942 2394 982 est,

1303 987 1374 1024 uod
1393 987 1576 1039 Tlieologi
1591 985 1804 1026 scholastici
1822 995 1952 1025 vocant
1969 1016 1979 1034 ,
1998 986 2183 1040 sor-mule
2201 986 2397 1038 objectum

1272 1001 1388 1088 Ἆάεςί,
1418 1050 1459 1079 ιιι
1493 1055 1579 1079 mox
1610 1041 1803 1079 dicemus.

1330 1107 1368 1146 9.
1400 1095 1531 1147 Neque
1561 1108 1648 1133 vero
1676 1109 1697 1132 a
1726 1095 1858 1132 diviua
1886 1093 2113 1132 revelatione
2131 1124 2141 1141 ,
2185 1108 2274 1146 quae
2311 1108 2397 1133 con-

1275 1147 1414 1185 tinetur
1444 1151 1482 1186 iu
1512 1150 1626 1187 sacris
1645 1149 1819 1195 Litteris,
1851 1147 1909 1184 vel
1941 1149 1979 1186 in
2011 1148 2260 1196 Traditione,
2291 1162 2397 1199 sepa-

1276 1202 1352 1238 rari
1382 1201 1522 1250 debet,
1551 1211 1616 1240 aut
1647 1210 1762 1252 potest
1790 1214 1967 1252 suprema
1988 1202 2188 1239 auctoritas
2210 1201 2394 1240 Ecclesiae

1273 1267 1361 1305 quae
1391 1254 1514 1293 divini
1545 1255 1652 1292 verbi
1683 1257 1762 1293 sive
1791 1253 1974 1302 revelati,
2018 1256 2097 1292 sive
2140 1255 2293 1302 traditi,
2327 1269 2393 1292 cu-

1271 1315 1342 1345 stos
1373 1317 1449 1357 est,
1492 1308 1525 1346 8<
1557 1310 1763 1360 interpres,
1808 1306 1841 1343 δι
1874 1309 2052 1360 magistra
2081 1307 2323 1355 infallibilis,
2360 1309 2395 1346 8<

1270 1374 1358 1412 quse
1388 1375 1462 1399 non
1494 1363 1669 1410 aliunde,
1699 1375 1815 1414 quam
1844 1360 1893 1399 ab
1923 1363 2004 1413 ipso
2034 1361 2114 1399 Deo
2144 1375 2250 1399 suam
2283 1361 2395 1400 habet

1271 1414 1476 1454 definiendi
1497 1447 1506 1463 ,
1535 1415 1569 1452 &
1600 1415 1830 1467 proponendi
1849 1414 1939 1452 fidei
1955 1415 2133 1453 articulos
2150 1425 2365 1468 potestatem
2385 1447 2395 1463 ,

1271 1477 1309 1504 ut
1340 1471 1376 1506 in
1407 1469 1435 1506 Ι,
1458 1468 1571 1507 'Fom-
1602 1469 1701 1507 Diss.
1720 1470 1783 1506 lll.
1813 1469 1963 1520 copiose
1993 1469 2225 1507 declaratum
2256 1483 2300 1506 ac
2330 1471 2395 1506 de-

1269 1531 1520 1560 monstratum
1551 1523 1650 1560 fuit.
1694 1521 1983 1570 Multifariam,
2027 1522 2232 1574 multisque
2272 1523 2392 1560 modis

1268 1573 1362 1612 olim
1396 1576 1498 1613 Deus
1527 1575 1673 1613 locutus
1702 1585 1754 1613 est
1784 1574 1984 1623 Patribus,
2014 1574 2048 1611 8<
2080 1575 2295 1628 Prophetis,
2326 1577 2393 1629 qui

1269 1628 1424 1665 internae
1456 1628 1625 1679 ejusdem
1656 1629 1729 1666 Dei
1769 1628 1987 1666 revelationi
2025 1630 2176 1666 credere
2219 1630 2395 1667 teneban-

1269 1688 1355 1718 tur.
1403 1681 1618 1718 Novissime
1647 1691 1773 1719 autem
1802 1682 1914 1718 uobis
1942 1679 2088 1718 locutus
2132 1692 2183 1718 est
2221 1683 2260 1719 iu
2294 1681 2395 1719 Filio

1269 1744 1363 1779 suo,
1406 1735 1473 1785 qui
1504 1747 1655 1771 omnem
1693 1734 1904 1771 doctrinam
1926 1746 2050 1770 rsuam
2069 1763 2079 1780 ,
2123 1742 2306 1785 tauquam
2336 1749 2392 1773 sa-

1270 1799 1408 1834 crum,
1453 1787 1487 1823 ὅ(
1526 1787 1700 1825 divinum
1742 1786 1955 1838 depositum
1999 1786 2153 1838 reliquit
2181 1787 2395 1837 Ecclesiae,

1269 1852 1432 1890 eamque
1460 1840 1592 1877 audire
1621 1853 1687 1877 nos
1716 1838 1850 1890 jus-sit,
1888 1839 2042 1892 quaudo
2072 1841 2258 1889 Apostolis
2299 1842 2395 1881 dixit

1268 1892 1386 1929 Lucae
1403 1892 1452 1930 X.
1476 1893 1536 1931 16.
1571 1892 1647 1943 Qui
1676 1906 1739 1929 ros
1768 1892 1905 1939 uniit,
1938 1905 2002 1929 me
2031 1893 2164 1930 ιιιιῙιε.
2196 1894 2295 1932 Hinc
2325 1896 2393 1944 fit,

1267 1957 1328 1982 eos
1358 1945 1570 1984 Haereticos
1592 1948 1699 1997 ,qui
1730 1945 1860 1996 aliqua
1891 1945 2089 1984 nobiscum
2119 1947 2275 1985 credunt
2305 1949 2394 1988 fidei

1266 1997 1466 2048 dogmata,
1498 2012 1567 2048 non
1600 1998 1677 2036 alia
1705 1997 1750 2035 de
1779 2013 1919 2046 causa,
1950 2000 2021 2037 uisi
2051 2001 2143 2051 quia
2175 2000 2329 2039 sallibili
2361 2005 2394 2040 i-

1266 2064 1420 2102 psorum
1453 2053 1605 2103 ingenio
1625 2067 1646 2089 a
1668 2051 1750 2089 Deo
1779 2051 1943 2090 revelata
1973 2053 2176 2101 videntur,
2208 2068 2336 2092 veram
2355 2056 2389 2093 ἐξ

1262 2107 1419 2156 proprie
1439 2105 1577 2143 dictam
1601 2105 1716 2143 fidem
1741 2119 1814 2143 non
1847 2105 2008 2155 habere,
2037 2108 2218 2159 quianon
2238 2119 2391 2161 propter

1265 2158 1303 2194 id
1333 2172 1376 2196 ea
1405 2159 1582 2207 credunt,
1614 2168 1765 2211 propter
1793 2160 1896 2212 quod
1927 2174 1970 2197 ea
1999 2161 2187 2199 credenda
2215 2172 2325 2200 suut.
2357 2164 2391 2201 1-

1265 2223 1328 2248 mo
1355 2225 1444 2250 cuin
1475 2214 1515 2251 in
1543 2213 1731 2251 credendo
1759 2214 1909 2252 nonnisi
1940 2213 2086 2264 judicio
2127 2228 2194 2252 suo
2223 2217 2388 2255 innitan-

1262 2272 1344 2312 tur,
1373 2267 1474 2316 quod
1505 2268 1596 2318 ipsis
1624 2266 1760 2315 dictat,
1789 2266 1946 2319 aliquod
1977 2282 2054 2305 esse
2084 2267 2292 2307 revelatum
2312 2301 2322 2318 ,
2353 2271 2388 2306 Sc

1262 2317 1413 2356 aliunde
1429 2319 1595 2358 inficiari
1617 2334 1690 2358 non
1715 2321 1876 2372 possint,
1900 2319 2086 2367 iudiciuin
2105 2332 2269 2360 nostrum
2291 2338 2385 2376 qua-

1262 2384 1428 2424 cumque
1458 2373 1631 2410 adhibita
1661 2376 1856 2422 cautione,
1888 2374 1921 2410 8t
1951 2374 2149 2426 diligentia
2179 2390 2254 2414 esse
2283 2391 2385 2414 erro-

1259 2425 1292 2462 ri
1321 2425 1550 2474 obnoxium,
1581 2440 1655 2464 nou
1687 2427 1820 2476 video,
1850 2429 2040 2479 quomodo
2072 2430 2141 2480 ipsi
2172 2439 2310 2481 queant
2339 2431 2386 2467 de

1259 2478 1389 2531 aliquo
1417 2481 1590 2531 dogmate
1620 2490 1764 2518 certum
1783 2511 1793 2528 ,
1834 2481 1866 2517 8<
1897 2481 2102 2518 indubium
2132 2493 2257 2519 act-un
2291 2483 2382 2521 fidei

1263 2532 1428 2578 elicere3
1456 2547 1607 2585 semper
1636 2535 1738 2572 enim
1770 2533 1943 2572 dubitare
1962 2534 2127 2582 debent,
2158 2537 2185 2572 si
2219 2538 2384 2587 prudeu-

1263 2594 1314 2623 tes
1342 2587 1441 2631 sint,
1472 2601 1518 2624 an
1548 2589 1587 2625 iu
1616 2587 1861 2625 discernendo
1889 2600 2004 2634 vero,
2033 2588 2066 2623 ἃ
2098 2587 2265 2638 legitimo
2285 2590 2384 2629 divi-

1262 2653 1324 2676 nae
1356 2640 1594 2679 revelationis
1624 2655 1733 2679 seusu
1752 2640 1950 2685 fallantur-3
1982 2642 2176 2692 praecipue
2205 2656 2293 2680 cum
2325 2646 2383 2682 vi-

1260 2693 1398 2742 deant,
1437 2695 1557 2742 alios,
1601 2708 1671 2733 nec
1702 2707 1867 2746 paucos,
1910 2708 1980 2732 nec
2011 2694 2174 2732 indoctos
2205 2695 2380 2736 homines

1258 2746 1331 2786 sibi
1361 2758 1488 2800 aperte
1506 2762 1742 2801 repugnare,
1770 2747 1969 2801 aliumque
1987 2777 1997 2796 ,
2029 2747 2288 2800 &oppositum
2313 2753 2379 2788 iis·

2238 2803 2327 2843 dem
2365 2813 2370 2818 '

1255 2943 1360 2971 natur
1378 2937 1413 2972 P.
1428 2939 1471 2973 V.
1498 2939 1585 2972 «laris
1611 2950 1672 2971 nne
1687 2940 1789 2971 lettre
1799 2940 1994 2971 (ιοσεςςοὶνε
2015 2950 2071 2971 sin·
2085 2938 2118 2971 Ia
2135 2935 2211 2977 Fui,
2237 2934 2370 2970 ‹licens›

1256 2995 1290 3016 se
1308 2997 1375 3017 non
1397 2986 1472 3019 fidei
1490 2986 1675 3031 peculiaris
1689 2985 1968 3018 Christianorum
1983 3007 1993 3025 ‚
2019 2983 2076 3018 sed
2092 2982 2167 3017 fidei
2182 2984 2367 3028 generalis,

1256 3033 1288 3062 δε
1315 3033 1536 3075 particularis
1561 3031 1827 3064 distinctionem
1855 3030 1989 3064 tradere
2003 3031 2176 3070 voluisse3
2203 3030 2312 3062 futili<
2331 3043 2368 3061 e-

1254 3077 1326 3109 nim
1344 3087 1410 3118 est,
1425 3091 1512 3111 vana
1529 3100 1539 3118 ‚
1566 3076 1836 3110 contradictoria
1850 3100 1860 3118 ,
1887 3087 1990 3123 atque
2011 3078 2165 3110 inaudita
2189 3078 2259 3109 haec
2277 3074 2370 3108 Fidei

1251 3126 1445 3166 generalis,
1461 3129 1491 3157 δι
1507 3125 1730 3169 particularis
1743 3123 1924 3158 distinctio
1938 3147 1946 3156 .
1972 3123 2037 3158 Sed
2052 3123 2108 3156 ille
2127 3132 2250 3166 urget:
2283 3134 2366 3154 non-

1252 3181 1293 3201 ne
1318 3171 1504 3204 existentia
1527 3172 1585 3203 nei
1603 3192 1613 3211 ‚
1639 3169 1782 3214 ejusque
1808 3171 2006 3204 essentialia
2033 3171 2201 3203 attributa
2222 3168 2358 3211 objicio

1253 3214 1331 3248 fidei
1360 3214 1727 3261 comprehenduntur?
1755 3226 1789 3249 at
1814 3216 1888 3250 liaec
1913 3218 2030 3257 clara,
2057 3215 2274 3258 evidentique
2302 3213 2363 3244 1111—

1251 3265 1500 3296 monstratione
1526 3272 1730 3308 patescunt.
1757 3266 1885 3297 Contra
1910 3263 1978 3297 hoc
2005 3271 2246 3307 argumentum
2273 3257 2363 3301 vide,

1251 3319 1327 3353 quie
1354 3306 1508 3343 diximus
1536 3310 1638 3345 'I‘om-
1665 3311 1691 3345 l.
1719 3309 1866 3345 Dissert.
1886 3312 1911 3344 l.
1937 3323 1970 3344 n.
1988 3321 2040 3344 20.
