2562 3694
832 142 1087 190 REFELL.
1120 140 1363 187 TU'I'IOR.
1394 138 1478 183 Er
1512 138 1710 184 moon.
2287 153 2345 197 ‘7⁷

96 223 338 282 evidentiae,
377 232 412 270 ἃ
439 226 637 282 perfecta;
680 239 757 265 esse
786 234 912 264 tamen
940 233 1084 263 certam
1114 223 1225 261 certi-

95 288 235 327 tudine
261 283 469 339 probabilis
488 282 734 334 conjecturae
751 312 761 329 ,
792 294 856 318 seu
873 278 1009 317 morali
1027 309 1038 326 ,
1066 290 1142 330 qua
1159 276 1224 314 bo-

107 355 173 381 mo
228 341 364 379 rudens
393 337 434 375 in
463 338 542 375 suis
570 335 783 374 actionibus
810 334 925 385 dirigi
953 332 1070 379 soiet.
1101 330 1148 368 Et
1168 344 1226 368 sa-

105 408 158 434 ne
183 356 347 433 diibium
364 421 376 440 ‚
405 399 445 429 ut
473 390 643 429 vidimus
670 403 783 441 supra
813 402 857 426 ex
887 386 1096 425 &Thomu
1118 397 1227 422 num.

105 447 172 499 49.
190 475 202 495 ,
240 454 318 493 est,
355 443 508 496 quando
538 442 753 482 intellectus
781 455 862 479 non
891 440 1109 478 inclinatur
1137 449 1226 474 ma.-

89 502 166 553 ·gis
196 496 254 536 ad
279 511 432 546 unum,
473 511 598 549 quam
627 496 684 534 ml
711 495 820 534 aliud
838 490 863 540 ;'
887 495 988 547 quod
1019 500 1119 531 certe
1147 504 1225 528 non

101 553 232 591 contin
259 553 312 600 it,
349 565 439 590 cum
471 565 547 589 una
577 552 783 604 propositio
812 559 866 588 est
894 546 1017 586 multo
1045 544 1226 599 probabi-

102 603 176 644 lior
193 635 205 653 ,
297 604 495 644 moraliter
522 615 623 644 certa
641 631 655 643 .

164 657 252 697 160.
285 658 421 708 Addo,
461 671 754 711 nonnumquam
784 657 995 710 perfectam
1031 650 1227 692 certitudi-

88 723 191 752 Ttem
220 712 384 751 obtineri
419 726 494 751 uon
512 726 621 765 posse
637 743 647 761 ,
676 713 782 765 sequi
805 721 928 750 autem
948 710 1122 747 tutiorem
1141 720 1228 758 par-

100 773 178 804 tein
210 779 287 804 esse
317 766 460 805 nedum
490 765 678 815 difficile,
721 766 784 804 sed
815 762 1009 803 moraliter
1053 763 1226 851 impossi-

101 819 211 866 bile3
254 828 295 858 ut
323 833 412 858 cum
444 822 637 872 poenitens
663 828 790 865 actum
828 817 1065 856 contritionis
1095 830 1114 852 e
1135 813 1229 865 icit,

105 886 197 911 cum
225 873 272 911 de
301 887 345 911 eo
373 883 497 913 certus
523 875 680 912 omnino
708 885 786 910 esse
813 879 997 923 nequeat,
1027 871 1056 908 si
1088 870 1226 922 proba-

105 926 240 966 biliori
269 928 368 980 parti
398 937 477 967 tuto
505 924 702 965 adhaerere
731 938 805 963 non
837 925 971 977 possit,
1002 923 1155 961 debr-bit
1181 924 1226 960 il—

108 979 193 1019 111111
224 982 393 1029 iterum,
440 981 657 1032 iterumque
696 988 894 1031 repetere,
944 985 983 1014 ut
1010 976 1143 1014 nullus
1181 978 1227 1015 sit

103 1034 263 1083 modus,
293 1043 357 1073 aut
384 1034 502 1073 finis.
531 1033 599 1073 sic
625 1033 763 1080 etiam,
793 1033 823 1070 si
852 1032 940 1083 quis
967 1032 1126 1069 omnino
1144 1043 1224 1068 cer-

104 1096 168 1126 tus
199 1101 275 1126 nou
303 1089 376 1135 sit,
406 1098 486 1126 rem
517 1100 597 1125 esse
623 1099 732 1124 suam
750 1115 761 1132 ,
792 1098 866 1122 uon
889 1083 1055 1122 alienam
1073 1114 1084 1131 ,
1113 1083 1224 1122 alteri

91 1141 252 1179 'tradere
280 1154 364 1178 eam
393 1139 576 1188 debebit,
606 1141 697 1192 quia
728 1139 766 1176 id
796 1138 947 1176 videtur
975 1139 1118 1186 tutius,
1161 1138 1224 1175 sed

103 1206 234 1232 rursus
263 1192 358 1236 alter
389 1202 474 1232 eam
502 1194 668 1231 retinere
696 1206 773 1231 non
801 1194 959 1244 poterit,
989 1192 1224 1244 quiaminus

101 1246 308 1298 probabile
337 1248 596 1300 supponitur,
625 1247 727 1300 quod
756 1246 802 1283 ad
833 1244 946 1283 illum
978 1254 1145 1298 spectet,
1189 1243 1223 1281 δε

89 1300 159 1339 “sic
189 1301 228 1338 in
255 1299 435 1353 pluribus
462 1300 605 1347 rebus,
653 1302 704 1338 ita
735 1308 775 1337 ut
812 1298 1048 1351 perturbatio
1086 1313 1223 1349 magua

100 1354 192 1391 vitae
222 1353 505 1408 consequatur,
532 1367 682 1394 necesse
697 1355 765 1402 sit,
796 1353 865 1390 nisi
897 1352 1224 1406 probabilioribus

93 1406 348 1458 ‘opinionibus
377 1407 576 1446 adliaerere
604 1416 680 1445 tuto
710 1408 922 1459 possimus.
967 1406 1065 1444 Hinc
1095 1414 1222 1459 patet,

101 1469 291 1511 quantum
320 1462 367 1500 sit
396 1474 465 1500 nos
493 1463 612 1510 inter,
642 1461 676 1498 8(
698 1460 962 1498 I’robabilistoe
991 1460 1224 1498 discrimen.

100 1512 153 1550 Hi
184 1515 285 1552 euim
303 1544 314 1562 ,
347 1522 385 1552 ut
414 1528 529 1567 supra
558 1514 812 1562 ostendimus,
841 1513 1032 1551 dictamen
1052 1514 1224 1552 sibimo·

96 1565 234 1605 raliter
262 1577 408 1606 certum
438 1568 605 1605 formare
643 1579 719 1604 non
763 1575 915 1618 possunt
944 1567 991 1604 de
1034 1567 1223 1605 honestate

95 1620 288 1668 actionis,
315 1633 441 1673 neque
469 1632 513 1657 ex
531 1619 735 1671 principiis
749 1620 922 1667 directis,
951 1620 1042 1670 quia
1059 1634 1224 1670 sequun-

93 1680 162 1710 tur
191 1682 336 1726 partem
355 1704 366 1723 ,
413 1672 474 1712 vel
505 1672 643 1767 aeque,
691 1671 752 1710 vel
782 1673 908 1709 minus
951 1672 1192 1724 probabilem
1211 1704 1222 1721 ,

100 1732 226 1779 neque
256 1739 301 1764 ex
330 1727 532 1782 principiis
563 1725 742 1775 reflexis,
771 1739 861 1779 quae
891 1734 954 1762 aut
973 1727 1129 1763 omnino
1149 1725 1225 1764 sal-

100 1792 141 1816 sa
171 1788 281 1829 suut,
311 1779 345 1817 &
374 1782 634 1818 commentitia
665 1783 680 1832 (
710 1789 749 1818 ut
779 1779 956 1832 equidem
988 1778 1114 1817 nullus
1143 1780 1218 1818 du-

103 1831 186 1870 bito
214 1832 259 1882 ),
289 1843 353 1872 aut
381 1833 514 1873 saltem
543 1833 687 1884 dubia,
718 1841 759 1871 ut
786 1832 849 1872 vel
877 1831 1142 1871 Probabilistae
1167 1834 1220 1871 fa-

95 1887 167 1923 teri
197 1897 409 1938 coguntur,
456 1901 549 1926 cum
575 1903 599 1927 a
629 1896 706 1936 tot,
753 1887 943 1939 tantisque
983 1887 1220 1939 sapientibus

92 1938 377 1990 'essplodantum
406 1941 484 1980 Nos
512 1951 661 1991 autem,
692 1939 725 1978 &
754 1941 935 1979 directam
952 1941 1218 1980 certitudinem

97 1990 313 2043 habemns,
357 1995 489 2033 saltem
521 1995 707 2034 moralem
739 2007 784 2032 ex
826 1994 1082 2047 probabiliori
1113 2004 1219 2046 parte

96 2045 309 2086 derivatam
328 2078 339 2096 ,
369 2047 404 2085 ἆ
434 2048 616 2090 reflexam
648 2061 690 2087 ex
714 2046 943 2102 principiis,
972 2062 1061 2101 quae
1092 2050 1219 2086 omni·

98 2098 172 2137 bus
202 2115 299 2151 pene
328 2101 442 2141 firma
471 2102 506 2139 ἃ
534 2113 614 2142 rata
645 2109 785 2141 sunt.'

159 2152 251 2192 161..
277 2155 418 2193 Dices.
448 2155 489 2194 S.
508 2157 738 2208 Augustinus
773 2154 966 2205 Opinari,
995 2155 1122 2208 inquit
1157 2153 1228 2193 De

99 2206 269 2244 utilitate
297 2207 482 2247 credendi
511 2223 598 2262 cap.
634 2222 693 2246 11.
737 2221 960 2257 numquam
1005 2221 1090 2245 esse
1132 2212 1221 2247 sine

99 2262 219 2305 νὶιίος
247 2260 280 2297 81
309 2261 433 2300 Serm.
465 2262 552 2300 XL.
584 2261 696 2300 Tom.
729 2261 782 2298 V..
822 2260 930 2298 Ecce
959 2261 1029 2298 dat
1058 2260 1123 2299 tibi
1159 2276 1220 2300 se-

98 2317 313 2352 curitatem
342 2325 604 2365 procurator,
635 2313 727 2368 qnid
755 2313 825 2352 tibi·
848 2314 1036 2365 prodest,
1078 2319 1110 2352 si
1141 2315 1219 2354 Pa.-

99 2365 347 2420 terjizmilias
375 2381 456 2407 non
484 2379 664 2420 acceptet
681 2367 707 2405 ?
748 2369 825 2417 Qui
858 2381 945 2420 ergo
982 2369 1152 2422 sequitur
1179 2384 1219 2408 o-

99 2423 299 2472 pinionem
326 2423 452 2461 minus
479 2432 597 2462 tutam
615 2454 625 2472 ,
656 2421 936 2475 cujuscumque
965 2423 1066 2460 modi
1089 2438 1131 2461 ea
1151 2426 1219 2474 sit,

99 2475 194 2512 vitio
223 2487 299 2514 non
327 2486 454 2526 caret,
485 2489 561 2515 nec
586 2487 710 2515 certus
739 2486 817 2527 est,
865 2477 939 2519 sihi
967 2491 990 2514 a
1019 2476 1102 2515 Deo
1133 2491 1220 2530 pec-

76 2531 224 2566 -ctttum
254 2542 332 2567 non
362 2545 441 2569 esse
469 2531 739 2583 imputandum
757 2557 766 2568 .

159 2581 251 2621 162..
279 2582 390 2636 Hesp.
420 2585 471 2623 ad‘
495 2588 667 2635 primum
687 2614 695 2630 ,
726 2584 946 2636 opinionem
975 2584 1025 2622 ab
1042 2585 1220 2637 Augusti-

98 2646 152 2671 no
176 2635 229 2673 ibi
259 2640 359 2676 sumi
391 2651 459 2691 pro
488 2652 638 2677 assensu
677 2650 818 2675 temere
861 2640 1027 2690 praestito
1070 2641 1218 2688 errori,

98 2699 178 2725 non
205 2701 273 2739 pro
301 2705 453 2730 assensn
483 2694 654 2746 praestito
684 2693 831 2730 veritati
876 2690 1114 2744 probabilius
1152 2707 1219 2744 ap-

99 2743 273 2792 parenti.
303 2743 345 2782 id
375 2754 475 2797 patet
506 2759 550 2784 ex
579 2756 782 2790 contextim
813 2759 901 2783 nam
925 2748 1029 2798 prius
1049 2747 1218 2783 dixerat:

97 2823 125 2843 „
157 2794 250 2833 'l'ria
279 2808 361 2835 sunt
390 2798 467 2838 alia
498 2799 694 2839 hominum
725 2814 862 2852 gensi-a
886 2800 1054 2851 profecto
1075 2801 1223 2850 impro-

98 2875 124 2896 ,,
156 2848 282 2887 banda
311 2864 354 2889 ac
397 2853 639 2892 detestanda.
687 2854 817 2892 Unum
849 2863 902 2890 est
941 2854 1212 2906 opinantium,

95 2929 123 2950 „
155 2902 248 2940 idest
275 2916 406 2944 eorum
424 2936 435 2954 ,
465 2909 532 2960 qui
562 2922 601 2946 se
628 2907 859 2965 arbitrantur
875 2908 998 2955 scire,
1029 2907 1131 2959 quod
1151 2921 1221 2943 ne·

96 2984 124 3004 „
152 2958 277 2995 'sciunt
293 2960 318 2979 “
336 2985 352 2996 ..
377 2958 434 2999 En
463 2974 539 3013 quo
567 2975 678 2999 sensu
705 2962 922 3013 opinionem
941 2970 1065 2998 sumat
1080 2959 1120 2998 S.
1138 2960 1217 2998 Do-

97 3017 204 3048 etor.
246 3009 327 3050 Post
358 3014 470 3051 etiam
501 3014 649 3053 subdit:
699 3044 726 3063 „
753 3015 916 3066 O'pinari
944 3015 1044 3052 duas·
1078 3013 1128 3052 ob
1159 3027 1223 3051 res·

100 3070 127 3108 ς,
153 3065 423 3117 turpissimum.
449 3075 521 3112 θεῖς
551 3068 651 3120 quod
668 3067 699 3104 St
721 3068 868 3106 discere
889 3081 963 3104 non
980 3077 1116 3120 potest,
1147 3068 1214 3119 qui

101 3141 133 3161 :a¹
155 3116 229 3156 sibi
256 3117 339 3170 jam-
365 3134 402 3158 se
432 3122 528 3159 scire
558 3122 768 3173 persuasit,
798 3121 826 3158 si
858 3121 1093 3158 »nodoillmt
1117 3121 1214 3158 disci

101 3195 127 3213 >s
156 3177 296 3220 pot‘est5
334 3173 368 3210 &
397 3188 465 3228 per
495 3189 533 3213 se
563 3176 644 3227 ipsa
674 3174 865 3221 temeritas
894 3186 975 3211 non>
999 3174 1095 3211 bene
1124 3174 1216 3210 affe-

102 3249 139 3281 rs·
159 3223 358 3283 cti-animi
386 3230 540 3281 siguum
570 3238 621 3266 est
642 3228 663 3243 '¹
681 3254 691 3266 .
722 3227 804 3266 Hoc
835 3227 966 3279 utique
995 3241 1101 3264 sensu
1132 3228 1216 3278 opi·

99 3285 164 3317 1310
193 3277 285 3315 vttio
312 3293 392 3319 non·
414 3291 539 3330 caret,
569 3295 645 3320 non
675 3289 803 3319 autern
832 3280 983 3334 quando
1012 3288 1064 3317 est
1093 3294 1219 3317 assen-

100 3339 162 3365 sus
193 3333 256 3369 uui
288 3335 412 3383 parti,
431 3350 528 3389 *quae
560 3335 809 3389 probabilius·
831 3348 922 3375 vera
951 3343 1134 3386 apparet,
1171 3333 1222 3371 li·

99 3390 161 3420 cet
187 3397 267 3428 non-
286 3388 451 3426 omnino·
471 3399 571 3429 certo
587 3416 605 3430 .

1282 2613 1313 2632 ’,θ

1351 219 1440 259 165.
1471 219 1527 258 Ad
1556 219 1773 257 secundum
1791 245 1804 258 .
1831 218 2020 274 Loquitur
2038 218 2078 259 S.
2099 219 2239 260 Doctor
2259 220 2306 259 de
2321 234 2410 275 pec-

1292 283 1419 315 catore
1447 273 1772 326 procrastinante,
1803 287 1918 324 quem
1949 283 2046 312 »ecte
2076 275 2273 324 admonet,
2302 290 2324 314 a
2345 289 2411 314 ne·

1293 330 1400 368 mine
1428 340 1535 380 posse
1560 335 1708 364 certum
1737 325 1824 364 steri
1852 328 1898 364 de
1934 336 2102 378 tempore
2130 329 2177 366 ml
2221 331 2411 382 poeniten-

1293 382 1386 420 dum
1414 389 1658 434 opportuno;
1684 392 1774 418 cum
1804 388 1954 432 tempus
1982 383 2026 418 sit
2054 382 2098 420 in
2123 382 2237 420 solius
2253 383 2325 422 Dei
2343 395 2411 437 po-

1295 444 1453 474 testate.

1355 489 1441 536 164.
1471 488 1587 528 Dices
1613 486 1811 527 secundo.
1859 486 1938 535 Qui
1969 485 2166 540 Apostolos
2207 502 2410 541 perseque-

1292 543 1459 591 bantur,
1507 541 1745 594 probabilius
1793 540 2063 579 existimabant
2102 540 2330 592 obsequium
2371 557 2410 581 se

1296 607 1478 649 praestare
1506 596 1590 634 Deo
1617 596 1677 634 Jo.
1707 594 1818 634 XVI.
1852 595 1961 648 atqui
1987 592 2242 633 nihilominus
2267 598 2411 646 gravis-

1295 651 1389 688 sime
1422 658 1649 702 peccarunt:
1676 663 1764 701 ergo
1794 647 1867 689 διο.

1356 703 1442 742 165.
1473 703 1586 757 Resp.
1618 703 1717 742 Dist.
1737 701 1838 754 Maj.
1858 700 2101 741 Probabilius
2121 700 2194 739 ἃς.
2221 699 2411 740 sufficien-

1294 759 1350 806 ti,
1379 757 1413 794 8(
1443 757 1569 796 debita
1599 758 1795 810 praemissa
1824 755 2049 808 diligentia,
2097 769 2230 809 racgo‚·
2276 769 2382 794 secus
2401 785 2412 802 ,

1293 824 1407 850 conc.
1436 811 1477 849 Si
1509 811 1578 849 lioc
1599 821 1862 862 argumentum
1885 809 2055 857 valeret,
2085 823 2154 848 nec
2176 809 2312 856 tutius,
2343 822 2412 848 nec

1295 873 1442 904 certum
1471 867 1581 918 sequi
1609 878 1829 916 possemus,
1858 866 1948 917 quia
1981 873 2173 916 persecutr·
2198 877 2234 901 es
2257 863 2413 915 Aposto-

1295 918 1420 956 lorum
1452 930 1551 957 certe
1583 918 1764 971 putabant
1793 918 1863 956 sibi
1895 918 2013 955 licere
2042 929 2101 955 eos
2121 918 2166 954 de
2200 916 2322 955 medio
2343 915 2412 953 tol·

1294 971 1402 1018 lere3
1433 974 1551 1010 innuo
1582 972 1765 1023 putabant
1795 972 1832 1010 i‹l
1863 973 1979 1008 tutius
1999 985 2102 1017 esse,
2132 984 2270 1020 nempe
2290 984 2328 1007 se
2343 970 2410 1008 ob-

1291 1029 1466 1079 sequium
1499 1034 1678 1078 praestare
1700 1025 1807 1063 Deo.
1841 1025 1885 1063 At
1918 1038 2007 1062 vero
2038 1025 2246 1076 ignorantia
2277 1035 2410 1060 eorum

1293 1090 1372 1118 erat
1403 1079 1635 1131 culpabilis;
1665 1081 1695 1117 si
1725 1081 1828 1116 euim
1859 1078 1997 1116 Christi
2027 1077 2182 1125 verbis,
2229 1077 2261 1113 8(
2295 1078 2412 1115 mira-

1291 1134 1391 1172 culis
1418 1133 1606 1171 attendere
1637 1132 1864 1179 voluissent,
1909 1134 2039 1184 utique
2070 1140 2238 1182 poterant
2275 1132 2412 1169 verita-

1291 1197 1365 1226 tem
1400 1186 1607 1237 Religionis
1635 1185 1862 1223 Cliristianae
1891 1199 2112 1236 cognoscere
2130 1211 2141 1221 .

1352 1240 1439 1279 166.
1470 1238 1562 1291 Obj.
1593 1238 1788 1277 secundo,
1819 1239 1860 1276 S.
1890 1238 2063 1275 Thomas
2088 1236 2228 1283 Quodl.
2251 1237 2315 1274 Ill.
2338 1245 2412 1274 art.

1297 1308 1358 1333 ro.
1388 1294 1435 1332 In
1466 1292 1550 1341 his,
1581 1294 1726 1345 iuquit,
1756 1305 1845 1343 quoe
1874 1295 2071 1339 pertinent
2100 1289 2328 1343 adsident,
2358 1291 2410 1331 (9-

1291 1348 1413 1386 bonos
1441 1360 1596 1395 moreS,
1627 1346 1756 1383 nullus
1786 1354 2026 1393 excusatur,
2071 1348 2103 1382 si
2132 1354 2320 1395 sequatur
2349 1357 2411 1381 er-

1291 1415 1461 1440 roneam
1491 1404 1716 1451 opinionem
1748 1398 1917 1452 alicujus
1947 1401 2158 1451 magistri;
2200 1401 2241 1434 in
2269 1397 2411 1435 trilibris

1290 1460 1397 1494 enim
1429 1459 1666 1507 ignorantia
1694 1466 1775 1490 non
1805 1462 2001 1490 excusat.
2033 1454 2124 1490 ltem
2145 1451 2411 1498 Quodl.Vlll.

1291 1519 1364 1548 art.
1402 1510 1461 1548 13.
1491 1507 1619 1556 Illud,
1649 1506 1750 1558 quotl
1780 1511 1916 1560 agitur
1943 1514 2084 1544 contra
2113 1506 2240 1557 Iegem
2258 1536 2267 1553 ,
2306 1519 2411 1542 sern-

1292 1577 1361 1614 per
1389 1571 1449 1600 est
1480 1563 1636 1599 malum
1657 1592 1668 1608 ,
1717 1573 1789 1598 nec
1819 1559 2040 1598 excusatur
2063 1572 2131 1609 per
2164 1558 2232 1596 hoc
2253 1589 2263 1606 ,
2307 1558 2415 1608 quotl

1292 1625 1350 1654 est
1377 1615 1595 1653 secundum
1626 1619 1913 1651 conscientiam
1932 1640 1942 1651 .
1990 1614 2045 1651 Ac
2074 1613 2231 1650 demum
2265 1611 2410 1661 Quodl-

1292 1669 1362 1707 IX.
1393 1678 1468 1706 art.
1502 1669 1561 1705 15.
1595 1666 1739 1704 Omnis
1768 1670 1959 1717 quaestio,
1989 1669 2030 1701 in
2060 1678 2138 1715 qim
2170 1664 2217 1701 tie
2246 1673 2414 1714 peccato

1291 1722 1456 1760 mortali
1484 1723 1701 1771 quaeritur,
1745 1723 1822 1756 nisi
1851 1731 2040 1765 expresse
2084 1721 2228 1755 verinis
2265 1715 2414 1755 habea-

1290 1785 1380 1825 tnr,
1410 1775 1628 1827 periculose
1657 1772 1979 1811 determinatur..
2022 1770 2079 1809 Ex
2109 1771 2278 1824 quibus,
2307 1770 2415 1809 aliis-

1288 1845 1364 1883 qne
1394 1828 1588 1867 similibus
1617 1836 1805 1879 apparet,
1853 1825 1894 1865 S.
1925 1824 2115 1864 ‘rhomam
2147 1825 2193 1862 ad
2239 1823 2414 1863 honesta-

1289 1893 1364 1922 tem
1394 1883 1552 1922 actionis
1581 1883 1731 1933 exigere
1763 1881 1970 1932 perfectam
2002 1878 2036 1914 &
2067 1877 2220 1916 totalem
2258 1880 2412 1916 certitu-

1288 1938 1447 1984 dinem,
1476 1934 1631 1988 qualem
1666 1935 1798 1986 utique
1827 1947 1900 1971 nou
1930 1932 2069 1980 babet,
2100 1933 2352 1984 quisi-quitur
2371 1945 2413 1969 o-

1287 1991 1484 2043 pinionem
1518 1990 1646 2026 minus
1674 1996 1820 2035 uitam,
1853 1996 1931 2024 utut
1962 1985 2293 2039 probabiliorem.

1350 2043 1437 2094 167.
1471 2041 1581 2094 Hesp.
1612 2039 1759 2079 duobus
1792 2040 1984 2092 prioribus
2014 2039 2236 2076 testimoniis
2264 2037 2306 2077 S.
2327 2037 2413 2077 Do-

1288 2107 1435 2136 ctorem
1463 2110 1571 2148 agere
1601 2095 1647 2132 de
1678 2095 1750 2142 iis,
1782 2095 1848 2146 qui
1878 2100 2001 2130 errant
2030 2090 2283 2139 vincibiliter,
2320 2094 2410 2144 qui-

1288 2165 1363 2205 que
1393 2160 1493 2189 eerte
1524 2163 1597 2187 non
1629 2156 1881 2196 excusantur,
1918 2147 1950 2185 si
1979 2146 2101 2199 legem
2131 2146 2296 2184 violent:
2339 2148 2412 2198 qui

1288 2214 1415 2243 autem
1446 2204 1669 2242 sententiam
1691 2202 1861 2253 sequitur
1884 2199 1993 2253 longe
2013 2198 2315 2253 probabiliorem
2332 2229 2343 2247 ,
2374 2199 2410 2236 δε

1288 2259 1488 2297 moraliter
1518 2267 1660 2296 certam
1680 2287 1690 2304 ,
1721 2256 1868 2293 etiamsi
1899 2265 2028 2293 contra
2057 2252 2186 2305 legem-
2209 2263 2414 2304 operetur,

1288 2313 1496 2365 ignora-ntia
1528 2309 1748 2350 invincibili
1779 2319 2001 2353 excusatum
2031 2308 2123 2346 fecit
2142 2307 2243 2345 enim
2267 2320 2336 2359 pro
2350 2307 2409 2344 vi·

1287 2367 1350 2405 rili
1382 2381 1449 2405 sua
1479 2375 1585 2419 parte
1604 2395 1614 2412 ,
1644 2373 1682 2401 ut
1714 2365 1912 2408 veritatem
1940 2370 2205 2413 cognosceret,
2246 2375 2415 2412 eamque·

1287 2430 1474 2474 quantum
1507 2420 1649 2471 potuit,
1679 2426 1909 2456 consectatus
1924 2425 2001 2454 est.
2032 2416 2140 2454 Hanc
2158 2429 2232 2452 esse
2247 2413 2287 2452 S.
2305 2413 2410 2450 Tlno·

1288 2489 1363 2513 111ae
1395 2483 1557 2512 mentem
1591 2481 1687 2525 patet
1718 2484 1762 2508 ex
1794 2471 1919 2523 primo
1948 2469 2031 2507 loco
2059 2468 2235 2520 objecto,
2286 2469 2337 2505 Ita
2369 2480 2413 2503 e-

1287 2531 1367 2567 nim
1397 2527 1611 2566 concludit:
1641 2556 1666 2575 „
1696 2525 1776 2573 Qui
1807 2536 1894 2575 ergo
1914 2525 2068 2561 assentit
2085 2522 2254 2574 opinioni
2285 2518 2414 2557 alicu·

1316 2616 1318 2619 ,
1343 2582 1403 2635 jus
1435 2582 1609 2633 magistri-
1635 2589 1764 2617 contra
1795 2577 2035 2615 manifest-„un
2066 2575 2276 2625 Scripturae
2307 2574 2408 2610 testi-

1345 2637 1547 2683 monium,
1579 2635 1666 2672 sive
1687 2642 1814 2671 contra
1843 2630 1882 2668 id
1900 2660 1910 2678 ‚
1939 2629 2045 2682 quod·
2070 2628 2226 2680 publice
2257 2635 2412 2664 tenetur

1345 2686 1769 2728 secuudum-'Ecclesiae
1800 2685 2059 2722 auctoritatem
2077 2711 2088 2729 ,
2118 2694 2190 2718 non
2221 2691 2335 2733 potest
2356 2680 2414 2719 ab

1344 2745 1479 2781 erroris
1509 2743 1601 2780 vitio
1631 2740 1803 2778 excusari
1833 2737 1861 2752 '''

1344 2797 1431 2836 108.
1461 2798 1503 2835 ln
1533 2797 1641 2833 tertio
1669 2803 1794 2830 autem
1826 2788 2039 2827 testimonio
2064 2786 2235 2840 Angelici
2267 2800 2411 2838 scopus:

1285 2860 1359 2899 est,
1390 2865 1462 2888 nos
1486 2851 1688 2887 admonere
1719 2848 1756 2883 in
1772 2842 2051 2897 ‹pirestio=.ibtis
2070 2841 2116 2879 de
2133 2850 2288 2894 peccato
2305 2854 2406 2878 ruor-
2453 2872 2459 2876 ,

1285 2904 1349 2941 tali
1379 2904 1602 2946 diliaentem
1631 2914 1786 2953 operam
1818 2897 2033 2945 navandam
2063 2910 2168 2944 esse,
2199 2903 2239 2932 ut
2268 2898 2412 2934 veritas

1285 2947 1752 3008 expresse⁹cogimscatuffi
1790 2953 1819 2989 si
1850 2950 1934 2988 fieri
1967 2959 2109 3001 potest3
2150 2949 2179 2986 si
2210 2957 2334 2986 autem
2367 2946 2410 2985 ida

1285 3011 1368 3049 fieri
1401 3024 1471 3048 uon
1503 3017 1647 3060 potest,
1678 3017 1716 3043 ut
1746 3003 1980 3058 plerumque
2004 3005 2219 3055 contingere
2251 3003 2288 3039 in
2322 3013 2407 3038 mo-

1284 3064 1430 3101 ralibus
1461 3065 1561 3101 idem
1579 3062 1619 3098 S.
1637 3060 1806 3098 Thomas
1835 3057 1957 3095 docet:
1989 3086 2014 3105 ‚,
2042 3065 2137 3094 tunc⁴
2161 3054 2300 3093 sufficit
2318 3067 2409 3105 pro-

1341 3115 1484 3154 babilis
1512 3114 1696 3153 certitudo
1713 3144 1722 3161 ‚
1751 3125 1840 3164 quae
1872 3111 1973 3148 utin-
1997 3107 2181 3162 pluribus
2205 3109 2408 3146 veritatem

1341 3171 1526 3221 attingat,
1575 3169 1641 3205 etsi
1673 3168 1712 3205 in
1742 3163 1988 3219 paucioribus
2014 3179 2040 3202 a·
2068 3166 2224 3201 veritate
2253 3161 2409 3199 deficiat

1287 3255 1313 3273 ,‚
1346 3237 1381 3260 2.
1416 3236 1450 3260 2.
1481 3235 1543 3272 qu.
1578 3235 1643 3272 70.
1671 3229 1751 3258 art.
1783 3232 1847 3258 21.
1878 3217 1935 3255 vel
1961 3227 2001 3254 ut
2030 3216 2148 3255 habet
2176 3215 2314 3268 regula,
2338 3215 2407 3264 ju·-

1344 3281 1423 3324 νίς,
1455 3276 1688 3326 inspicimus
1714 3274 1757 3312 in.
1779 3273 1978 3320 obscuris,
2008 3272 2108 3324 quod
2139 3280 2189 3308 est
2214 3266 2406 3305 verisimi-

1344 3330 1443 3376 lius,
1492 3328 1551 3365 vel
1582 3327 1687 3380 quod¹
1714 3325 1942 3379 plerumque
1972 3325 2055 3363 fieri
2087 3322 2319 3361 consueverit
2348 3318 2406 3356 ’Ὦ

1344 3383 1437 3435 169..
1460 3381 1557 3435 Obj.
1574 3384 1688 3421 temo
1706 3407 1721 3419 .
1744 3380 1787 3421 Si
1816 3393 1891 3418 nou
1920 3378 2013 3418 licet:
2036 3379 2141 3429 sequi
2158 3405 2168 3424 ,
2197 3372 2295 3426 quod
2312 3370 2408 3432 aliis

2285 3438 2345 3464 vt.-

1303 2666 1314 2685 2

1289 2720 1314 2739 δ’

1288 2774 1314 2792 >2

1286 3148 1311 3166 ’3

1286 3202 1311 3219 ⁷2

1288 3308 1313 3326 ’5

1284 3360 1312 3380 97
