2570 3745
247 180 309 228 ,Μ

186 284 215 305 „
239 255 430 305 deponere
458 250 581 303 potuit
611 251 749 289 mentis
779 260 965 289 tumorem
984 280 994 297 ,
1025 250 1058 285 ἃ
1090 250 1169 287 Deo
1198 260 1288 285 cum

188 337 215 356 ,‚
244 305 431 358 Propheta.
459 305 614 342 dicere:
655 303 805 354 adjutor
836 318 940 341 inens
970 311 1044 339 esto
1062 332 1071 350 ,
1110 316 1158 339 ne
1187 301 1294 337 dere-

187 389 213 407 „
244 359 396 410 linquas
427 372 487 396 me
517 360 568 394 “2
597 356 773 394 Habebat
803 370 890 407 ergo
918 356 957 392 S.
979 355 1108 392 Petrus
1135 354 1297 404 gratian-1

182 410 436 449 sufficientem
466 411 512 448 ad
541 410 754 457 orandum,
785 424 861 460 qua
882 418 1022 460 poterat
1040 407 1216 444 uberiora
1231 418 1298 441 au—

185 463 281 502 xilia
309 464 356 502 ad
382 477 459 502 -non
490 463 726 515 peccandum
759 464 989 512 impetrare.

239 516 305 569 49.
335 517 469 555 Dices.
499 515 540 554 Si
565 514 694 554 Petrus
721 516 882 566 gratiam
912 513 1082 562 aliquam
1109 508 1302 547 sufficien-

179 579 260 608 tem
291 570 510 617 habuisset,
541 568 623 619 ejus
651 567 779 619 lapsus
809 566 1012 610 socordiae,
1042 563 1076 598 &
1105 562 1304 612 frigiditati

184 623 443 668 tribueretur3
473 624 578 674 atqui
609 621 677 659 hoc
707 628 815 671 negat
843 618 884 656 S.
913 618 972 655 Jo.
992 614 1302 667 Chrysostomus:

182 689 274 728 ergo
302 677 373 714 ἃς.
1188 713 1191 715 Α

239 730 306 767 50.
337 728 450 779 Resp.
480 728 649 779 Lapsum
679 725 779 762 Petri
811 722 993 760 socordiae
1032 719 1066 755 8<
1102 719 1302 770 frigiditati

182 782 346 821 minime
375 782 621 819 tribuendum
639 809 650 826 ,
680 779 742 815 sed
773 777 896 827 potius
915 773 1239 826 praesumptioni,
1267 771 1303 807 ὅς

180 835 404 886 superbiae,
434 847 510 886 qua
529 831 714 877 credidit,
744 843 781 865 se
812 841 915 878 posse
943 826 1044 879 quod
1064 824 1241 873 volebat,
1271 824 1306 860 8<

182 887 371 938 majorem
388 916 399 934 ‚
429 900 472 924 ac
503 886 696 923 fortiorem
712 881 874 932 gratiam
897 879 1104 931 implorare
1117 877 1301 929 neglexit.

240 941 304 978 5¹.
334 941 425 978 Inst.
454 937 494 976 S.
524 936 631 974 Petro
659 935 780 972 defuit
810 934 924 970 etiam
954 933 1075 983 gratia
1116 932 1164 968 ad
1192 944 1304 968 oran-

178 993 303 1041 dum,
347 992 439 1043 quia
474 989 773 1042 praesumptione
809 1000 965 1024 suarum
996 986 1139 1023 virium
1172 998 1305 1036 pecca.-

185 1047 264 1083 vit.
295 1045 414 1091 Nam,
446 1051 485 1080 ut
512 1043 620 1080 docet
648 1041 687 1079 S.
721 1041 952 1091 Augustinus
983 1040 1022 1076 in
1052 1038 1225 1075 Lihdll.
1255 1037 1304 1074 ad

182 1097 309 1135 Bonis.
339 1111 373 1134 c.
397 1110 433 1147 7.
464 1095 497 1131 8<
527 1095 656 1133 Tract.
685 1094 787 1132 Llll.
817 1093 856 1129 in
885 1093 944 1130 Jo.
978 1091 1176 1138 homiues,
1211 1091 1304 1128 dum

180 1157 446 1202 praesumunt,
464 1162 501 1186 se
517 1147 667 1200 aliquid
683 1148 758 1184 suis
779 1145 928 1184 viribus
949 1158 1054 1196 posse
1072 1173 1083 1191 ,
1098 1158 1167 1181 uec
1182 1152 1305 1190 orant,

180 1217 250 1240 nec
280 1216 387 1240 orare
430 1210 584 1254 possunt
612 1201 769 1248 Deum,
813 1207 854 1235 ut
892 1197 989 1235 illud
1025 1197 1193 1236 faciendi
1230 1196 1307 1234 sibi

184 1257 388 1308 potentiam
418 1255 609 1293 conferat.
639 1252 743 1300 Quid
765 1252 867 1289 enim
887 1250 1065 1298 stultius,
1093 1263 1213 1301 quam
1240 1264 1307 1301 pe-

180 1317 289 1356 tere,
319 1308 422 1361 quod
449 1306 591 1345 habere
619 1303 840 1343 credimus?
888 1303 1018 1341 Petrus
1048 1305 1202 1354 itaque,
1239 1302 1308 1353 qui

185 1370 275 1399 teste
305 1362 437 1399 eodem
466 1360 507 1398 S.
529 1359 637 1398 Patre
666 1357 729 1395 De
757 1366 864 1409 grat.
893 1357 942 1396 Θ·
973 1356 1037 1393 hl»,
1068 1354 1153 1392 arb.
1184 1369 1219 1392 c.
1247 1369 1307 1405 17.

186 1413 380 1465 putabat,
411 1426 452 1451 se
479 1426 620 1461 posse,
651 1409 752 1461 quod
781 1424 820 1447 se
849 1410 943 1448 selle
973 1407 1195 1453 sentiebat,
1220 1420 1308 1457 gra—

184 1469 278 1504 tiam
307 1466 485 1503 orationis
515 1478 588 1502 uon
629 1463 795 1500 habebat
825 1467 840 1513 (
870 1461 960 1498 Vid.
985 1461 1104 1498 Card.
1135 1459 1309 1496 Norisius

186 1519 360 1557 Tom.11.
391 1519 431 1555 in
457 1517 674 1554 Ca‘lumnt'a
702 1513 862 1552 sublata
879 1528 966 1565 cap.
983 1513 1022 1551 5.
1053 1512 1090 1564 ᾗ.
1109 1525 1146 1550 2.
1164 1511 1179 1559 )
1198 1538 1208 1550 .
1239 1511 1310 1550 Ul-

185 1573 301 1611 terius
342 1571 382 1609 S.
412 1570 554 1608 Doctor
584 1568 674 1608 Lib.
704 1569 735 1606 I.
779 1566 836 1605 ad
868 1566 1046 1617 St'nzplc'c.
1091 1565 1239 1613 Quaest.
1272 1578 1309 1603 2.

186 1656 213 1675 „
243 1625 400 1671 Nonne,
429 1626 575 1674 inquit,
604 1621 816 1673 aliquando
846 1620 929 1672 ipsa
955 1619 1075 1658 oratio
1104 1627 1231 1656 nostra
1259 1619 1313 1656 sic

185 1708 214 1728 „
243 1677 370 1728 tepida
399 1684 479 1723 est,
522 1675 584 1714 vel
614 1676 738 1726 potius
768 1673 937 1723 frigida,
981 1672 1015 1708 St
1044 1685 1142 1723 pene
1171 1670 1279 1709 nulla
1300 1699 1312 1718 ,

188 1759 216 1780 „
245 1732 366 1768 immo
393 1728 552 1766 omnino
580 1726 771 1765 interdum
801 1727 854 1762 ita
876 1724 1004 1773 nulla,
1036 1733 1075 1762 ut
1095 1737 1219 1775 neque
1241 1722 1310 1760 hoe

188 1813 217 1832 „
246 1783 287 1820 in
315 1782 426 1820 uobis
453 1794 544 1819 cum
573 1780 700 1817 dolore
729 1776 1000 1816 advertamus?
1030 1777 1136 1823 Quid
1165 1789 1252 1827 ergo
1272 1791 1312 1813 a·

189 1866 219 1885 ‚,
248 1835 330 1874 liud
349 1833 556 1873 ostenditur
570 1833 700 1879 nobis,
730 1831 802 1869 nisi
822 1832 916 1882 quia
931 1830 964 1866 8<
981 1839 1129 1882 petere,
1153 1829 1186 1866 8(
1203 1843 1312 1881 quae-

190 1918 218 1938 „
246 1902 356 1936 rer-e,
385 1887 420 1924 8:
451 1886 602 1938 pulsare
631 1885 698 1924 ille
728 1885 927 1932 concedit,
958 1884 1120 1936 qui,'ut
1138 1882 1223 1921 haec
1253 1883 1311 1921 fa-

190 1971 219 1991 „
249 1944 418 1989 ciamus,
448 1939 622 1992 jubet”.

244 1996 308 2033 52.
341 1994 453 2046 Resp.
496 1991 604 2030 Petro
639 2005 715 2030 uon
755 1991 920 2030 defuisse
953 1992 1115 2042 gratiam
1149 1989 1314 2037 orandi,

187 2047 253 2085 sed
284 2048 409 2099 potius
437 2045 486 2083 ab
516 2058 559 2083 eo
587 2045 703 2083 fuisse
739 2045 958 2083 frustratam
976 2074 986 2092 ,
1028 2043 1063 2079 δε
1102 2042 1284 2094 rejectam
1302 2068 1313 2080 .

189 2102 330 2140 Annon
354 2097 531 2137 Christus
561 2111 649 2135 eum
677 2097 805 2135 docuit
833 2105 990 2148 aperte,
1029 2096 1063 2132 8:
1103 2095 1315 2133 clarissime

188 2153 237 2192 de
257 2154 375 2205 ipsius
396 2149 642 2203 impotentia?
671 2149 765 2188 Non
794 2160 903 2200 potes
933 2163 998 2186 me
1027 2152 1136 2199 sequi
1165 2147 1316 2186 modo?

191 2206 330 2245 Annon
358 2207 486 2257 ipsum
516 2212 712 2243 monuerat
743 2202 882 2242 Matth.
905 2202 1135 2248 XXIV.41.
1153 2232 1164 2250 ,
1194 2211 1235 2238 ut
1259 2206 1315 2239 .νὶ-

191 2254 360 2310 gilaret,
388 2258 438 2298 (9-
466 2267 601 2295 oraret
618 2287 628 2305 ‚
657 2270 709 2295 ne
737 2261 907 2295 intraret
938 2261 979 2294 ιή
1008 2258 1274 2293 tentationem
1291 2254 1316 2291 ,²

192 2311 308 2349 Haud
337 2318 390 2348 est
418 2310 652 2358 verisimile,
683 2310 748 2348 has
774 2310 925 2352 Christi,
945 2319 1115 2348 externas
1143 2309 1315 2346 admoni-

189 2365 312 2402 tiones
342 2363 457 2400 fuisse
485 2363 563 2401 sine
591 2362 723 2414 aliqua
760 2365 910 2401 interna
945 2364 1094 2414 gratia.
1142 2361 1218 2399 Sed
1247 2360 1315 2399 Pe-

192 2426 275 2456 trus
293 2415 443 2454 Christo
471 2415 588 2454 fidem
609 2415 791 2454 adhibere
818 2416 943 2454 noluit
960 2446 971 2464 ,
1000 2415 1035 2452 8(
1063 2415 1199 2453 orandi
1227 2428 1312 2466 gra-

193 2471 292 2510 tiam
316 2469 481 2521 ,proinde
510 2469 668 2520 rejecit,
695 2482 761 2506 seu
777 2469 1027 2508 frustraneam
1055 2468 1245 2507 reddidit.
1270 2467 1318 2507 S.

193 2523 429 2575 Augustinus
457 2531 584 2560 autem
614 2523 655 2560 in
683 2520 767 2559 loco
795 2520 945 2572 objecto
973 2521 1144 2574 loquitur
1163 2521 1209 2559 de
1224 2534 1314 2572 gra-

193 2578 248 2615 tia
275 2575 451 2613 orationis
478 2574 646 2623 efficaci,
675 2588 794 2626 quam
821 2573 929 2625 justis
953 2588 1033 2613 non
1053 2588 1204 2627 semper
1222 2588 1313 2613 con-

195 2629 317 2676 cedit,
340 2636 450 2666 extra
476 2628 643 2666 dubium
671 2636 749 2666 est.

250 2681 318 2719 55.
346 2677 438 2731 ObJ‘.
461 2681 499 2719 5.
535 2681 632 2719 Justi
660 2681 853 2719 interdum
882 2688 1038 2732 peccant
1067 2694 1112 2717 ex
1142 2682 1315 2732 ignoran-

196 2734 252 2772 tia
269 2763 278 2781 ,
310 2740 350 2769 ut
377 2746 467 2771 cum
486 2733 635 2785 Cephas
654 2735 728 2772 fuit
748 2749 771 2772 a
785 2733 902 2772 Paulo
918 2732 1181 2785 reprehensus,
1213 2733 1314 2784 quod

196 2799 280 2824 non
307 2794 413 2823 recte
440 2786 668 2826 ambularet
694 2786 750 2825 ad
779 2790 985 2825 veritatem
1006 2784 1240 2838 Evangelii,
1268 2786 1316 2824 ad

201 2837 397 2877 Galat-II.
420 2838 502 2884 14.;
531 2839 564 2875 8<
594 2854 682 2879 cutn
704 2840 893 2888 Fabiola,
922 2854 1011 2893 quae
1043 2849 1081 2878 ut
1109 2841 1149 2878 S.
1180 2839 1315 2877 Hiero-

201 2904 341 2944 nymus
370 2899 495 2928 narrat
523 2893 564 2930 iu
591 2893 672 2944 ejus
692 2893 915 2945 epitaphio,
945 2895 1122 2946 ignorans
1141 2892 1314 2944 Evange-

197 2944 246 2984 lii
276 2951 510 2997 praeceptum
527 2973 538 2992 ,
584 2959 659 2995 quo
687 2946 1076 2985 nubendtuntversa
1103 2950 1313 2993 causatio,

203 2995 412 3036 viventibus
439 2999 551 3044 viris,
568 2998 740 3049 J'emt'nis
761 3010 1015 3051 amputatur,
1045 2999 1198 3038 deserto
1227 3013 1315 3051 pro·

200 3054 287 3102 prio
316 3053 395 3087 viro
424 3049 541 3087 alteri
570 3056 715 3101 nupsit,
744 3055 793 3093 ὠ
813 3053 1030 3092 itadc'abolz'
1048 3057 1217 3090 incauta
1237 3053 1316 3091 rul-

202 3117 279 3142 ηας
307 3106 475 3152 suscepit
491 3116 507 3146 ,-
548 3104 796 3154 quamobrem
827 3116 952 3159 postea
981 3108 1129 3149 nonnisi
1159 3106 1318 3158 publica

202 3165 336 3197 exacta
358 3156 613 3209 poenitentia,
643 3157 690 3195 ad
706 3157 889 3198 Ecclesiae
919 3162 1231 3200 communionem
1260 3160 1318 3197 r'e-

254 3298 303 3334 (α)
332 3293 477 3338 Aliqui,
512 3301 551 3326 nt
574 3292 641 3326 liae
667 3291 869 3327 difficultate
907 3308 940 3328 se
966 3296 1195 3343 expedirent,
1229 3309 1323 3332 com·

205 3341 319 3375 menti
345 3348 426 3373 sunt
451 3339 567 3374 nescio
592 3350 677 3384 quas
704 3340 978 3382 illustrationes,
1003 3349 1035 3375 ἀ
1061 3346 1230 3378 motiones
1257 3345 1326 3377 im-

205 3386 478 3433 perceptibiles,
496 3396 617 3421 contra
633 3397 720 3432 quos
740 3387 880 3422 consule
896 3387 1150 3427 Bellarminum
1168 3393 1211 3427 de
1228 3390 1325 3426 Gra-

716 170 796 216 DE
831 170 1062 215 GRATIA
1098 168 1273 213 PART.
1296 167 1331 211 Ι.

1363 164 1632 210 DISSERT.
1654 164 1733 208 IV.
1768 165 1899 210 CAP.
1920 163 2002 207 III.

1360 253 1467 295 cepta
1497 252 1549 280 est
1567 269 1576 280 .
1608 244 1824 282 Libellatiei
1855 246 1992 291 etiam,
2022 241 2090 294 qui
2119 240 2351 280 sacrificasse
2381 254 2419 278 se
2446 239 2480 280 i·-

1361 297 1457 334 dolis
1485 297 1796 344 mentiebantur,
1830 301 2113 334 existimantes
2142 293 2210 332 sthi
2240 298 2338 332 satis
2367 307 2481 342 esse,

1365 347 1466 400 quod
1496 361 1577 384 non
1605 349 1962 400 sacrificarissent,
1993 361 2125 386 errore
2155 347 2303 398 decepti
2333 356 2480 394 erant,

1368 412 1406 438 ut
1436 403 1487 438 ait
1518 402 1557 438 S.
1570 402 1790 453 Cyprianus
1818 405 1926 453 epist.
1957 403 2003 439 ad
2029 402 2310 447 Antonianum3
2342 399 2376 435 8(
2404 399 2483 438 alia

1368 453 1484 504 liujus
1503 456 1648 504 generis
1664 455 1840 505 exempla
1859 463 2031 492 sexcenta
2045 453 2173 491 afferri
2189 462 2364 504 possunt.
2393 452 2483 490 Pec-

1367 516 1454 544 caut
1481 507 1637 557 insuper
1666 509 1894 558 quandoque
1924 521 1990 560 per
2013 508 2292 557 incogitantiam
2310 536 2320 554 ,
2351 508 2486 543 incon-

1370 560 1641 610 siderantiam,
1668 558 1948 609 subreptionem
1979 562 2049 598 dcc.
2094 559 2247 607 Plena,
2289 560 2416 611 inquit
2443 558 2486 597 S·

1373 613 1606 663 Augustinus
1635 611 1683 648 tle
1699 611 1868 660 Spiritu,
1896 613 1946 651 Θ
1971 610 2107 650 ‘littera
2126 611 2317 664 cap.55.,
2346 611 2488 648 huma.-

1372 678 1430 702 na.
1460 668 1538 702 Vita
1568 673 1626 701 est
1655 664 1901 701 documentis
1930 663 2097 703 talibus.
2141 666 2241 704 Hinc
2278 664 2348 703 illa
2377 663 2489 702 Pauli

1374 731 1446 756 vox
1475 719 1506 756 1.
1527 717 1698 755 Cor.1V..
1717 718 1753 762 4.
1797 714 1906 753 Nv'zil
1936 716 2030 753 mihi
2058 722 2238 756 conscius
2265 731 2377 768 sum,
2418 715 2489 755 sed

1371 784 1452 808 non
1480 775 1521 808 ιή
1554 769 1623 807 ἤῡσ
1654 769 1894 822 justificatus
1922 782 2038 806 sum.
2068 770 2115 807 At
2145 784 2234 809 vero
2262 773 2329 823 qui
2358 769 2489 822 aliquo

1373 837 1419 861 ex
1447 825 1527 861 istis
1553 823 1678 861 modis
1711 832 1867 875 peccant
1886 852 1898 871 ,
1929 821 2079 859 nullam
2108 824 2266 872 gratiam
2297 824 2490 862 sufficien-

1372 887 1448 915 tem
1479 877 1646 922 habent3
1689 875 1774 913 haec
1803 877 1949 928 quippe
1977 875 2144 913 constitit
2173 876 2210 912 in
2242 874 2493 914 illustratione

1372 929 1617 978 intellectus,
1658 928 1696 965 ἃ
1724 928 1927 968 voluntatis
1966 930 2157 976 motione,
2201 942 2289 980 quae
2313 928 2426 966 nulla
2455 930 2494 966 in

1374 986 1427 1021 eis
1456 998 1532 1020 esse
1563 992 1707 1034 potest,
1751 983 1817 1034 qui
1856 995 1922 1033 per
1955 982 2241 1033 ignorantiam,
2281 982 2494 1034 incogitan-

1376 1038 1499 1084 tiam‘,
1529 1045 1594 1074 ant
1624 1036 1910 1087 subreptionem
1941 1043 2103 1086 peccant
2132 1034 2196 1087 (ιι)
2214 1061 2225 1071 .

1434 1089 1495 1134 54.
1520 1088 1633 1139 Resp.
1664 1089 1758 1125 Haec
1788 1089 1917 1126 omnia
1933 1089 1986 1127 Vin
2007 1087 2115 1138 justis
2136 1088 2373 1139 torpentibus
2390 1118 2400 1137 ,
2429 1088 2494 1126 de-

1376 1142 1547 1189 sidibus,
1591 1141 1624 1177 &
1654 1141 1871 1179 nolentibus
1901 1142 2120 1193 contingere
2149 1154 2281 1193 posse,
2316 1143 2384 1193 qui
2411 1155 2498 1192 gra-

1377 1197 1438 1235 tiis
1470 1195 1570 1233 male
1601 1204 1740 1232 utentes
1785 1194 1996 1243 labuntur,
2039 1208 2117 1232 nou
2154 1203 2279 1232 autem
2324 1196 2362 1233 in
2391 1194 2500 1245 justis

1376 1248 1629 1295 conantibus,
1668 1247 1701 1282 &
1730 1247 1970 1295 volentibus,
2002 1249 2076 1299 qui
2108 1249 2229 1299 potius
2258 1261 2302 1284 ex
2332 1248 2499 1288 infirmi·

1376 1310 1448 1338 tate
1479 1310 1663 1352 peccant,
1694 1310 1879 1351 quatenus
1903 1313 2040 1337 eorum
2072 1299 2243 1338 voluntas
2270 1314 2391 1352 parva
2420 1309 2499 1348 est,

1379 1353 1412 1390 81
1444 1352 1639 1391 invalida.
1682 1352 1731 1389 Ei
1762 1354 1862 1389 enim
1881 1381 1891 1398 ,
1933 1353 2001 1403 qui
2032 1365 2100 1403 pro
2134 1353 2281 1390 viribus
2306 1363 2468 1391 conatur
2487 1384 2500 1401 ,

1381 1405 1438 1444 vel
1470 1405 1578 1442 nulla
1606 1405 1778 1455 subrepit
1810 1405 2049 1455 ignorantia,
2079 1404 2322 1456 incogitantia
2341 1403 2412 1443 διο.
2443 1404 2503 1443 vel

1381 1459 1529 1496 etiamsi
1559 1458 1809 1509 subreperet,
1855 1458 1945 1494 vitio
1973 1457 2141 1495 minime
2166 1466 2400 1506 verteretur,
2445 1466 2504 1495 ut-

1378 1520 1464 1564 pote
1494 1510 1760 1557 iuvincibilis,
1792 1508 1825 1544 8<
1853 1508 2133 1562 inculpabilis.
2170 1510 2269 1548 Hinc
2300 1510 2340 1549 S.
2374 1513 2502 1562 Augu-

1380 1566 1498 1602 stinus
1527 1563 1617 1602 Lib.
1640 1565 1670 1601 1.
1702 1563 1845 1612 ¹Opert‘s
1867 1563 2097 1614 imperfecti
2126 1563 2498 1602 contra.Ju1ianum

1376 1631 1466 1669 cap.
1489 1616 1555 1668 95.
1599 1646 1624 1663 „
1653 1615 1735 1662 Qui
1765 1616 1964 1653 exauditus
2001 1617 2145 1664 fuerit,
2183 1620 2334 1667 inquit,
2361 1619 2402 1655 in
2429 1630 2503 1666 eO,

1381 1699 1408 1718 „
1439 1669 1539 1720 quod
1568 1668 1695 1706 dicere
1723 1667 1819 1719 jussi
1840 1680 1991 1706 sumus:
2017 1683 2091 1707 ,nec
2108 1682 2178 1706 nos
2197 1670 2341 1708 inferas
2361 1671 2401 1708 in
2422 1678 2505 1708 ten-

1381 1752 1408 1770 „
1437 1723 1617 1759 tationem
1635 1751 1646 1769 ,
1675 1720 1932 1772 proculdubio
1961 1721 2070 1759 nulla
2096 1722 2310 1773 >decipietur
2338 1724 2504 1771 inscitia,

1381 1805 1408 1824 „
1435 1773 1547 1812 nulla
1576 1775 1782 1825 cupiditate
1804 1775 2034 1813 vincetur'’‚.
2066 1775 2142 1820 Qui
2172 1783 2298 1811 autem
2328 1777 2506 1826 ignoran-

1381 1830 1458 1876 tia,
1489 1827 1547 1865 vel
1578 1828 1825 1877 incogitantia
1857 1835 2042 1878 peccant,
2074 1825 2211 1864 habent
2240 1828 2397 1878 quidem
2414 1828 2505 1865 illu-

1380 1882 1576 1920 strationes
1612 1879 1870 1927 sufficientes,
1915 1879 2057 1932 quibus
2097 1889 2245 1931 possent
2282 1879 2507 1933 cognoscere

1382 1934 1530 1973 malum
1549 1965 1559 1983 ,
1596 1934 1696 1986 quod
1727 1941 1868 1985 agunt3
1911 1933 1975 1970 sed
2005 1934 2160 1984 propria
2198 1932 2318 1986 culpa
2354 1935 2402 1972 iis
2427 1947 2507 1974 non

1381 1988 1601 2026 attendunt.
1646 1987 1744 2024 Hinc
1774 2000 1906 2025 eorum
1937 1987 2176 2038 ignorantia,
2208 1986 2268 2027 vel
2297 1989 2507 2039 incogitan-

1381 2043 1435 2081 tia
1463 2040 1668 2092 culpabilis
1699 2049 1779 2078 est.

1438 2095 1504 2133 55.
1531 2093 1627 2145 -Ohj,
1658 2093 1717 2137 4.·
1743 2095 2037 2145 Conqueruntur
2065 2106 2165 2146 saepe
2201 2093 2293 2145 justi
2334 2108 2423 2134 cum
2453 2095 2507 2133 D.

1383 2147 1503 2187 Paulo
1531 2146 1641 2185 Rom.
1659 2146 1763 2184 VIII.
1800 2148 1860 2185 15.
1890 2147 1937 2184 de
1967 2149 2204 2195 necessitate,
2234 2161 2312 2199 qua
2340 2148 2387 2185 ad
2413 2162 2506 2199 pec·

1383 2210 1513 2240 catum
1542 2201 1775 2252 adiguntur.
1801 2199 1901 2238 Satis
1931 2200 1976 2238 sit
2005 2200 2137 2238 audire
2157 2200 2198 2239 S.
2222 2200 2506 2252 Hieronymum

1381 2255 1424 2293 in
1453 2255 1563 2306 epist.
1594 2253 1642 2291 ad
1670 2252 1952 2305 Ctesiphontem
1981 2267 2067 2306 cap.
2091 2253 2155 2292 53.
2186 2267 2222 2290 n.
2244 2266 2284 2305 9.
2314 2254 2367 2291 ita
2395 2267 2505 2292 suam

1383 2307 1630 2359 fragilitatem
1658 2308 1821 2358 ingenue
1850 2306 2115 2344 confitentem:
2152 2305 2253 2344 Nori
2282 2319 2347 2344 me
2377 2308 2506 2344 multa

1383 2361 1499 2410 velle,
1528 2373 1618 2412 quoe
1633 2358 1839 2411 jacienda
1867 2368 1979 2407 sunt,
2010 2360 2059 2400 ζ’)
2079 2368 2220 2398 tamen
2242 2361 2404 2410 implere
2423 2374 2506 2398 non

1381 2427 1519 2467 possm
1549 2426 1622 2450 non
1652 2413 1730 2451 alia
1759 2416 1856 2450 certe
1886 2412 1931 2450 de
1951 2424 2091 2462 causa,
2120 2413 2195 2451 nisi
2215 2413 2308 2465 quia
2327 2413 2400 2466 ipsi
2419 2427 2507 2466 gra-

1383 2469 1436 2506 tia
1464 2466 1650 2519 operandi
1679 2466 1833 2505 deerat.

1438 2520 1502 2558 56.
1534 2518 1579 2557 R.
1604 2519 1824 2570 Apostolum
1854 2518 1911 2558 ibi
1931 2517 2029 2556 nih‘il
2050 2517 2155 2556 aliud
2175 2519 2418 2569 significare,
2448 2521 2507 2558 ni·

1383 2576 1416 2613 si
1443 2571 1740 2622 difficultatem,
1782 2586 1900 2625 qnam
1930 2572 2178 2622 experiuntur
2205 2570 2296 2621 ‚justi
2332 2573 2372 2610 in
2402 2585 2506 2610 com·

1383 2628 1596 2680 primendis
1624 2626 1945 2678 concupiscentiae
1966 2621 2175 2675 perduellis
2194 2625 2359 2662 motibus
2375 2654 2385 2672 ,
2414 2637 2508 2676 quos

1383 2690 1508 2718 tamen
1537 2694 1608 2732 ope
1636 2681 1768 2731 gratiae
1795 2685 2068 2729 compescunt,
2098 2675 2158 2714 vel
2187 2675 2320 2716 saltem
2349 2690 2507 2730 compe-

1383 2747 1487 2773 scere
1517 2742 1692 2785 possunt3
1737 2732 1833 2769 unde
1861 2730 1985 2768 eidem
2016 2727 2194 2781 Apostolo
2223 2729 2342 2769 Paulo
2368 2744 2506 2781 rogan-

1382 2789 1439 2836 ti,
1470 2796 1509 2825 ut
1537 2786 1611 2824 s'ibi
1640 2786 1855 2824 auferretur
1883 2781 2059 2821 stimulus
2085 2784 2255 2835 peccati,
2286 2796 2506 2835 responsum

1383 2841 1477 2878 fuit:
1519 2838 1663 2888 sufficit
1691 2837 1756 2876 zibt‘
1783 2840 1920 2887 gratia
1951 2849 2071 2874 mea.
2111 2836 2158 2874 Et
2196 2836 2327 2875 Sancti
2358 2838 2505 2889 pariter

1384 2893 1717 2946 conquerebantur
1746 2887 1790 2927 de
1819 2890 1942 2927 carnis
1972 2888 2203 2941 fragilitate,
2241 2905 2348 2943 spem
2376 2899 2505 2929 tamen

1386 2949 1424 2985 in
1452 2947 1582 2986 divina
1609 2944 1729 2995 gratia
1758 2942 2014 2994 reponebant3
2045 2943 2143 2980 unde
2171 2945 2212 2981 in
2233 2943 2338 2982 laud.
2359 2942 2443 2982 loco
2458 2944 2505 2982 S.

1385 3000 1645 3049 Hieronymus
1684 2997 1734 3033 ita
1763 2996 2027 3047 prosequitur:
2072 3026 2100 3044 „
2132 2996 2255 3034 Audio
2289 2997 2503 3035 Dominum

1385 3082 1412 3103 „
1441 3058 1766 3089 commonentem:
1797 3049 1977 3100 vigilate,
2009 3048 2042 3085 δε
2071 3058 2202 3099 orate,
2231 3064 2280 3087 ne
2298 3048 2439 3086 intretis
2461 3049 2501 3086 in

1385 3135 1411 3154 „
1439 3103 1705 3142 tentationem:
1735 3102 1890 3154 spiritus
1915 3111 2116 3156 promptus
2144 3111 2228 3150 est,
2256 3113 2345 3139 caro
2372 3110 2503 3140 autem

1386 3187 1412 3207 „
1442 3156 1600 3195 infirma
1616 3156 1670 3194 ³².

2388 3209 2454 3260 57.

1388 3298 1463 3334 tia,
1488 3297 1528 3329 (9⁸
1552 3296 1612 3328 lib.
1639 3294 1708 3326 arb.
1748 3293 1824 3327 Lib.
1853 3294 1894 3327 11.
1935 3305 2010 3338 cap.
2037 3292 2070 3326 6.
2096 3295 2128 3327 &
2151 3291 2228 3330 Jac.
2253 3294 2367 3341 Hyac.
2395 3293 2504 3340 Seri-J

1389 3341 1544 3376 Lib-111.
1569 3341 1669 3377 Hist.
1693 3342 1738 3375 de
1764 3343 1911 3376 auxiliis
1936 3351 2011 3385 cap·
2026 3340 2085 3384 48-
