2570 3745
977 106 1067 153 DE
1100 105 1268 152 OPER.
1301 106 1556 152 PECCAT.

485 239 788 280 PROPOSITIO
804 267 815 279 .

95 349 245 390 Gratia
272 347 484 388 habitualis
511 361 592 386 non
621 357 679 387 est
708 352 941 387 necessaria
969 347 1025 387 ad
1052 346 1214 399 aliquod

144 402 290 442 bonum
310 401 557 455 operandum
574 418 590 447 ‚·
619 416 669 440 ‹zc
685 402 845 452 proinde
865 416 943 441 non
964 406 1106 442 omnia
1123 414 1214 453 pec-

145 463 330 495 catorum
357 469 480 506 opera
510 466 598 494 sunt
628 466 824 507 peccata..

147 535 363 602 12.Prob.
391 577 423 602 1.
453 564 671 602 auctoritate
701 565 908 615 Scripturas
927 593 937 612 ‚
974 577 1063 616 quae
1092 561 1214 616 pluri·

90 613 167 655 bus
193 619 235 654 iu
262 616 357 656 locis
388 627 599 670 peccatores
631 618 826 665 hortatur,
871 627 907 655 nt
944 631 1010 667 per
1044 617 1145 655 bona
1173 630 1213 653 o-

90 682 181 721 pera
212 683 250 707 se
278 671 325 708 ad
356 673 619 722 poenitentnnn
650 671 877 721 dispumant,
915 670 949 707 &
981 679 1214 708 revertantur

89 723 138 760 ad
160 723 284 762 Deum
303 751 313 762 .
348 725 554 763 Ezechieli..
579 723 718 762 XVIII.
738 725 802 762 50.
835 723 1134 772 Convertimini,
1163 725 1213 764 Φ

87 780 200 829 agile
228 782 502 828 poenitentium
537 777 586 816 alt
627 776 808 815 omnibus
844 776 1110 827 iniquitatibus
1152 790 1212 816 νε·

86 834 180 868 stris
199 857 209 868 .
239 831 378 870 Manli.
401 832 466 869 111.
491 847 527 883 7.
558 832 589 868 ὅ(
610 831 649 869 8.
680 832 719 868 S.
747 830 805 868 Jo.
826 831 993 881 Baptista
1036 833 1085 868 ita
1116 829 1212 868 Pha-

86 884 244 933 risaeos,
275 884 308 920 ὅ(
336 885 566 923 Sadducaeos
595 885 838 936 increpabat:
870 882 1082 935 Progenies
1111 888 1210 933 vipe-

88 947 230 976 rarum
249 967 262 986 ,
296 943 381 990 quis
409 937 695 976 demonstrabit
725 935 995 989 vobis-fugere
1022 949 1050 974 a
1080 947 1210 974 ventu-

87 1002 140 1028 ra
167 991 270 1029 ira?
317 990 454 1030 Facite
481 1003 576 1042 ergo
605 989 791 1041 fructum
823 989 988 1041 dignum
1018 993 1211 1040 poeniten-

86 1047 183 1084 εἰσι».
214 1045 409 1083 Habemus
437 1044 552 1081 etiam
575 1043 690 1081 Lucae
711 1042 857 1080 XVIII.
878 1043 938 1082 13.
968 1044 1212 1082 commenda-

86 1105 167 1136 tam
197 1098 386 1137 aChristo
404 1095 605 1135 I'nblicani
638 1096 1010 1147 humilitatemsquz'
1039 1109 1066 1133 a
1094 1097 1212 1150 longe

86 1160 204 1189 stans
231 1149 388 1188 nolebat
416 1163 489 1188 nec
517 1151 650 1188 oculos
678 1148 734 1187 ad
761 1150 906 1188 coelum
938 1149 1098 1199 levare,
1141 1150 1212 1188 set!

85 1202 324 1254 percutiebat
354 1215 489 1255 pectus
516 1217 633 1242 suum
663 1203 829 1242 dicens:
872 1202 984 1242 Deus
1025 1208 1212 1255 propinus

82 1265 169 1296 esto
197 1255 293 1295 mihi
320 1260 549 1308 peccatori.
593 1257 641 1295 Et
670 1259 753 1296 Act.
773 1256 826 1296 X.
845 1270 882 1295 2.
912 1256 1090 1295 landatur
1117 1258 1212 1296 Cor-

81 1309 213 1350 nelius
239 1311 450 1360 Centurio,
491 1320 688 1362 tamquam
723 1314 778 1348 vir
810 1312 1041 1363 religiosus,
1082 1324 1136 1350 ac
1165 1315 1212 1349 tc·-

86 1376 203 1402 mens
223 1363 357 1402 Deum
386 1377 478 1403 cum
506 1368 618 1402 omni
646 1364 766 1402 domo
794 1378 869 1402 sua
886 1394 896 1412 ,
914 1364 1084 1416 faciens
1112 1365 1215 1404 elee-

85 1429 289 1470 mosynas
319 1419 466 1457 multas
486 1416 583 1470 pleln'
599 1448 610 1467 ‚
639 1419 687 1458 (9⁶
708 1418 929 1468 deprecans
948 1417 1080 1456 Deum
1109 1431 1215 1457 sem-

86 1482 185 1521 per.
214 1470 255 1509 Si
284 1480 412 1510 autem
441 1471 524 1510 baec
553 1485 669 1523 opera
699 1473 780 1509 sine
798 1473 918 1523 gratia
939 1471 1128 1511 habituali
1159 1472 1216 1510 fa·

84 1531 176 1572 cta,
205 1524 359 1563 fuissent
387 1524 517 1571 mala,
546 1525 738 1576 quomodo
765 1525 915 1562 landari
946 1524 1153 1577 poterant?

146 1577 207 1616 15.
237 1575 350 1616 Prob.
380 1578 537 1615 ulterius
565 1589 610 1614 ex
639 1577 937 1628 S.Augnstino,
964 1580 1031 1629 qui
1062 1578 1111 1616 de
1131 1577 1217 1629 Spi-

84 1634 190 1677 ritu,
217 1630 267 1670 (9⁶
296 1630 430 1669 littera
459 1644 545 1682 cap.
568 1629 634 1668 28.
672 1659 698 1678 „
727 1630 835 1668 Sicut
864 1643 940 1668 non
969 1631 1212 1683 impediunt,

86 1713 116 1733 „
144 1686 298 1735 inquit,
338 1699 362 1722 a
390 1685 469 1722 vita
498 1692 642 1722 aeterua
670 1682 813 1734 justum
842 1684 1023 1736 quaedam
1056 1693 1215 1736 peccata

86 1765 116 1786 ,‚
144 1736 312 1776 venialia
329 1767 340 1786 ,
369 1739 447 1777 sine
475 1737 618 1789 quibus
647 1736 732 1776 haec
761 1740 837 1776 vita
858 1750 932 1777 non
948 1738 1131 1786 ducitur,
1160 1739 1214 1777 sic

87 1819 116 1840 „
145 1790 194 1829 ad
221 1790 381 1830 salutem
411 1800 593 1830 aeternam
621 1803 697 1829 non
727 1800 881 1844 prosunt
924 1792 1045 1844 impio
1082 1790 1215 1844 aliqua

87 1871 117 1893 ,‚
145 1843 246 1883 bona
273 1857 418 1897 opera,
446 1845 530 1883 sine
555 1844 696 1897 quibus
725 1843 959 1884 difficillime
987 1846 1065 1884 vita
1085 1845 1214 1897 cujus-

85 1925 115 1947 „
143 1896 238 1936 tibet
294 1899 422 1937 essimi
451 1897 847 1937 Iiominisinvenitur.
877 1897 931 1936 Et
949 1896 1036 1937 Lib.
1052 1899 1100 1937 de
1113 1912 1216 1951 prae-

85 1979 115 2001 „
142 1950 236 1990 dest.
255 1913 483 1990 §anctorum
502 1965 594 2003 cap.
613 1966 650 2004 7.
679 1952 728 1990 de
751 1951 931 1991 Cornelio
951 1953 1128 2005 loquens,
1148 1966 1214 1991 cu-

85 2033 116 2054 „
143 2003 227 2057 jus,
256 2008 403 2058 inquit,
432 2015 601 2058 accepta:
631 2015 714 2044 sunt
735 2005 987 2060 eleemosyna
1005 2036 1016 2054 ‚
1047 2006 1079 2041 8(
1100 2019 1216 2044 exau·

36 2108 41 2111 ,
87 2086 116 2108 „
144 2059 237 2097 ditae
263 2061 470 2108 orationes,
499 2069 705 2111 autequam
733 2061 950 2099 credidisset
969 2062 1012 2101 iu
1025 2059 1219 2099 Christum

86 2139 116 2160 „
144 2111 224 2151 ἃς.
254 2113 433 2169 <scilicet
450 2113 528 2151 fide
542 2113 755 2166 explicita)
784 2114 852 2165 (a)
869 2115 922 2153 '’.

147 2165 209 2211 14.
237 2165 318 2204 hec
346 2166 456 2204 aliter
482 2168 591 2204 sentit
622 2166 852 2218 Angelicus,
881 2169 949 2221 qui
978 2180 1095 2220 opera
1123 2181 1212 2218 pec·

69 2226 260 2256 -tatorutn
287 2218 335 2256 ad
363 2218 501 2270 triplex
530 2219 674 2258 bonum
706 2220 835 2258 valere
863 2221 1011 2261 dicitiu
1028 2221 1097 2260 IV.
1112 2222 1212 2260 Dist.

93 2272 157 2311 15.
183 2285 252 2324 qu.
272 2284 307 2310 ι.
323 2280 393 2310 art.
409 2272 447 2310 5.
465 2271 644 2317 Solut.4.
672 2274 821 2311 scilicet
849 2273 908 2312 ad
932 2275 1213 2325 temporalium

85 2328 409 2363 consecutionem
425 2354 436 2372 ‚
465 2324 521 2362 ad
548 2324 843 2373 dispositionem
864 2327 919 2365 acl
932 2332 1134 2380 gratiam,
1162 2329 1212 2370 <9¹

85 2376 145 2416 ad
172 2377 470 2417 assuetudinem
497 2376 687 2416 honorum
715 2393 880 2430 operum
896 2407 906 2417 .
945 2381 1096 2420 Deinde
1125 2395 1212 2421 con·

85 2432 250 2470 uarium
291 2444 460 2470 errorem
509 2430 720 2470 clarissime
767 2433 933 2486 explodit
984 2434 1131 2483 Quaest.
1161 2436 1212 2476 11.

74 2483 139 2523 .de
167 2485 278 2524 malo
305 2493 376 2523 art.
406 2486 445 2523 5.
471 2485 521 2523 ad
552 2499 589 2536 7.
620 2485 688 2524 ubi
717 2487 864 2539 inquit:
913 2518 940 2537 „
972 2487 1054 2527 Hoc
1084 2498 1212 2528 autem

85 2567 117 2587 „
143 2546 200 2576 est
229 2537 457 2591 simpliciter
486 2537 625 2576 falsum
643 2569 654 2587 ,
683 2541 785 2592 quod
813 2543 938 2579 omnis
965 2550 1069 2580 actus
1086 2572 1098 2591 ‚
1139 2545 1208 2595 qui

87 2620 117 2642 „
144 2604 221 2631 nou
249 2601 303 2630 est
331 2605 376 2630 ex
405 2591 594 2631 voluntate
623 2594 826 2632 informata
847 2594 1056 2642 charitate,
1083 2597 1207 2635 sitde-

88 2673 119 2694 „
146 2646 387 2684 meritorius:
426 2645 602 2698 alioquin
631 2645 717 2695 illi,
760 2650 826 2700 qni
863 2658 946 2687 suut
982 2651 1025 2688 in
1053 2659 1207 2701 peccato

89 2726 121 2748 „
148 2698 328 2748 mortali,
369 2700 410 2738 in
437 2699 609 2752 quolibet
637 2714 705 2738 sno
737 2713 824 2739 actu
867 2711 1092 2754 peccarent,
1133 2718 1205 2743 nec

88 2779 118 2801 2,
147 2753 202 2790 eis
229 2760 321 2791 esset
347 2752 642 2802 consulendum,
685 2756 788 2807 quod
830 2756 982 2795 interim
1013 2757 1206 2810 quidquid

88 2833 119 2855 „
146 2803 238 2844 boni
266 2815 442 2858 possent,
471 2807 665 2857 facerent,
693 2823 765 2847 nec
790 2823 904 2862 opera
934 2809 984 2848 ab
1013 2811 1065 2848 eis
1086 2810 1204 2860 facta,

86 2887 116 2908 „
144 2872 235 2911 quae
262 2867 348 2898 snut
374 2860 423 2899 de
449 2874 584 2913 genere
611 2861 800 2900 bonorum
818 2893 829 2909 ,
872 2865 1114 2915 disponerent
1147 2878 1208 2904 eos

88 2941 118 2962 „
147 2912 195 2950 ad
223 2914 410 2965 gratiam,
437 2928 527 2966 quae
552 2917 682 2955 omnia
709 2926 797 2955 sunt
826 2916 923 2955 falsa
943 2917 993 2955 ''.

148 2965 211 3005 15.
239 2965 535 3022 Prob.denique
547 2972 718 3010 ratione.
745 2970 844 3009 Nam
866 2972 1112 3025 perspicuum
1126 2980 1208 3022 est,

92 3122 366 3182 Brimo-quoda
391 3129 552 3166 Concilio
575 3131 784 3167 Tridentino
806 3133 990 3169 definitum
1015 3135 1109 3171 dicat
1128 3159 1140 3178 ,
1164 3148 1203 3171 o-

92 3179 189 3208 mnm
210 3174 404 3210 infidelium
427 3189 532 3223 opera
556 3190 632 3212 esse
647 3189 817 3224 peccata3
841 3181 883 3214 de
907 3194 976 3227 qua
1000 3194 1037 3215 re
1064 3184 1111 3217 ibi
1138 3196 1202 3218 nec

90 3215 171 3250 vola
193 3228 271 3273 est-2
294 3235 357 3257 nec
380 3223 567 3268 vestigium
583 3248 595 3258 .
619 3225 776 3268 Secundo
799 3227 892 3273 quod
917 3231 1112 3273 Augustino
1138 3231 1203 3263 tri—

92 3260 200 3296 buere
224 3264 382 3304 vida-itur
403 3282 483 3305 eam
503 3270 708 3306 damnatum
723 3274 941 3310 Novatornm
966 3277 1176 3310 sententiam
1189 3298 1202 3318 ,

90 3319 112 3343 a
139 3320 207 3354 qua
232 3310 267 3343 S.
290 3313 418 3350 Doctoi·
441 3319 676 3353 alienissimus
703 3320 767 3353 suit
782 3343 790 3352 .

73 3375 77 3380 ·
141 3361 194 3399 (a)
216 3358 354 3394 Clanius
373 3361 465 3400 hanc
477 3366 634 3401 Cornelii
658 3365 762 3401 fidem
787 3371 989 3414 implicitam
1013 3370 1203 3417 explicavit

2257 123 2278 148 α
2287 124 2310 147 o
2319 112 2339 150 3

1280 201 1384 241 posse
1414 202 1432 225 a
1465 196 1682 239 peccatore,
1711 188 1829 238 gratia
1859 187 2119 226 sanctificante
2139 186 2298 235 orbato,
2330 187 2398 225 fie-

1278 243 1312 281 ri
1341 254 1435 294 opus
1467 242 1719 295 undequaque
1749 241 1921 288 bonum,
1964 245 2040 279 sive
2079 244 2223 279 ratione
2251 240 2368 279 Officii
2387 271 2398 290 ,

1278 308 1418 346 nempe
1450 307 1494 332 ex
1522 295 1698 344 objecto,
1742 304 1780 331 ιιῑ
1810 308 1898 333 etun
1931 296 2072 345 impius
2115 296 2399 347 eleemosynam

1280 349 1467 401 largitur,
1498 346 1682 398 justitiam
1712 346 1832 395 colit,
1861 348 2067 385 castitatem
2097 358 2218 386 servat
2249 348 2318 387 &c.
2349 350 2399 387 si-

1281 417 1329 443 ve
1359 404 1472 441 etiam
1503 403 1643 439 ratione
1673 400 1780 446 finis5
1811 400 1908 438 nihil
1941 402 2044 438 enim
2076 401 2276 452 prohibet,
2304 404 2400 454 quin

1282 465 1456 510 peccator
1486 468 1552 507 per
1581 454 1696 493 fidem
1716 484 1726 501 ‚
1770 454 1802 491 ἃ
1833 454 2055 492 charitatem
2078 483 2088 501 ‚
2131 467 2202 491 non
2242 456 2401 506 quidem

1282 511 1519 563 perfectam,
1563 509 1623 546 sed
1655 506 1786 546 saltem
1819 508 2035 546 inchoatam
2064 519 2178 558 opera
2209 520 2274 544 sua
2303 508 2401 547 bona

1281 567 1322 604 in
1351 564 1478 603 Deum
1511 563 1671 600 referat:
1700 575 1790 614 ergo
1805 561 1875 600 ‹Ste-
1907 561 2013 600 Addo
2031 591 2040 608 ,
2072 559 2154 597 haec
2184 559 2283 599 bona
2311 574 2401 611 ope·

1282 631 1325 656 ra
1353 633 1375 656 a
1404 616 1666 670 peccatoribus
1680 615 1792 664 fieri,
1822 615 1894 654 Dei
1915 614 2122 667 opitulante
2136 615 2284 664 gratia,
2313 628 2401 665 quae

1283 685 1415 709 eorum
1445 670 1557 709 corda
1587 669 1815 708 emolliendo
1842 669 1888 708 ad
1911 668 2118 722 perfectam
2137 668 2402 719 poeniteuttam

1279 726 1442 777 disponit
1459 750 1470 763 .

1342 779 1401 817 16.
1433 778 1488 816 Ex
1520 776 1577 815 liis
1606 786 1731 831 patet,
1774 777 1911 816 merito
1939 776 2054 815 fuisse
2082 775 2309 813 contrariam
2337 774 2404 812 do-

1280 834 1444 870 ctrinam
1475 841 1554 869 tuin
1580 830 1835 870 Romanorum
1856 830 2086 869 Pontificum
2105 859 2115 877 ,
2147 838 2227 866 tuin
2250 830 2405 866 nniver-

1279 886 1370 923 salis
1402 886 1586 924 Ecclesiae
1617 885 1783 924 oraculis
1825 886 1966 937 saepius
2007 884 2256 922 damnatam.
2303 881 2403 919 Nam

1279 939 1497 976 Concilimr.
1526 941 1805 977 Constantiense
1820 936 2023 977 Sess.XV.
2053 936 2152 976 hanc
2179 935 2318 974 thesim
2348 934 2405 973 Jo.

1282 992 1362 1028 Hus
1391 1007 1431 1030 n.
1455 992 1513 1031 16.
1545 995 1787 1045 proscripsit:
1832 1022 1858 1041 „
1890 993 2037 1030 Divisio
2066 990 2287 1029 immediata
2315 1002 2405 1041 ope-

1282 1075 1308 1094 „
1337 1059 1424 1083 rum
1456 1055 1534 1092 est,
1576 1047 1678 1098 quod
1706 1049 1778 1084 siut
1808 1045 1868 1084 vel
1903 1046 2094 1093 virtuosa,
2138 1043 2197 1082 vel
2241 1043 2403 1091 vitiosa,

1282 1128 1308 1147 ,‚
1337 1101 1428 1151 quia
1458 1101 1487 1136 si
1519 1099 1632 1136 homo
1663 1110 1713 1137 est
1745 1101 1927 1144 vitiosus,
1972 1099 2005 1135 ἃ
2047 1107 2131 1150 agat
2160 1096 2373 1150 quidquam
2393 1125 2403 1144 ,

1281 1181 1308 1201 „
1337 1162 1426 1191 tunc
1456 1155 1530 1203 agit
1561 1154 1717 1197 vitiose3
1760 1155 1851 1205 quia
1880 1155 1975 1192 sicut
2005 1153 2141 1190 vitium
2161 1181 2170 1199 ,
2201 1150 2300 1203 quod
2331 1150 2407 1187 cri-

1280 1235 1306 1254 „
1339 1219 1425 1244 meu
1453 1206 1616 1253 dicitur,
1646 1207 1725 1243 sive
1756 1215 1954 1257 peccatum
1986 1205 2170 1252 mortale,
2215 1203 2332 1241 inficit
2365 1217 2407 1240 u-

1282 1288 1310 1310 „
1338 1259 1582 1297 niversaliter
1611 1268 1715 1299 actus
1747 1259 1915 1297 hominis
1943 1259 2089 1305 vitiosi,
2119 1260 2171 1295 sic
2202 1260 2319 1294 virtus
2350 1259 2407 1294 v't-

1284 1342 1309 1361 „
1339 1313 1470 1351 vificat
1499 1326 1628 1351 omnes
1657 1322 1762 1350 actus
1800 1312 1967 1350 hominis
2001 1312 2159 1350 virtuosi
2177 1311 2226 1348 ''.
2268 1310 2407 1348 Conci-

1281 1364 1382 1403 lium
1413 1375 1539 1405 autem
1571 1366 1843 1404 'Pr-ideminum
1874 1365 1971 1404 Sess.
1990 1365 2057 1404 VI.
2087 1378 2170 1403 can.
2190 1377 2226 1415 7.
2256 1364 2306 1401 ita
2335 1372 2408 1400 sta-

1283 1421 1380 1458 tuit:
1424 1449 1450 1468 „
1479 1420 1518 1458 Si
1549 1421 1636 1472 quis
1665 1421 1828 1468 dixerit,
1861 1422 1992 1458 omnia
2020 1432 2162 1471 opera,
2205 1431 2294 1470 quae
2323 1427 2410 1454 ante

1288 1503 1314 1522 „
1343 1471 1651 1524 justificationem
1685 1473 1779 1511 flunt
1799 1504 1809 1522 ‚
1851 1486 2097 1526 quacumque
2135 1473 2279 1509 ratione
2310 1471 2409 1508 facta

1288 1556 1315 1575 „
1343 1528 1418 1565 sint
1435 1558 1446 1576 ,
1476 1541 1563 1564 vere
1593 1542 1670 1564 esse
1701 1536 1854 1579 peccata
1871 1557 1880 1575 ,
1913 1526 1971 1565 vel
1992 1527 2123 1563 odium
2149 1524 2218 1563 Dei
2242 1525 2408 1571 mereri,

1283 1608 1310 1628 „
1339 1589 1403 1618 aut
1431 1591 1575 1632 quanto
1604 1581 1866 1619 vehementius
1894 1583 1979 1632 quis
2007 1582 2139 1617 nititur
2167 1592 2206 1616 se
2235 1580 2408 1630 dispone-

1283 1661 1310 1681 „
1339 1646 1382 1670 re
1410 1636 1456 1671 ad
1485 1635 1644 1685 gratiam
1667 1663 1678 1682 ,
1721 1643 1821 1671 tanto
1855 1647 1942 1672 etun
1973 1634 2126 1684 gravius
2156 1646 2339 1683 peccare,
2369 1646 2409 1669 a·

1283 1714 1311 1734 „
1339 1685 1520 1724 nathema
1548 1688 1594 1724 sit
1611 1687 1630 1701 ’'
1649 1712 1660 1724 .
1703 1686 1786 1724 Post
1816 1688 1930 1724 etiam
1960 1687 2001 1724 S.
2031 1684 2119 1723 Pius
2149 1685 2199 1722 V.
2229 1686 2267 1723 in
2296 1682 2410 1722 Bulla

1282 1749 1412 1777 contra
1432 1738 1571 1790 Bajum
1602 1738 1667 1778 has
1697 1740 1971 1792 propositiones
1991 1739 2212 1784 damnavit3
2242 1739 2409 1788 primam

1282 1806 1323 1831 n.
1341 1793 1406 1832 55.
1439 1792 1572 1831 Omne
1599 1793 1701 1844 quod
1730 1797 1813 1846 agit
1841 1802 2054 1844 peccator,
2085 1801 2154 1830 aut
2174 1805 2306 1831 sertus
2320 1805 2410 1842 pec-

1282 1850 1392 1896 cati,
1420 1857 1630 1898 peccatum
1661 1856 1719 1886 est
1735 1861 1752 1893 ‚·
1781 1861 1897 1900 qnam
1928 1848 2226 1901 propositionem
2258 1846 2407 1884 haereti-

1281 1914 1368 1939 cam
1398 1915 1475 1940 esse
1503 1903 1687 1940 concessit
1716 1903 1796 1953 ipse
1827 1902 1969 1954 Bajus,
2003 1901 2065 1940 sed
2096 1915 2204 1939 snam
2236 1914 2313 1938 esse
2343 1913 2408 1937 ne·

1280 1955 1384 2006 gavit
1411 1956 1452 1993 in
1481 1968 1548 1993 sua
1579 1955 1788 2006 Apologia:
1818 1955 1978 1993 alteram
2009 1970 2049 1994 n.
2067 1954 2133 1993 58.
2163 1954 2341 2003 „Omnis
2368 1968 2409 1990 a·

1281 2035 1310 2056 „
1339 2021 1422 2046 mor
1449 2018 1636 2046 creatnrae
1667 2009 1861 2047 rationalis
1891 2017 1943 2046 est
1964 2017 2028 2046 ant
2045 2009 2175 2046 vitiosa
2189 2007 2377 2058 cupidims
2396 2036 2406 2053 ,

1286 2090 1314 2110 „
1344 2069 1410 2099 ant
1440 2059 1646 2100 laudabilis
1675 2061 1865 2110 charitas,
1895 2075 1972 2115 qua
2001 2075 2069 2114 per
2102 2060 2289 2113 Spiritum
2310 2060 2408 2098 San-

1286 2141 1313 2163 „
1342 2124 1446 2153 ctum
1476 2115 1615 2154 diffusa
1643 2115 1748 2154 Deus
1790 2124 1939 2154 amatur
1959 2115 2010 2152 ''.
2052 2114 2270 2153 Alexander
2299 2113 2406 2152 Vllt.

1284 2166 1383 2207 hanc
1413 2170 1555 2220 pariter
1583 2169 1876 2222 propositionem
1899 2183 1939 2206 n.
1961 2169 2281 2221 110proscripsit:
2311 2198 2337 2215 ,‚
2354 2168 2407 2205 0-

1280 2250 1308 2271 „
1336 2235 1453 2271 mne,
1481 2222 1583 2275 quod
1612 2235 1688 2261 non
1720 2232 1772 2261 est
1801 2236 1845 2261 ex
1875 2222 1952 2261 fide
1978 2222 2196 2260 Christiana
2224 2235 2406 2274 superna-

1281 2304 1307 2325 „
1336 2276 1478 2324 turali,
1507 2289 1597 2330 qnae
1628 2290 1693 2329 per
1708 2275 1951 2315 dilectionem
1967 2284 2176 2328 operatur,
2205 2284 2407 2327 peccatum

1282 2359 1310 2379 „
1339 2338 1415 2368 est:
1445 2334 1539 2368 item
1569 2329 1676 2368 hanc
1702 2331 1834 2369 aliam
1862 2344 1904 2368 n.
1922 2344 1958 2382 7.
1996 2330 2134 2368 Omnis
2164 2330 2335 2367 humana
2363 2343 2404 2366 a·-

1282 2412 1309 2432 ,‚
1338 2384 1414 2422 ctio
1442 2384 1654 2422 deliberata
1683 2394 1736 2422 est
1764 2385 1846 2424 Dei.
1868 2383 2052 2431 dilectio,
2080 2382 2139 2421 vel
2169 2383 2332 2421 mundi:
2374 2383 2405 2422 si

1280 2466 1308 2486 „
1336 2436 1436 2486 Dei,
1464 2437 1628 2477 charitas
1658 2437 1777 2476 Patris
1805 2447 1877 2477 est:
1907 2439 1938 2477 si
1969 2438 2104 2476 mundi
2133 2438 2405 2488 concupiscen-

1280 2519 1307 2539 „
1337 2492 1389 2529 tia
1417 2494 1570 2539 carnis3
1600 2491 1670 2531 hoc
1700 2500 1753 2530 est
1784 2492 1885 2531 mala
1914 2501 1967 2530 est
1986 2491 2030 2530 '’.
2062 2492 2230 2530 Demnm
2261 2491 2300 2526 in
2332 2489 2403 2528 hoc

1279 2544 1411 2584 eodem
1441 2560 1549 2585 sensu
1581 2546 1708 2598 plures
1737 2546 1933 2595 Quesnelli
1963 2544 2236 2597 propositiones
2264 2557 2285 2579 a
2314 2541 2402 2580 Cte-

1275 2608 1399 2637 mente
1421 2599 1490 2639 XI.
1523 2601 1738 2651 Apostolico
1766 2603 1938 2652 stigmate
1974 2598 2134 2636 coufixae
2168 2596 2399 2643 creduntur,

1272 2666 1440 2704 quarum
1470 2656 1646 2693 omnium
1677 2653 1761 2691 haec
1790 2663 1871 2692 erat
1900 2653 2120 2705 praecipua,
2150 2649 2184 2685 &
2215 2649 2318 2688 velut
2339 2663 2402 2687 ra·

1271 2706 1338 2744 dix
1367 2721 1407 2746 n.
1428 2706 1495 2754 44.
1527 2738 1551 2757 ‚,
1574 2707 1659 2746 Non
1688 2717 1774 2746 sunt
1803 2708 1875 2745 nisi
1905 2706 1981 2744 duo
1999 2717 2176 2754 amores,
2207 2703 2304 2741 unde
2335 2716 2400 2740 νο-

1272 2788 1299 2808 ,,
1329 2759 1482 2800 litiones
1498 2792 1509 2811 ,
1539 2761 1572 2797 δε
1593 2762 1757 2799 actiones
1777 2770 1912 2798 nostrae
1928 2767 2135 2798 nascuntur
2144 2770 2157 2805 3
2185 2771 2292 2795 amor
2310 2756 2398 2805 Dei,

1271 2841 1300 2861 „
1327 2815 1397 2866 qui
1424 2816 1553 2855 omnia
1582 2816 1657 2866 agit
1697 2823 1852 2865 propter
1883 2812 2010 2851 Deum
2028 2843 2039 2861 ,
2067 2825 2265 2865 quemque
2294 2810 2400 2849 Deus

1276 2895 1305 2914 „
1333 2879 1624 2912 remuneratum
1654 2866 1688 2902 8(
1716 2880 1852 2915 amor,
1881 2880 1958 2920 quo
1987 2868 2189 2919 nosipsos,
2218 2878 2263 2903 ac
2283 2879 2398 2902 mun-

1274 2947 1302 2967 „
1331 2921 1425 2961 dum
1454 2922 1667 2974 diligimus,
1703 2922 1770 2973 qni
1799 2921 1901 2974 quod
1929 2922 1975 2958 ad
1994 2918 2120 2958 Deum
2152 2919 2396 2957 referendum

1274 3000 1303 3021 >³
1331 2983 1414 3025 est,
1449 2989 1525 3015 non
1552 2975 1689 3019 πείθεις
1730 2975 1764 3011 8(
1795 2982 1950 3028 propter
1978 2974 2049 3013 hoc
2076 2975 2204 3026 ipsum
2244 2972 2284 3010 fit
2317 2987 2396 3010 ma-

2192 3027 2346 3077 „lus’'.

1271 3137 1308 3171 S.
1328 3137 1482 3173 Thomas
1498 3147 1527 3170 ε.
1549 3146 1579 3168 2.
1605 3148 1639 3181 q.
1662 3147 1715 3171 ιο.
1742 3144 1807 3170 art.
1822 3136 1856 3179 4.
1883 3135 1926 3170 ad
1946 3138 1978 3171 3.
2006 3135 2192 3182 inquiens:
2232 3134 2290 3168 De
2304 3135 2393 3168 Cor—

1270 3187 1362 3219 nelio
1389 3186 1566 3217 sciendum
1592 3193 1670 3224 est,
1709 3186 1796 3229 quod
1832 3185 1990 3227 infidelis
2016 3197 2081 3216 non
2107 3192 2205 3225 erat,
2239 3185 2392 3226 alioquin

1271 3232 1343 3277 ejus
1370 3235 1523 3274 oper-itio
1548 3239 1688 3275 accepta
1723 3244 1787 3264 non
1813 3231 1951 3276 sitisset
1977 3232 2051 3265 Deo
2072 3253 2083 3271 ,
2119 3233 2173 3262 cui
2209 3233 2284 3262 sine
2309 3229 2391 3271 fide

1268 3280 1382 3311 nullus
1407 3286 1519 3320 potest
1542 3280 1698 3320 placer».
1736 3277 1891 3312 Habebat
1915 3287 2024 3312 autem
2041 3276 2156 3321 fidem
2175 3279 2394 3320 implicitum,

1267 3326 1412 3357 nondam
1436 3323 1659 3369 manufestum
1676 3325 1859 3370 Evangelii
1884 3330 2052 3359 veritate.
2079 3321 2179 3355 Unde
2204 3331 2237 3355 nt
2265 3334 2335 3355 enm
2352 3323 2390 3353 t'n

1259 3372 1342 3416 fide
1366 3374 1502 3416 plenius
1527 3375 1736 3415 instrueret,
1761 3377 1910 3409 mittitur
1933 3374 1979 3407 (αἱ
2003 3384 2076 3407 eum
2095 3369 2238 3404 Petrus·
