2570 3745
964 142 1046 190 ‘DE
1080 144 1218 191 AC'T.
1252 144 1406 192 HUM.
1438 146 1703 191 DISSERT.
1736 151 1768 193 I.

277 226 312 262 5.
343 223 513 262 Ulterius
549 221 654 262 atiud
684 231 735 263 est
777 223 1037 265 voluntarium
1079 227 1251 275 directe,
1298 226 1333 262 δε

221 281 262 314 in
304 292 374 325 se,
410 278 513 329 quod
559 292 698 329 nempe
728 281 946 317 immediate
994 280 1167 318 voluntas
1210 283 1332 332 impe-

220 339 302 378 rat,
346 330 405 368 vel
437 332 611 370 intendit:
631 348 635 352 ·
655 332 759 370 aliud
789 332 978 371 indirecte
1008 343 1151 371 tantum
1171 363 1181 380 ,
1225 335 1257 368 8<
1288 337 1328 369 in

218 396 371 432 cau-sa,
402 385 502 437 qnod
530 398 573 422 ex
604 397 647 422 eo
676 387 854 435 resultat,
896 387 995 439 quod
1026 388 1191 431 directe,
1221 385 1255 421 8<
1287 388 1325 423 in

216 450 253 473 se
269 446 320 474 est
336 438 522 483 ‘volitum;
553 447 590 475 ut
612 440 678 492 qui
695 441 781 477 vino
798 455 834 478 se
852 441 1080 491 ingurgitare
1097 439 1141 474 ad
1163 438 1326 474 ebrieta-

217 498 293 527 tem
315 490 415 539 vult,
445 491 527 529 vult
557 494 670 530 etiam
698 495 958 544 impotentiam
978 522 987 538 ,
1018 503 1105 541 quae
1128 489 1215 526 inde
1235 502 1323 528 con·

218 547 389 597 sequitur
417 545 465 582 ad
488 546 637 593 Studia,
668 558 796 597 preces
825 545 895 582 διε.
938 544 987 580 Ut
1016 543 1165 594 aliquid
1196 551 1323 583 tamen

217 607 264 635 sit
288 597 551 636 voiuntarium
584 601 621 636 in
652 613 785 645 causa,
815 597 1066 634 comumniter
1096 605 1176 632 tres
1198 599 1325 647 requi-

214 661 352 688 runtur
381 652 635 689 conditiones.
667 651 826 698 Prima,
857 659 895 686 nt
923 662 1037 699 agens
1067 650 1250 700 potuerit,
1280 663 1324 689 ac

215 703 521 743 debuerit'illius
549 705 701 742 effectus
741 703 1042 740 consecutionem
1086 703 1325 755 praeyidere,

216 771 327 808 cujus
357 759 578 796 conditionis
618 758 765 795 defectu
797 757 1022 793 ‘ebrietatem
1051 755 1132 793 Noe
1161 770 1182 793 a
1211 756 1326 808 culpa.

216 823 395 850 excusare
422 823 621 862 possumus
643 839 652 855 ,
702 818 740 845 nt
770 821 814 845 ex
845 807 913 847 SS.
940 807 1014 846 PP.
1043 807 1131 846 Nat,
1163 808 1326 849 Alexan-

215 863 282 901 der
323 864 476 902 ostendit
506 863 605 899 Diss,
633 862 701 899 111,
732 860 837 899 Hist.
874 871 948 899 vec,
989 870 1079 899 test.
1110 862 1323 913 Secunda,

217 926 256 953 nt
288 919 324 954 in
346 916 427 966 ejus
457 924 633 967 potestate
663 915 775 952 fuerit
795 929 947 953 causam
977 919 1144 968 ponere,
1175 915 1235 953 vel
1252 919 1325 955 uon

217 983 384 1020 ponere.
418 966 578 1015 Tertia,
609 977 648 1006 ut
677 982 856 1016 causam,
897 982 939 1005 ex
971 983 1047 1020 qua
1075 971 1247 1021 sequitur
1275 971 1331 1007 e'f-

214 1023 334 1059 fectus
364 1020 515 1068 malus,
545 1030 713 1060 teneatur
742 1022 918 1060 auferre.
962 1022 1225 1068 Quamobrem
1256 1037 1331 1062 non

222 1084 274 1111 est
303 1074 413 1125 Justis
441 1075 626 1113 indirecte
654 1075 869 1114 voluntaria
900 1076 1070 1124 invidia,
1113 1090 1230 1128 quam
1256 1078 1332 1115 im=

214 1128 272 1180 pii
298 1137 432 1165 contra
461 1141 521 1165 eos
541 1130 789 1180 concipiunt,
818 1130 910 1179 quia
926 1128 1040 1180 liujus
1069 1130 1226 1168 invidiae
1244 1144 1332 1168 cau—

213 1195 293 1218 sam
323 1194 398 1219 non
427 1190 599 1219 tenentur
630 1183 802 1220 auferre.
831 1183 971 1220 Contra
1000 1195 1088 1220 vero
1117 1184 1184 1234 qui
1214 1183 1332 1221 collo-

213 1235 305 1286 quia
335 1234 380 1272 de
410 1233 523 1273 rebus
548 1237 723 1274 venereis
743 1237 821 1273 sine
843 1237 1058 1274 necessitate
1075 1235 1237 1285 habent,
1264 1245 1331 1275 aut

213 1288 414 1326 obscoenas
439 1289 630 1339 imagines
659 1290 875 1341 aspiciunt,
919 1298 981 1326 ant
1011 1288 1182 1328 lubi-icas
1210 1301 1330 1328 mate·-

212 1343 289 1379 rias
319 1340 474 1392 legunt,
506 1343 689 1380 indirecte
714 1342 852 1381 volunt
882 1344 997 1381 etiam
1024 1352 1150 1382 motus
1179 1344 1331 1392 carnis,

200 1394 248 1430 ’ἃ
279 1396 497 1433 tentationes
528 1396 614 1434 inde
644 1405 865 1448 sequentes,

267 1447 305 1485 6.
334 1447 629 1500 Κοῑιυιῑηφῑεηη
668 1449 770 1487 hand
812 1448 927 1488 facile
952 1458 1007 1487 rest
1048 1449 1331 1500 determinare,

213 1501 455 1552 quandonam
487 1501 628 1554 aliquis
656 1511 828 1541 tenea-tur
869 1516 1025 1541 causam
1060 1501 1175 1542 illam
1204 1503 1331 1541 aufer-

212 1566 276 1601 re,
309 1568 353 1592 ex
369 1569 446 1606 qua
476 1557 647 1606 sequitur
677 1554 830 1594 effeetus
857 1555 1006 1594 malus.
1036 1556 1110 1595 Sed
1141 1558 1179 1595 in
1205 1569 1249 1594 re
1269 1570 1333 1596 ex·-

212 1607 408 1659 plodenda
435 1610 591 1647 omnino
619 1617 672 1647 est
703 1609 797 1648 falsa
827 1608 895 1646 illa
916 1609 1192 1648 nonnullorum
1211 1615 1334 1662 *regu-

212 1659 274 1697 la:
303 1661 437 1699 Deum
467 1674 594 1700 causa
623 1662 738 1701 habet
767 1663 864 1700 duos
894 1660 1084 1710 effectus,
1113 1676 1239 1700 unum
1267 1664 1332 1701 bo-

213 1725 308 1750 num
331 1745 340 1761 ,
369 1715 419 1754 <J
438 1715 612 1752 alterum
643 1717 821 1764 malum,
851 1716 939 1752 licet
961 1728 1054 1753 eam
1074 1729 1238 1765 ponere,
1273 1720 1332 1753 in-

213 1766 412 1804 tendendo
440 1766 628 1814 effectum
653 1767 824 1815 imnum,
847 1768 903 1808 Θ*
933 1772 1160 1819 permissive
1189 1783 1231 1806 se
1261 1768 1332 1806 ha-

214 1818 341 1858 hendo
370 1820 426 1858 ad
455 1822 613 1858 malum
631 1847 641 1859 .
672 1820 952 1874 Explodenda,
983 1824 1142 1874 inquam
1171 1831 1251 1870 est,
1283 1822 1331 1861 il-

213 1872 322 1926 lique
351 1873 436 1913 haec
466 1874 540 1912 dno
567 1875 788 1927 principia,
819 1874 878 1913 vel
910 1875 992 1926 ipso
1018 1875 1186 1913 naturali
1216 1876 1333 1914 lumi-

211 1940 259 1965 ne
277 1935 365 1965 nota
382 1957 393 1975 ,
417 1927 686 1979 subroganda.
716 1928 868 1965 Prim'o:
897 1926 1055 1966 Bonum
1076 1931 1212 1981 mci-jus
1230 1942 1333 1980 proe-

205 1979 426 2032 ferendum
452 1989 515 2018 est
557 1984 730 2018 minori.
773 1981 976 2019 Secundo.
1018 1981 1136 2019 Bona
1170 1991 1335 2021 oeterna

211 2035 336 2071 multo
365 2034 528 2086 majora
557 2033 975 2085 sunt‘temporalibus;
1002 2036 1227 2085 spiritualia
1246 2049 1332 2075 cor-

211 2085 443 2137 poralibus;
472 2085 624 2138 publica
652 2091 842 2138 privaris.
871 2086 932 2126 Ex
961 2087 1020 2125 his
1048 2088 1197 2127 duobus
1225 2091 1331 2142 prin·

212 2142 325 2192 cipiis
342 2140 470 2192 colligi
488 2149 605 2193 potest
623 2170 633 2189 ,
663 2142 907 2194 quandonam
935 2149 1106 2180 teneatur
1125 2143 1212 2194 quis
1241 2156 1332 2181 eau-

210 2208 294 2232 sam
325 2194 479 2233 effectus
510 2194 602 2232 mali
628 2195 812 2240 >auferre3
843 2194 876 2231 δι
905 2195 1151 2247 quandonam
1169 2226 1179 2244 ,
1202 2197 1239 2234 si
1253 2209 1332 2235 non

211 2249 386 2295 auferat,
415 2257 610 2287 censeatur
637 2248 821 2287 indirecte
842 2249 963 2285 ⁴etiam
985 2249 1132 2287 malum
1153 2248 1333 2289 effectum

210 2301 339 2340 velle..
365 2302 433 2340 'Sic
457 2315 522 2338 ex.
551 2315 608 2352 gr.
631 2301 803 2340 dicimus
824 2332 834 2349 ,
877 2301 1092 2341 Parochum
1108 2333 1119 2351 ,
1142 2303 1216 2356 qui
1247 2318 1333 2342 mu-

211 2353 354 2392 lierum
382 2355 631 2392 confessiones
660 2368 705 2392 ex
733 2355 860 2393 officio
888 2368 956 2393 suo
984 2357 1178 2408 excipiens
1205 2359 1333 2396 carnis

214 2409 356 2460 patitur
393 2408 641 2455 tentationes,
685 2422 745 2446 eas
773 2409 958 2447 indirecte
994 2409 1123 2455 velle3
1170 2419 1328 2460 contra,

209 2475 302 2499 enm
320 2491 330 2509 ,
360 2462 428 2513 qui
458 2461 505 2499 ad
534 2462 792 2499 conservanda
819 2461 917 2501 bona
946 2462 1172 2516 temporalia
1202 2464 1329 2504 furem

212 2514 403 2552 lethaliter
433 2524 672 2567 percuteret,
713 2514 802 2553 licet
832 2516 981 2554 nonnisi
1017 2517 1207 2557 honorum
1237 2531 1328 2556 con-

212 2569 464 2607 servationem
481 2568 710 2616 intenderet,
741 2578 954 2607 censeretur
975 2579 1100 2609 tamen
1116 2571 1328 2610 furismor-

211 2631 290 2660 tem
322 2623 505 2660 indirecte
533 2621 634 2660 velle
665 2623 756 2674 (a).

269 2690 305 2727 7.
335 2676 401 2713 Est
430 2675 465 2712 δι
493 2674 570 2714 alia
598 2677 752 2727 partitio
779 2675 1014 2724 voluntarii,
1052 2691 1142 2730 quae
1173 2691 1329 2717 accura-

212 2737 289 2767 tam
306 2760 317 2778 ,
342 2729 382 2765 ὅ(
410 2728 621 2781 longiorem
652 2739 866 2781 exposceret
897 2729 1189 2781 explicationem
1207 2762 1217 2779 ,
1256 2734 1329 2769 sci-

216 2781 306 2820 licet
325 2784 364 2821 in
383 2783 641 2822 voluntarium
661 2795 895 2834 expressum
913 2814 924 2831 ,
945 2782 979 2819 8(
999 2787 1166 2822 tacitum
1185 2811 1196 2823 .
1226 2785 1331 2833 Quid

215 2836 384 2886 primum
415 2838 488 2887 sit,
518 2836 634 2874 facile
662 2845 791 2889 patet.
838 2836 899 2874 De
927 2838 1092 2875 secundo
1119 2847 1246 2877 autem
1273 2848 1328 2877 'est

216 2886 378 2927 celebris
406 2890 474 2928 illa
501 2889 633 2943 regula
661 2890 781 2941 juris:
828 2889 905 2940 Qui
934 2899 1067 2939 tacet,
1104 2896 1329 2931 consentire

215 2940 393 2986 f'idet11r5
420 2946 483 2982 cui
512 2953 640 2982 tamen
668 2944 746 2982 alia
774 2945 962 2983 contraria
990 2947 1217 2997 opponitur:
1251 2945 1328 2995 Qui

217 3002 347 3042 tacet,
375 3008 454 3032 non
471 2996 658 3048 fatetur,
688 2996 758 3035 sed
785 3010 858 3035 nec
887 3003 1018 3048 utique
1045 3011 1197 3051 negare
1225 2999 1326 3037 vide-

216 3055 306 3084 tur,
354 3049 410 3084 Ad
440 3048 625 3089 has-duas
665 3051 813 3102 regulas
855 3051 1114 3089 conciliandas
1153 3066 1247 3104 opus
1276 3061 1328 3091 est

214 3114 280 3139 eas
305 3100 605 3143 circumstantias
632 3106 821 3157 inspicere
838 3135 850 3155 ,
886 3106 935 3144 :in
962 3105 1326 3158 quibustsilentium

259 3282 317 3318 (a)
344 3278 398 3312 De
420 3278 530 3312 variis
552 3281 683 3324 regulis
708 3282 932 3328 cognoscendi
968 3283 1208 3318 voluntarium
1234 3283 1325 3320 indi-

220 3334 354 3359 rectum
380 3324 503 3369 dignus
521 3332 596 3366 est,
622 3328 682 3371 qni
709 3329 841 3371 legatur
868 3331 902 3362 Ρ.
922 3331 1025 3364 Vinc.
1053 3332 1192 3364 Patuzzi
1220 3335 1256 3364 in
1273 3331 1326 3365 E-

223 3372 321 3406 thica
339 3371 479 3406 ’Christ-
501 3371 608 3406 Tem.
632 3374 677 3407 11.
700 3381 805 3407 tram.
833 3377 864 3409 3.
890 3388 965 3421 cap.
993 3379 1025 3411 3.
1046 3380 1083 3420 ⁴§.
1105 3378 1136 3413 5.
1163 3378 1246 3412 Alia
1266 3388 1325 3412 ce·

1375 238 1469 285 νρξο
1496 227 1770 277 approbatione
1797 231 1898 268 sumi
1928 229 2131 284 prudenter
2151 239 2288 284 potest;
2317 248 2440 289 neque
2471 251 2509 274 e-

1399 292 1480 316 nirn
1506 292 1659 330 >semper
1687 283 1944 333 approbantur
1965 315 1975 333 ,
2005 299 2093 337 quae
2125 284 2289 324 pastores
2319 288 2511 330 Ecclesia-

1397 333 1478 369 stici
1499 361 1510 380 ,
1540 342 1603 369 aut
1633 334 1747 371 etiam
1778 333 1971 388 Principes
2000 339 2204 377 saeculares
2233 354 2512 394 nonnunquam

1391 383 1556 421 'tolerare
1585 395 1796 437 coguntur,
1828 403 1872 425 ne
1893 390 2038 440 majora
2058 393 2230 429 oriantur
2261 395 2363 433 mala
2381 422 2390 433 .
2422 397 2509 435 Me-

1394 445 1451 475 tus
1480 447 1608 475 autern
1630 468 1640 486 ‚
1670 438 1704 474 8(
1733 439 1823 477 aliae
1853 455 1976 479 causae
2008 444 2158 483 efficere
2189 457 2370 497 possunt,
2401 459 2442 488 ut
2471 465 2510 488 a-

1388 488 1511 542 liquis
1540 499 1686 539 taceat,
1706 504 1795 529 *nec
1821 502 1952 531 *tamen
1982 501 2215 543 consentiat3
2258 514 2347 552 quae
2378 516 2435 541 res
2466 516 2511 541 ex

1388 556 1481 580 mox
1509 545 1680 583 dicendis
1711 544 1848 596 majori
1878 547 1917 584 in
1947 547 2032 584 luce
2061 550 2339 592 collocabitur.

1446 595 1486 634 8.
1518 595 1745 636 Voluntario
1786 601 1991 650 opponitur
2033 602 2361 655 involuntarium,
2406 610 2509 659 qnod

1392 648 1537 700 duplex
1566 660 1638 696 est;
1681 651 1786 689 aliud
1816 652 2119 691 involuntarium
2146 660 2330 702 privative
2350 677 2366 705 ‚-
2404 662 2436 697 δε
2469 665 2510 701 in

1393 701 1471 740 sola
1498 706 1697 756 negatione
1726 714 1828 743 actus
1849 705 2050 745 voluntatis
2068 710 2297 758 consistens3
2326 714 2433 753 aliud
2455 717 2512 754 in·

1389 756 1653 795 voluntarium
1682 762 1886 809 positivum
1905 789 1915 807 ,
1952 761 2105 811 quando
2133 761 2307 802 voluutas
2336 781 2510 818 expresse

1392 811 1594 848 renititur.
1624 811 1875 862 Quadruplex
1905 826 1926 850 a
1955 813 1993 850 S.
2027 811 2104 850 Th.
2136 825 2173 852 ῐ.
2206 828 2242 853 2.
2272 830 2339 867 qu.
2368 820 2406 858 6.
2436 832 2509 860 art.

1392 863 1431 908 4.
1463 863 1496 899 &
1522 878 1604 916 seq.
1635 865 1878 903 involuntarii
1903 879 2021 904 ‘causa
2045 864 2204 905 ‘affertur
2221 898 2231 915 ,
2262 882 2397 921 nempe
2426 877 2507 912 vio-

1398 916 1513 954 lentia
1530 947 1540 965 ,
1570 926 1717 966 metus,
1747 920 2052 970 concupiscentia
2073 950 2084 968 ,
2128 919 2161 956 ἃ
2190 922 2435 974 ignorantia,
2459 928 2511 965 de

1392 970 1542 1022 :quibus
1564 973 1749 1011 ‘omnibus
1778 972 1986 1011 dicendum
2014 982 2097 1012 εει.

1692 1079 1723 1116 C
1778 1080 1813 1118 A
1863 1075 1896 1116 P
1948 1077 1990 1117 U
2047 1077 2083 1117 T
2188 1080 2222 1119 i.

1789 1182 1855 1224 De
1887 1183 2121 1225 Violentia·

1451 1303 1490 1341 ς).
1505 1270 1758 1336 violentum
1776 1321 1787 1339 ,
1815 1291 1917 1343 quod
1947 1291 2080 1331 Graeci
2109 1292 2241 1332 dicunt
2271 1298 2377 1337 κατά
2400 1297 2516 1348 ἰξίαν,

1399 1343 1579 1383 definitur
1607 1359 1630 1382 a
1657 1344 1698 1381 S.
1720 1344 1871 1382 Thema
1902 1358 1940 1382 2.
1971 1358 2009 1382 2.
2037 1360 2077 1397 q.
2112 1348 2199 1396 ¹75-
2229 1357 2300 1385 art.
2326 1362 2359 1387 1.
2393 1350 2514 1401 Cujus

1397 1400 1634 1448 principium
1663 1407 1721 1434 esc
1750 1406 1870 1435 extra
1887 1428 1896 1445 ,
1928 1396 2023 1435 m'lzil
2052 1398 2286 1449 conferente
2314 1413 2360 1438 eo
2377 1432 2388 1449 ,
2417 1399 2519 1454 qnod

1400 1453 1476 1488 vim
1506 1455 1682 1501 patitur5
1725 1451 1825 1488 unde
1854 1459 1982 1503 patet,
2027 1451 2073 1488 ad
2104 1451 2326 1490 violentiam
2355 1455 2430 1491 duo
2459 1469 2518 1494 re-

1400 1505 1522 1555 quiri:
1550 1508 1705 1556 primo,
1742 1513 1786 1542 nt
1813 1505 1870 1544 vis
1899 1517 2034 1556 cogens
2063 1502 2111 1542 ab
2141 1515 2294 1544 externo
2322 1508 2518 1560 principio

1393 1559 1570 1604 oriatur3
1599 1557 1796 1606 secundo,
1826 1567 1868 1595 nt
1896 1559 2043 1610 patiens
2063 1566 2215 1597 externo
2244 1561 2436 1611 principio
2451 1575 2518 1600 co-

1394 1614 1501 1662 ·genti
1531 1625 1602 1664 pro
1629 1612 1778 1649 viribus
1805 1611 2017 1657 renitatnr3
2060 1614 2091 1650 si
2120 1613 2221 1650 enim
2265 1615 2413 1664 patiens
2443 1628 2517 1654 non

1400 1665 1570 1712 resistat,
1612 1664 1691 1702 vim
1722 1677 1797 1702 non
1826 1665 1998 1715 patitnr3
2046 1663 2080 1701 &
2109 1666 2139 1702 si
2169 1677 2213 1702 ex
2241 1675 2349 1717 parte
2391 1667 2517 1707 solum

1397 1718 1573 1764 resistat,
1603 1730 1647 1754 ex
1677 1725 1784 1768 parte
1813 1727 1938 1755 autem
1969 1731 2008 1756 se
2033 1718 2137 1756 vinci
2166 1720 2357 1771 patiatur,
2386 1730 2517 1770 actus,

1399 1783 1475 1807 non
1497 1771 1568 1808 erit
1587 1772 1746 1808 omnino
1764 1770 1972 1816 violentus3
2000 1785 2090 1809 nam
2105 1801 2114 1818 ,
2147 1781 2186 1808 ut
2208 1774 2331 1824 inquit
2350 1773 2391 1811 S.
2414 1774 2520 1812 Tho-

1396 1836 1480 1862 mas
1509 1837 1547 1862 Ἰ.
1577 1837 1617 1862 2.
1647 1838 1686 1875 q.
1716 1823 1755 1861 6.
1786 1834 1857 1861 art.
1885 1824 1925 1862 5.
1955 1825 2000 1861 ad
2033 1838 2070 1862 2.
2092 1853 2118 1872 „
2140 1823 2412 1863 Voluntazrium
2450 1840 2518 1879 po·-

1401 1905 1427 1926 „
1458 1885 1524 1916 test
1545 1876 1692 1929 aliquid
1708 1877 1785 1915 dici
1806 1877 2043 1929 dupliciter,
2070 1890 2147 1915 nuo
2165 1878 2280 1915 modo
2307 1881 2516 1919 secundum

1402 1959 1427 1980 „
1457 1933 1674 1979 actionem,
1704 1940 1826 1983 puta,
1855 1944 1944 1968 cum
1975 1930 2117 1982 aliquis
2145 1930 2227 1968 vult
2257 1931 2402 1983 aliquid
2432 1948 2519 1986 age—

1399 2012 1428 2033 r„
1457 1997 1522 2022 re:
1551 1984 1628 2022 alio
1643 1984 1755 2022 modo
1769 1985 1977 2023 secundum
1999 1985 2211 2035 passionem
2228 2014 2239 2032 ,
2270 1985 2520 2026 scilicetcuin

1401 2066 1429 2087 „
1458 2036 1599 2091 aliquis
1624 2037 1708 2076 vult
1739 2039 1815 2090 pati
1845 2036 1894 2076 ab
1923 2036 2024 2076 alio.
2070 2036 2184 2075 Und'e
2212 2051 2301 2075 curn
2331 2041 2429 2078 actio
2456 2042 2518 2079 in·-

1395 2119 1426 2140 „
1456 2091 1576 2129 fertur
1605 2091 1654 2130 ab
1683 2090 1813 2144 aliquo
1842 2091 2045 2138 exteriori,
2074 2099 2247 2128 manente
2273 2092 2315 2129 in
2345 2106 2388 2130 eo
2407 2122 2419 2140 ,
2448 2094 2518 2145 qui

1392 2174 1426 2195 -„
1455 2147 1623 2197 patitur,
1650 2145 1843 2183 voluntate
1872 2144 2062 2196 patiendi,
2101 2157 2175 2181 non
2208 2152 2260 2182 est
2287 2145 2518 2197 simpliciter

1401 2228 1428 2248 „
1457 2198 1694 2245 violentum3
1723 2200 1816 2251 quia
1844 2198 1934 2236 li‘cet
1962 2196 2030 2234 ille
2050 2197 2117 2247 qui
2135 2199 2305 2247 patitur,
2334 2212 2409 2236 non
2430 2213 2518 2238 con·

1393 2280 1428 2301 Ἦ,
1459 2252 1554 2290 ferat
1582 2253 1753 2303 agendO‚
1791 2253 1935 2289 confert
1958 2258 2092 2287 ‘tamen
2120 2248 2284 2288 volendo
2311 2252 2420 2303 pati:
2448 2267 2519 2293 un—

1399 2333 1428 2354 „
1459 2305 1506 2343 de
1531 2319 1608 2343 non
1635 2313 1754 2356 potest
1782 2304 1859 2343 dici
1889 2301 2196 2342 involuntarium
2218 2306 2244 2325 “
2267 2328 2280 2341 .

1459 2371 1519 2397 10.
1546 2357 1664 2396 Porro
1685 2358 1875 2398 “voluntati
1904 2355 2013 2397 nulla
2039 2357 2173 2394 inferri
2208 2365 2328 2409 potest
2366 2357 2516 2397 violen-

1397 2413 1478 2459 tia,
1507 2420 1697 2465 qnantum
1727 2411 1773 2449 ad
1804 2420 1908 2449 actus
1936 2412 2130 2457 internos,
2160 2406 2194 2446 ’δε
2222 2411 2445 2449 immediate
2464 2412 2515 2451 ab

1396 2467 1481 2518 ipsa
1508 2464 1700 2504 voluntate
1729 2464 1872 2503 elicitos
1889 2494 1900 2512 ,
1925 2473 1970 2502 ut
1988 2472 2071 2502 sunt
2088 2464 2291 2502 'actus'odii
2307 2493 2319 2514 ,
2348 2468 2510 2514 amoris,

1396 2520 1551 2571 imperii
1582 2518 1652 2559 &c.
1682 2520 1774 2571 quia
1802 2528 1908 2557 actus
1935 2518 1996 2556 isti
2015 2517 2237 2555 immediate
2267 2519 2472 2568 procedunt
2492 2533 2517 2557 a.

1395 2573 1590 2625 principio
1619 2572 1823 2611 intrinseco
1839 2602 1850 2620 ‚
1879 2584 2018 2622 nempe
2039 2567 2228 2607 voluntate
2246 2570 2330 2620 ipsa
2345 2595 2358 2616 .·
2387 2571 2430 2608 Id
2449 2573 2516 2610 ad-

1396 2639 1440 2663 eo
1468 2639 1602 2665 verum
1633 2636 1712 2674 est,
1738 2635 1781 2663 nt
1809 2623 2147 2663 contradictionem
2174 2622 2293 2673 plane
2322 2623 2509 2673 involvat,

1390 2678 1632 2717 *voluntatem
1659 2683 1814 2731 proprie
1839 2679 1952 2729 ·cogi;
1997 2675 2113 2714 vellet
2136 2677 2245 2713 enim
2284 2676 2431 2725 simul,
2480 2677 2515 2715 δε

1396 2746 1472 2771 non
1499 2732 1643 2782 vellet,
1672 2734 1772 2770 unde
1800 2731 1934 2769 mirari
1954 2729 2098 2776 subiit,
2127 2727 2386 2768 Christianum
2406 2729 2515 2777 Tho-

1397 2788 1581 2825 massium
1610 2786 1698 2825 Lib.
1727 2787 1760 2824 Ι.
1789 2799 1824 2822 c.
1860 2797 1892 2821 1.
1923 2781 1971 2820 de
1998 2792 2151 2819 natura
2179 2779 2349 2821 hominis
2378 2797 2513 2822 mora-

1392 2839 1446 2878 ⁴lis
1475 2852 1720 2878 communem
1748 2838 1848 2876 hanc
1877 2835 2160 2886 Tli·eologornm
2197 2835 2407 2874 doctrinam
2438 2839 2513 2875 im-

1390 2893 1560 2945 probare
1588 2894 1779 2945 potuisse„
1804 2889 1910 2928 Hinc
1930 2890 1997 2941 qui
2018 2890 2056 2928 vi
2071 2898 2345 2928 tormentorum
2365 2891 2405 2928 in
2427 2904 2513 2943 per—

1387 2945 1652 2986 secutionibus
1681 2959 1702 2982 a
1730 2944 1806 2982 'fide
1843 2943 2086 2990 defecerunt,
2134 2956 2210 2980 non
2246 2952 2446 2995 propterea
2475 2957 2511 2981 -a,

1396 2999 1513 3052 culpa
1542 2998 1706 3036 excusati
1735 3006 1842 3039 sunt3
1885 2997 1978 3048 quia
2007 2995 2184 3034 violentia
2220 2997 2377 3048 proprie
2404 2997 2506 3034 dicta

1396 3054 1433 3090 in
1462 3053 1508 3090 iis
1535 3051 1663 3088 locum
1689 3064 1765 3089 ⁴non
1795 3049 1955 3087 habuit.
2002 3049 2069 3086 Est
2096 3058 2222 3086 tamen
2257 3049 2392 3098 *aliqua
2422 3051 2504 3085 vio-

1389 3104 1514 3144 lentia
1539 3105 1669 3143 minus
1698 3105 1880 3156 propria,
1908 3116 2026 3155 quam
2054 3102 2229 3143 voluntas
2255 3102 2333 3152 pati
2363 3110 2505 3151 potest,

2331 3167 2454 3205 quan-

1388 3282 1498 3318 tebris
1523 3279 1648 3316 divisio
1667 3279 1861 3316 vo'lu'ntarii
1889 3282 2086 3318 inliberrim
2101 3303 2113 3324 ,
2139 3284 2171 3315 &
2196 3278 2430 3317 necessarium
2444 3290 2501 3315 co-

1386 3332 1485 3376 piose
1506 3330 1744 3374 explicabitur
1768 3329 1916 3364 inferius
1940 3332 2026 3375 Cap.
2050 3328 2113 3364 IV·
