2570 3745
911 122 991 169 DE
1025 122 1295 170 OBJECTO
1328 123 1545 168 MERI'I'I
1560 154 1571 168 .

100 234 129 257 ,,
157 214 386 261 peccatum3
423 203 522 244 unde
549 203 681 243 omnia
709 202 898 243 beneficia
916 233 926 251 ,
954 220 1031 258 qua
1061 215 1225 258 postmo-

103 288 131 310 ,‚
159 263 253 301 dum
281 260 422 312 aliquis
449 273 470 296 a
502 259 583 296 Deo
612 261 874 310 consequitur,
904 259 1045 311 quibus
1074 272 1226 311 repara-

101 341 130 363 „
160 325 246 363 tur,
279 326 352 352 nou
380 312 518 350 cadunt
546 312 617 350 sub
646 317 807 362 merito,
851 321 1033 365 tauquam
1063 315 1226 350 motione

103 395 130 417 „
160 368 294 420 prioris
320 365 452 416 gratiae
483 379 602 419 usque
631 366 677 403 ad
708 366 791 406 haec
820 380 896 404 nou
925 382 963 405 se
983 367 1226 404 extendente.

104 450 131 470 ,‚
161 419 346 459 Meritum
365 421 480 457 etiam
501 420 681 472 congrui,
711 433 787 472 quo
804 422 892 474 quis
921 420 1027 458 alteri
1057 422 1226 472 primam

101 502 129 523 ,‚
157 473 317 523 gratiam
347 482 536 521 meretur,
567 474 800 525 impeditur,
831 489 875 511 ne
904 481 1155 526 consequatur
1171 474 1226 511 ef·

99 554 127 576 „
157 526 329 573 fectum,
373 536 525 578 propter
559 529 873 579 impedimentum
908 528 1054 580 peccati
1085 528 1124 565 in
1154 540 1226 574 e0,

99 607 127 629 „
156 580 221 617 cui
248 580 333 632 quis
354 590 546 618 meretur.
575 580 703 621 Multo
727 583 840 633 igitur
870 581 990 632 magis
1020 581 1228 633 impeditur

101 661 130 682 „
159 631 246 671 talis
275 634 402 671 meriti
432 633 603 673 efficacia
633 649 699 687 per
737 635 1082 686 impedimentum,
1125 633 1227 685 quod

101 714 130 736 „
159 694 211 724 est
240 684 273 721 &
303 687 343 724 in
370 699 442 735 e0‚
472 689 539 740 qui
570 699 756 737 meretur,
787 687 818 724 ὅ(
849 688 888 726 iu
918 700 984 735 ρο,
1014 688 1076 725 cui
1107 700 1229 724 mere·

103 768 133 790 ,‚
162 749 244 777 tur.
275 739 350 778 Hic
380 742 479 779 euim
506 750 709 795 utrumque
730 743 769 780 in
791 754 907 779 unam
928 752 1126 793 personam
1142 753 1229 778 cou—

105 821 133 842 ,‚
162 794 304 841 currit,
347 792 381 828 ἃ
410 794 494 832 ideo
523 794 660 834 ἅμ”.
709 795 749 832 ld
778 803 904 832 tamen
935 803 1059 844 petere
1095 793 1231 831 debent

103 846 218 899 justi,
247 848 293 884 ad
324 847 440 885 instar
461 848 620 887 Davidis
641 849 680 886 in
702 845 843 886 Psalm.
865 845 1010 884 LXX.:
1044 844 1143 883 Cum
1164 845 1230 883 ile·

94 899 248 953 jecerit
269 903 388 938 virtus
403 913 498 939 mea
511 931 522 950 ,
540 913 592 940 ne
607 899 860 951 derelinquas
875 912 967 944 me;
986 900 1078 952 quia
1093 911 1230 950 quam-

107 955 166 994 vis
196 954 232 992 id
263 954 399 992 mereri
428 968 504 994 non
532 955 694 1006 possint,
723 954 776 991 im
809 963 929 990 etrare
957 961 1138 1004 possunt.

163 1008 228 1060 57.
257 1005 427 1046 Demum
445 1005 650 1057 Angelicus
664 1014 736 1044 art.
752 1019 776 1043 u
797 1015 822 1043 t.
844 1004 979 1057 probat
995 1034 1005 1052 ‚
1027 1005 1124 1043 bona
1136 1013 1233 1043 tem·

107 1060 280 1115 poralia:
323 1088 352 1109 ‚,
380 1060 411 1098 si
440 1059 750 1107 considerentur,
794 1069 906 1110 prout
935 1067 1020 1098 suut
1049 1057 1159 1096 utilia
1188 1056 1235 1096 ad

110 1144 139 1165 „
165 1127 282 1166 opera
310 1113 492 1152 virtutum
507 1139 522 1160 3
551 1111 693 1165 quibus
714 1112 961 1164 perducimur
982 1113 1021 1150 in
1042 1114 1161 1150 vitam
1182 1125 1235 1150 ae·

110 1197 138 1218 „
166 1176 336 1215 ternam,
363 1165 571 1204 secundum
592 1164 664 1203 hoc
684 1167 846 1213 directe,
877 1164 910 1202 8<
928 1166 1000 1203 sim
1033 1163 1157 1204 liciter
1171 1179 1235 1204 ca·

106 1249 134 1270 ,‚
162 1220 252 1258 dere
269 1218 342 1258 sub
360 1220 498 1258 merito
513 1245 554 1258 ...
584 1218 755 1258 Tantum
783 1220 886 1258 euim
916 1218 978 1257 dat
1004 1179 1112 1258 ‘fieus
1141 1220 1236 1258 viris

107 1303 134 1324 „
162 1271 272 1325 justis
299 1271 346 1310 de
372 1271 480 1311 bonis
506 1272 804 1326 temporalibus,
833 1272 868 1310 δι
897 1274 1012 1312 etiam
1040 1273 1088 1311 de
1108 1271 1234 1321 malis,

107 1355 135 1377 ,‚
163 1334 349 1379 quantum
378 1327 432 1366 eis
460 1326 612 1378 expedit
637 1327 687 1366 ad
718 1327 1018 1379 perveniendum
1047 1327 1093 1364 ad
1111 1328 1231 1364 vitam

109 1408 136 1429 „
166 1390 403 1419 aeternam...
433 1380 532 1418 unde
559 1380 698 1419 dicitur
726 1383 764 1418 in
787 1379 846 1419 Ps.
863 1378 1051 1418 XXXIII.
1070 1379 1233 1418 Timen-

106 1458 137 1484 „
163 1442 217 1474 tes
244 1442 372 1474 autem
390 1431 603 1474 Dominum
630 1447 708 1475 non
726 1435 952 1475 minuentur
974 1435 1084 1473 >omni
1111 1433 1233 1480 hot103

2271 145 2292 172 2
2333 132 2357 174 3

1292 231 1321 253 „
1351 204 1386 240 &
1415 205 1510 243 alibi
1540 202 1889 256 (Ps.Xxth.):
1918 204 2003 245 Non
2033 206 2111 246 vidi
2142 206 2284 259 justum
2301 133 2421 247 4dere-

1294 287 1321 307 ,‚
1351 257 1487 297 lictum
1516 256 1591 296 ἃς.
1633 257 1676 296 Si
1712 267 1841 296 autem
1879 260 2166 299 considerentur
2202 259 2425 313 hujusmodi

1295 339 1321 361 ‚‚
1349 311 1576 364 temporalia
1603 309 1702 350 bona
1730 311 1940 350 secundum
1961 327 1999 352 se
2015 344 2025 361 ,
2055 316 2107 353 sic
2128 327 2202 353 non
2222 321 2308 355 sunt
2328 319 2420 355 sim-

1296 393 1324 414 „
1354 366 1505 419 pliciter
1527 365 1624 404 bona
1645 364 1833 413 hominis,
1848 366 1912 403 sed
1941 368 2146 405 secundum
2169 371 2285 420 quid:
2316 370 2349 407 &
2370 371 2424 409 ita.

1297 447 1325 468 ,‚
1354 433 1429 458 non
1445 418 1673 472 simpliciter
1687 417 1825 458 cadunt
1855 417 1925 456 sub
1945 421 2105 468 merito,
2135 421 2196 458 sed
2213 423 2423 462 secundum

1296 500 1322 520 „
1350 473 1470 526 quid:
1512 475 1551 512 iu
1583 481 1739 511 nantum
1776 470 1922 510 scilicet
1964 472 2136 512 homines
2174 485 2370 514 moventur
2398 491 2424 515 a.

1298 554 1324 573 „
1354 528 1437 566 Deo
1464 526 1510 566 ad
1538 486 1671 578 aliqua
1699 524 1960 577 temporaliter
1995 526 2168 579 agenda,
2212 528 2251 565 in
2280 531 2423 580 quibus

1297 606 1324 626 ‚‚
1353 594 1466 619 suum
1484 581 2039 634 propositumconsequuntur,
2069 579 2151 617 Deo
2181 580 2351 630 favente,
2382 592 2424 621 ut

1298 660 1324 680 ,‚
1353 636 1449 672 sicut
1479 635 1556 672 vita
1586 642 1727 672 aeterna
1757 641 1809 671 est
1839 632 2067 685 simpliciter
2096 634 2305 685 praemium
2334 649 2424 686 ope-

1298 712 1325 733 „
1354 701 1442 725 rum
1472 686 1654 738 justitiae,
1698 700 1766 738 pei·
1795 685 2017 724 relationem
2055 687 2103 724 ad
2133 687 2337 725 motionem
2365 689 2425 728 di-

1298 766 1326 785 „
1355 743 1510 778 vinam:
1552 742 1604 778 ita
1648 740 1879 791 temporalia
1915 739 2014 778 bona
2053 741 2094 778 in
2122 754 2161 778 se
2189 741 2426 781 considerata

1298 817 1326 838 ‚,
1355 793 1521 832 habeant
1549 795 1736 832 rationem
1768 793 1978 840 mercedis,
2017 790 2148 832 habito
2176 803 2348 846 respectu
2376 795 2427 834 ad

1298 871 1326 892 2,
1356 848 1564 886 motionem
1584 848 1780 895 divinam,
1808 860 1886 899 qua
1899 844 2113 885 voluntates
2126 845 2329 886 hominum
2346 860 2427 886 mo-

1300 923 1328 944 „
1355 910 1490 939 ventur
1518 901 1565 939 ad
1596 900 1680 938 liaec
1710 900 1992 953 prosequenda:
2035 900 2124 939 licet
2159 900 2352 940 interdum
2386 903 2427 941 in

1300 976 1329 1002 ‚‚
1360 953 1418 990 his
1445 967 1517 992 nou
1547 954 1712 992 habeant
1742 953 1910 991 homiues
1939 961 2082 992 rectam
2111 954 2359 993 intentionem
2375 955 2429 997 ”.

1358 1006 1405 1044 Et
1426 1008 1471 1044 de
1491 1009 1624 1046 merito
1644 1007 1845 1052 hactenus5
1874 1006 1946 1046 hoc
1976 1006 2098 1046 solum
2127 1007 2305 1047 addentes
2332 1009 2430 1048 dan-

1302 1059 1390 1098 dam
1421 1073 1496 1097 esse
1525 1063 1762 1112 potissimum
1782 1073 1938 1113 operam
1956 1090 1966 1109 ‚
1996 1070 2037 1099 ut
2050 1059 2241 1100 caelestem
2261 1062 2429 1114 gloriam

1301 1125 1548 1160 mereamur3
1577 1113 1623 1152 de
1651 1115 1784 1151 ceteris
1812 1127 1886 1152 uon
1915 1114 2121 1153 admodum
2150 1114 2331 1154 sollicitos
2358 1128 2428 1155 no·

1304 1181 1381 1205 esse
1408 1176 1601 1219 oportere5
1641 1167 1701 1205 vel
1732 1167 1836 1204 enim
1866 1166 2019 1205 inutilia
2048 1176 2133 1206 sunt
2153 1197 2164 1215 ,
2202 1168 2236 1205 ἃ
2265 1183 2287 1207 a
2315 1169 2429 1208 nobis

1300 1220 1440 1259 debent
1467 1220 1633 1273 negligi,
1663 1219 1724 1258 vel
1752 1219 1884 1268 utilia,
1915 1219 1948 1255 &
1970 1219 2052 1258 liaec
2073 1220 2182 1260 uobis
2201 1222 2334 1273 procul
2355 1223 2428 1261 du.

1302 1274 1369 1313 bio
1397 1272 1628 1325 adjicientur
1657 1271 1729 1311 Dei
1761 1271 2016 1312 liberalitate.
2047 1273 2226 1325 Quaerite
2251 1279 2430 1323 primunt

1302 1340 1474 1381 regnum
1503 1325 1580 1366 Dei
1598 1356 1608 1374 ‚
1637 1325 1915 1380 &justitiam
1943 1329 2056 1380 ejus,
2099 1328 2224 1380 inquit
2252 1326 2428 1368 Christus

1299 1380 1441 1475 &auin
1459 1379 1532 1422 Vl.
1549 1381 1641 1429 55„
1668 1381 1720 1424 <9¹
1748 1379 1835 1422 hoec:
1861 1385 2004 1421 omnia
2030 1378 2273 1435 adjicientur
2299 1380 2426 1423 robis.

1337 1443 1417 1476 tat·

980 2066 1132 2111 1⁴⁷1le
1164 2065 1317 2111 TOMI
1343 2064 1520 2109 SEXTI
1533 2075 1557 2109 0⁴
