2562 3694
791 148 870 195 DE
904 146 1203 194 EXTERNA
1237 142 1396 190 FIDE}
1432 140 1700 188 PROFESS.

150 235 326 290 placebat
356 235 395 274 in
424 231 545 271 oculis
574 230 668 270 meis
687 260 698 279 ,
728 229 761 266 8t
790 232 942 278 omnia,
986 243 1073 281 quae
1104 236 1208 265 erant

152 294 190 329 in
220 291 332 329 corde
359 300 470 334 mee,
503 287 620 324 fecisti
642 293 772 323 contra
792 285 948 321 domum
973 283 1105 321 Achab
1123 313 1132 330 ,
1165 282 1208 318 sl-

152 344 195 382 lii
225 344 276 380 tui
309 354 426 394 usque
455 340 501 378 ad
530 349 706 392 quartam
726 338 1007 390 generationem
1029 336 1209 375 sedebunt

151 407 263 446 super
292 393 467 431 thronum
500 392 611 431 lsrael
643 395 669 414 “
687 418 699 429 .

152 462 164 485 1
181 461 239 485 ιι.
262 446 374 498 Resp.
389 446 430 485 S.
448 447 614 484 Thomas
633 459 669 484 2.
689 458 725 482 2.
741 458 808 496 qu.
832 457 918 482 ιιι.
940 451 1010 480 art.
1033 456 1065 480 ι.
1087 441 1132 479 ad
1152 455 1210 486 2.;

91 529 120 550 „
149 498 441 539 Simulatiouem
472 499 568 538 Jehu
612 512 684 536 nou
714 506 764 535 est
797 511 945 534 necesse
974 509 1152 533 excusare
1189 509 1210 532 a

92 583 121 603 ‚,
152 562 325 606 peccatu,
357 554 414 590 vel
447 554 672 600 mendacio,
703 552 793 602 quia
824 550 946 588 nialus
977 550 1073 596 fuit,
1106 558 1210 600 utpo-

92 635 121 654 ‚,
151 616 187 644 te
214 606 263 645 ab
294 606 504 645 idololatria
536 605 738 644 Jeroboam
768 617 840 641 uon
878 605 1078 647 rece‹leus;
1108 616 1211 640 com-

91 688 118 708 „
149 660 347 698 meudatur
376 670 527 707 tamen,
557 660 590 696 &
622 657 878 710 temporaliter
902 665 1163 694 remuneratur
1191 670 1211 692 a

92 741 120 761 ,‚
151 712 260 761 Deo,
298 726 368 751 non
398 727 466 766 pro
495 712 736 751 simulatione
758 741 768 759 ‚
814 711 874 748 sed
906 724 973 762 pro
1001 708 1106 756 zelo,
1136 721 1213 760 quo

92 795 120 814 ‚‚
149 766 330 804 destruxit
358 766 504 804 cultum
537 766 626 804 Baal
642 792 651 803 .
673 768 699 786 ‘⁶
732 765 771 802 ld
793 765 832 802 S.
850 763 1018 800 Thomas
1033 777 1053 800 a
1074 763 1114 800 S.
1135 764 1212 799 Au·

90 821 239 870 gustino
267 820 421 868 didicit,
451 821 518 872 qui
549 820 638 858 Lib.
667 827 808 855 contra
839 817 1092 854 mendacium
1123 830 1156 853 c.
1175 828 1211 853 π.

92 886 268 924 peccasse
288 871 408 920 Jeliu,
439 887 508 910 nec
537 888 558 911 a
588 873 697 911 uobis
729 870 981 917 imitandum,
1011 869 1192 906 ostendit.

154 939 241 963 112.
271 925 364 978 Obj.
383 926 420 964 3.
451 926 684 978 Exemplum
717 924 1005 977 Apostolorum,
1047 924 1114 974 qui
1147 936 1213 959 an-

92 979 249 1030 tiquatae
271 977 350 1031 jam
367 979 539 1018 Judaicae
563 979 654 1032 legis
674 978 923 1016 caeremonias
941 975 1213 1024 observarunt,

93 1033 228 1083 utique
257 1045 332 1071 uon
355 1046 398 1070 ex
428 1035 576 1082 animo,
606 1033 668 1071 sed
692 1040 850 1068 >externa
881 1037 1026 1067 tantum
1057 1029 1213 1067 simula—

92 1086 222 1132 ti0ue5
266 1087 589 1138 quemadmodum
618 1087 724 1124 docet
754 1084 793 1121 S.
827 1084 1082 1134 Hieronymus
1113 1085 1149 1120 iu
1178 1097 1214 1121 c.

90 1138 139 1176 Il.
170 1140 280 1190 epist.
309 1140 355 1177 ad
386 1140 505 1187 Gal„
548 1140 614 1190 qui
647 1150 715 1190 pro
743 1151 780 1174 se
810 1136 947 1188 allegat
977 1137 1180 1188 Origenem
1202 1167 1211 1184 ,

90 1190 311 1243 Didymnm
329 1222 339 1238 ,
371 1192 631 1229 Laodicenum
650 1221 660 1238 ,
683 1189 942 1228 Alexandrum
963 1219 972 1237 ,
1004 1189 1213 1228 Eusebium

95 1244 340 1283 Emisseuum
358 1275 368 1293 ,
419 1244 666 1282 Theodorum
712 1242 1000 1281 Heracleensem
1020 1273 1030 1291 ,
1079 1243 1110 1279 8(
1154 1244 1213 1281 JO.

97 1296 436 1348 chrysostomum.
465 1298 513 1336 Et
533 1299 690 1350 quidem
706 1297 886 1334 Erasmus
916 1298 1029 1346 iuep.
1060 1297 1106 1334 ad
1123 1296 1212 1335 Gal.

95 1352 137 1388 in
168 1350 225 1387 liis
256 1351 369 1388 rebus
398 1351 583 1402 majorem
615 1352 767 1402 Origeui
798 1350 913 1388 fidem
944 1350 1074 1387 deberi
1095 1351 1215 1399 dicit,

92 1417 212 1455 quam
242 1404 374 1442 decem
406 1402 578 1443 Patribus
606 1404 845 1444 orthodoxis.
895 1404 933 1440 ld
964 1405 1077 1441 etiam
1109 1402 1216 1441 colli-

91 1457 196 1507 gitur
225 1470 268 1494 ex
297 1457 508 1510 Scripturas
540 1458 664 1496 verbis
685 1457 775 1496 Gal.
794 1458 840 1495 II.
864 1457 946 1494 15.:
977 1456 1031 1494 Ec
1051 1457 1216 1495 simula-

93 1511 190 1546 tioni
220 1512 306 1561 ejus
337 1515 351 1562 (
369 1511 466 1550 Petri
484 1512 498 1560 )
530 1519 813 1549 consenserunt
834 1514 954 1548 ceteri
973 1510 1100 1548 JuJaeL·
1118 1541 1127 1557 ,
1159 1514 1215 1547 ita.

91 1571 134 1599 ut
163 1563 212 1603 (9¹
241 1563 458 1603 Barnabas
487 1563 694 1603 duceretur
722 1564 772 1602 ab
805 1568 861 1602 eis
890 1568 930 1601 in
961 1564 1074 1601 tilam
1095 1568 1216 1602 simu-

92 1615 286 1654 lationem
303 1643 314 1655 .

156 1670 241 1709 ιι5.
274 1669 387 1721 Resp.
416 1685 506 1709 cum
534 1670 575 1710 S.
607 1670 816 1722 Augustino
846 1670 885 1707 in
908 1683 967 1720 ep.
986 1699 997 1715 ,
1028 1669 1213 1707 XXVIII.

94 1721 209 1771 XL.,
239 1722 273 1758 ἃ
303 1723 506 1763 LXXXII.
528 1755 540 1774 ,
583 1723 675 1762 alias
705 1723 808 1761 Vlll.
831 1722 899 1760 IX.
931 1721 964 1758 8(
985 1722 1096 1759 ΧΙΧ.
1126 1736 1214 1760 cum

91 1785 219 1813 nostro
237 1776 444 1828 Angelico,
473 1777 508 1814 &
527 1778 724 1816 communi
745 1776 813 1815 SS.
836 1775 906 1814 PP.
926 1776 1109 1813 sententia
1127 1805 1138 1824 ,
1167 1774 1220 1812 le-

94 1828 198 1879 galia
228 1831 267 1867 in
296 1830 437 1869 Clu-isti
468 1840 588 1869 morte
616 1839 764 1868 mortua
795 1829 828 1866 8<
859 1830 940 1882 ipsa
970 1829 1112 1876 fuisse,
1142 1841 1217 1866 uon

95 1891 222 1920 tamen
255 1885 450 1923 mortifera
479 1885 587 1923 illico
616 1881 802 1932 evasisse,
834 1891 872 1921 ut
902 1883 1060 1934 proinde
1089 1897 1132 1920 ea
1152 1882 1222 1919 ob-

94 1949 245 1973 servare
277 1938 437 1975 minime
465 1937 619 1976 liceret.
664 1937 721 1976 Ea
749 1950 839 1975 vero
866 1937 1044 1988 quamvis
1072 1944 1221 1973 mortua

97 1988 302 2028 observare
321 1991 488 2042 Apostoli
518 2000 772 2044 opportunum
794 1990 982 2028 duxerunt
999 2019 1009 2037 ,
1041 1998 1078 2026 nt
1099 1989 1220 2040 Syna-

95 2055 233 2094 gogam
278 2043 358 2094 jam
387 2054 615 2083 emortuam
658 2057 752 2082 cum
795 2043 941 2082 honore
982 2043 1220 2092 sepelirent,

94 2097 424 2147 quemadmodum
454 2099 580 2151 inquit
611 2098 868 2148 Augustinus.
908 2095 978 2133 Illa
1008 2106 1133 2133 autem
1164 2093 1218 2132 le-

94 2146 242 2199 galium
271 2150 512 2189 observantia
542 2160 672 2188 vocata
714 2159 766 2187 est
807 2149 857 2186 ab
888 2147 1065 2199 Apostolo
1101 2147 1219 2187 Paulo

95 2203 300 2241 simulatio
321 2233 332 2252 ,
362 2217 437 2241 non
466 2204 567 2255 quod
598 2202 687 2240 ficto
715 2204 845 2241 auimo
874 2202 978 2240 fieret
996 2232 1006 2250 ,
1037 2210 1077 2239 ιιι
1107 2215 1218 2240 men-

92 2254 256 2293 dacium
285 2258 361 2295 dici
392 2267 539 2309 posset,
570 2257 630 2294 sed
660 2256 761 2309 quod
792 2254 963 2294 Gentiles
993 2254 1061 2293 illa
1089 2256 1218 2294 obser-

95 2310 224 2347 vantia
252 2309 568 2359 adducebantur,
599 2319 638 2347 ut
667 2309 762 2347 falso
781 2309 1001 2357 crederent,
1029 2309 1102 2347 sibi
1124 2321 1217 2361 quo-

93 2379 170 2418 que
201 2376 277 2401 esse
305 2364 485 2403 Judaicos
515 2365 606 2402 ritus
635 2363 860 2402 exercendos
882 2393 893 2411 ,
938 2371 1134 2415 tamquam
1164 2363 1212 2402 ad

94 2419 259 2457 salutem
290 2419 516 2456 necessarios
533 2443 543 2456 .

156 2471 244 2517 ¹¹4·
275 2469 389 2510 Porro
417 2471 458 2509 S.
479 2471 741 2524 Hieronymus
770 2471 809 2509 in
829 2473 1018 2509 contraria
1038 2470 1215 2523 aliquan-

93 2525 144 2564 do
171 2526 357 2564 sententia
387 2525 483 2573 fuit,
512 2525 554 2561 &·
574 2539 730 2576 gravem
752 2533 950 2577 propterea
969 2538 1058 2562 cum
1079 2525 1120 2562 S.
1139 2525 1216 2562 An-

91 2580 242 2630 gustino
269 2578 564 2617 controversiam
595 2578 753 2624 liabuit3
782 2579 846 2616 sed
875 2587 1001 2630 postea
1022 2579 1146 2616 senior
1163 2578 1218 2615 fa-

92 2641 173 2670 ctus
202 2631 236 2668 ἃ
266 2633 464 2685 pacatior,
513 2634 739 2670 seutentiam
769 2641 933 2670 mutasse
961 2633 1064 2670 visus
1093 2640 1144 2669 est
1174 2632 1212 2669 in

90 2683 255 2723 Βια1.1.
285 2696 389 2724 cont.
420 2685 560 2738 Pelag.
590 2701 625 2724 c.
642 2685 681 2723 8.
712 2685 1047 2733 Quemadmodum
1077 2684 1117 2723 S.
1137 2684 1213 2722 Αιι-

90 2749 189 2790 gust.
217 2738 392 2778 observat
414 2741 452 2777 in
472 2754 534 2791 ep.
549 2739 751 2777 CLXXX.
772 2739 818 2777 ad
830 2739 1052 2777 Oceanum.
1082 2739 1213 2787 Quan-

89 2801 174 2829 tum
205 2805 292 2830 vero
321 2793 369 2830 ad
397 2792 564 2846 reliquos
593 2791 720 2830 Patres
762 2792 812 2830 ab
843 2792 1083 2839 Hieronymo
1120 2792 1215 2830 alle-

89 2853 195 2894 gatos
211 2874 222 2891 ‚
250 2844 291 2882 S.
313 2845 546 2898 Augustinus
568 2847 765 2898 respondet
788 2861 850 2898 ep.
874 2839 1075 2884 LXXXII.
1106 2860 1141 2883 c.
1160 2846 1213 2894 5.,

89 2898 379 2947 Laodicenum,
408 2908 497 2938 teste
527 2901 610 2952 ipso
637 2900 679 2938 S.
710 2900 976 2951 Hieronymo,
1005 2900 1050 2936 de
1081 2898 1215 2936 Eccle-

89 2953 146 2989 sia
176 2951 291 2989 fuisse
311 2965 523 3002 egressum:
554 2952 814 2992 Alexandrum
845 2962 1010 2992 veterem
1042 2966 1118 2990 esse
1135 2952 1214 2990 bae-

90 3006 281 3052 relicum,
323 3006 528 3056 Origenem
558 3019 648 3043 vero
691 3008 790 3059 (qui
821 3008 968 3059 primus
998 3007 1070 3044 fuit
1100 3005 1214 3057 liujus

89 3060 284 3098 sententiae
323 3057 608 3107 architectus),
656 3059 689 3095 8t
733 3060 951 3111 Didymum
989 3059 1038 3097 ab
1081 3059 1214 3096 eodem

94 3111 360 3165 Hieronymno
376 3113 639 3163 reprehensos,
667 3113 716 3152 (9⁶
732 3126 813 3149 non
835 3112 1083 3149 mediocriter
1100 3142 1110 3160 ‚
1140 3125 1216 3150 nec

95 3163 146 3202 de
175 3164 431 3204 mediocribus
460 3164 766 3216 quoestionibus.
796 3165 894 3203 Aliis
923 3165 1213 3213 autemtribus‚

94 3217 240 3256 scilicet
284 3218 449 3258 Eusebio
491 3219 717 3266 Emisseno,
769 3217 968 3255 Theodoro
1012 3218 1215 3255 Heracleo-

96 3278 147 3309 1ae
166 3300 177 3318 ‚
221 3269 254 3307 St
286 3272 419 3311 Joann.
448 3272 716 3325 Clirysostomo
743 3273 901 3323 opponit
935 3271 1183 3308 Ambrosium
1202 3301 1213 3319 ,

103 3325 264 3376 opponit
291 3325 560 3378 cyprianum,
604 3326 635 3362 8(
674 3325 775 3378 quod
813 3323 901 3376 plus
936 3333 1014 3371 est,
1057 3326 1214 3376 opponit

100 3378 145 3420 S.
174 3375 336 3417 Paulum
354 3409 365 3429 ,
412 3382 480 3433 qui
519 3382 561 3421 in
591 3380 722 3421 eadem
752 3379 860 3431 epist.
889 3378 937 3419 ad
966 3376 1057 3417 Gal.
1087 3377 1117 3417 1.
1148 3391 1212 3417 20.

92 264 120 287 ἰ

92 321 119 339 >2

92 373 120 394 υ

94 427 122 446 υ

2253 147 2334 199 149

1278 226 1327 263 ita
1357 232 1483 262 sancte
1505 223 1722 274 profitetur:
1757 221 1857 273 Qua·
1876 231 2010 261 autem
2027 224 2150 263 scribo
2169 223 2270 261 vobis
2286 254 2296 271 ,
2327 235 2389 261 ec-

1278 291 1322 317 ce
1351 289 1490 315 coram
1523 274 1632 323 Deo,
1661 280 1753 325 quii
1785 291 1861 313 urm
1886 281 2082 314 mentior:
2115 278 2213 315 nude
2233 278 2389 314 conclu-

1274 333 1331 369 dit
1364 343 1523 381 magnus
1555 328 1803 379 Augustinus:
1837 329 1941 366 Dent
1972 336 2130 368 veniam
2161 331 2314 380 quilibet
2344 344 2390 366 ιι-

1278 383 1358 422 liml
1387 387 1625 434 opinantes:
1655 393 1727 432 ego
1758 387 1888 433 magis
1919 384 2033 421 cretio
2061 393 2176 421 tanto
2208 385 2391 433 Apostolo

1279 442 1319 475 ιή
1348 441 1449 484 suis,
1486 436 1536 476 (9⁶
1564 447 1633 484 pro
1661 438 1742 471 suis
1770 436 1908 472 litteris
1933 437 2117 486 juranti,
2160 450 2280 486 quam
2311 440 2392 473 cui-

1279 504 1401 542 qmzm
1432 490 1657 527 doctissimo
1685 486 1733 526 ‹le
1763 488 1906 525 alienis
1937 489 2071 525 litteris
2101 489 2337 539 disputanti.

1340 545 1426 582 ιι5.
1461 544 1544 581 luet.
1574 541 1615 579 S.
1640 540 1778 589 Paulus
1814 555 1844 579 ι.
1874 542 2047 578 Cor.lx.
2079 555 2142 579 20.
2172 556 2273 595 seq.:
2322 543 2395 580 Fa-

1336 608 1415 634 ctus
1445 611 1526 634 snm
1552 626 1561 643 ,
1592 598 1741 645 inquit,
1771 595 1915 632 Judoeis
1944 603 2122 631 taumiam
2143 595 2323 644 Judaens,
2355 604 2394 631 nt

1338 651 1488 688 Judaeos
1510 649 1703 687 lucrarer:
1735 648 1792 685 liis
1820 649 1885 700 qui
1918 647 1987 685 sub
2018 609 2098 697 lege
2129 658 2229 685 er.th
2248 679 2258 695 ,
2287 648 2393 699 quasi

1338 704 1406 741 sub
1440 703 1558 754 legem
1589 716 1779 740 essem
1810 711 1847 738 nt
1877 713 1966 747 eos,
1996 700 2147 752 quisub
2170 701 2249 752 lege
2269 711 2395 746 erant,

1339 758 1629 795 lucrifacerem:
1661 757 1707 793 iis
1735 756 1801 807 qui
1831 755 1911 792 siue
1941 753 2021 804 lege
2050 763 2156 791 erant
2175 781 2184 799 ,
2213 754 2319 806 quasi
2349 755 2398 790 si·

1339 825 1386 849 ue
1416 810 1496 862 lege
1525 823 1640 847 essem
1747 817 1784 845 nt
1807 808 2071 845 lucrifacerem
2096 819 2229 845 eos....
2261 807 2399 844 Factus

1339 865 1504 902 infirmis
1535 863 1734 909 infirmus,
1767 872 1803 898 ut
1834 861 2006 899 infirmos
2035 860 2330 905 lucrifacerein3
2359 872 2398 896 0-

1341 917 1497 955 muibns
1526 917 1656 954 onmia
1688 917 1807 953 sactus
1838 929 1943 963 sum,
1987 924 2026 951 ut
2067 927 2197 951 omnes
2232 914 2398 952 facerem

1494 973 1520 992 6<
1561 973 1563 977 ⁴

1281 629 1306 647 2,

1282 682 1308 700 >²

1282 735 1307 753 θ’

1282 789 1308 807 7>

1282 841 1308 860 29

1282 895 1307 914 2)

1283 948 1309 967 5,

1285 1001 1312 1020 „
1343 971 1464 1008 salvos

1343 1024 1428 1062 ιι6.
1463 1024 1573 1076 Hesp.
1603 1037 1690 1061 cum
1734 1021 1774 1060 S.
1809 1022 2015 1072 Augustino
2045 1022 2081 1059 iu
2110 1023 2219 1073 epist.
2250 1019 2334 1059 XL.
2366 1019 2400 1055 8t

1282 1077 1485 1116 LXXXII.
1503 1109 1513 1125 ‚
1545 1076 1763 1128 Apostolum
1788 1076 1930 1113 sactum
1952 1089 2028 1113 esse
2047 1076 2178 1112 omnia
2197 1074 2400 1121 omnibus,

1283 1145 1364 1169 non
1395 1135 1624 1169 mentientis
1652 1139 1770 1177 astu,
1814 1130 1873 1166 sed
1905 1132 2185 1178 compatientis
2223 1125 2399 1175 affectu,

1282 1200 1346 1222 seu
1376 1188 1653 1235 compassione
1683 1182 1994 1230 rtziseriC12rilioe,
2037 1195 2116 1219 non
2146 1182 2401 1219 simulatione

1270 1237 1495 1290 jizllaciae;
1523 1238 1714 1290 quomodo
1741 1238 1808 1288 qui
1839 1238 1986 1287 aegrotis
2016 1237 2230 1282 ministrat,
2260 1234 2300 1272 fit
2323 1244 2399 1271 tan-

1282 1306 1399 1344 quam
1431 1301 1592 1343 aegrotus
1607 1322 1617 1339 ‚
1649 1303 1721 1329 non
1739 1289 1863 1328 febres
1882 1303 1920 1326 se
1941 1289 2079 1326 babere
2095 1289 2280 1327 simulans
2297 1317 2307 1334 ,
2337 1288 2401 1323 sed

1283 1346 1393 1384 alteri
1425 1343 1648 1393 condolens,
1679 1344 1839 1397 perinde
1868 1357 1911 1381 ac
1941 1344 1971 1380 si
2002 1343 2081 1394 ipse
2111 1350 2334 1393 aegrotaret.

1344 1413 1430 1451 ¹¹7·
1446 1399 1522 1437 Ob.
1544 1399 1582 1444 4.
1598 1397 1854 1450 quorumdam
1876 1398 1966 1435 vitae
1981 1397 2178 1434 sanctitate
2194 1396 2403 1445 insignium

1283 1453 1479 1504 exempla,
1509 1454 1577 1505 qui
1605 1451 1654 1489 ob
1684 1451 1829 1489 bouum
1860 1451 1977 1488 finem
2009 1448 2143 1487 falsam
2169 1448 2403 1496 Religionem

1282 1506 1464 1545 simulare
1493 1520 1567 1543 non
1596 1505 1847 1543 dubitarunt.
1888 1504 2024 1541 Primo
2054 1504 2093 1541 S.
2126 1502 2303 1541 Auxilins
2335 1501 2404 1537 hoc

1284 1577 1306 1598 a
1349 1560 1390 1597 S.
1422 1560 1556 1598 Marco
1583 1558 1722 1596 Christi
1755 1557 1960 1609 Discipulo
2000 1557 2205 1594 consilium
2247 1555 2403 1592 babuit:

1283 1612 1426 1650 Nullus
1457 1612 1573 1650 modo
1606 1611 1874 1648 Christianum
1904 1624 1990 1648 esse
2019 1619 2056 1647 te
2084 1614 2259 1647 noverit:
2289 1607 2405 1644 satt-

1282 1679 1442 1715 psorum
1471 1676 1509 1703 te
1537 1668 1854 1714 superstitionem
1883 1667 2030 1701 sectari
2058 1663 2205 1699 simula
2223 1689 2234 1698 .
2267 1662 2315 1698 Ita
2341 1661 2405 1697 lna-

1286 1719 1399 1756 betur
1430 1720 1468 1755 iu
1485 1719 1566 1764 ejus
1583 1718 1686 1754 Actis
1715 1732 1737 1754 a
1765 1725 1854 1753 teste
1882 1716 2034 1752 oculato
2056 1717 2218 1752 exaratis
2239 1728 2302 1764 ap.
2322 1714 2407 1750 Bol—

1288 1771 1391 1810 land.
1426 1765 1626 1822 19.‘Fehr.
1658 1768 1841 1807 Secundo
1868 1768 2030 1806 celebris
2059 1776 2111 1805 est
2126 1780 2213 1805 saec.
2231 1766 2297 1804 IV.
2327 1765 2408 1804 Eu-

1287 1825 1383 1864 sebii
1414 1823 1668 1863 Vercelleusis
1698 1823 1878 1870 historia,
1908 1823 1976 1874 qui
2007 1835 2044 1858 se
2074 1823 2260 1859 Arianum
2291 1821 2407 1857 simn-

1287 1879 1406 1925 lavit,
1439 1888 1478 1914 ut
1506 1878 1555 1914 ab
1583 1875 1653 1914 illa
1681 1875 1815 1913 haeresi
1847 1876 2079 1926 Dionysium
2110 1873 2270 1911 Mediol.
2302 1885 2408 1910 revo-

1287 1939 1388 1969 caret
1407 1957 1416 1967 .
1448 1931 1607 1968 Factum
1639 1939 1765 1966 narrat
1795 1927 2076 1966 &Ambrosius
2105 1926 2228 1964 Serm.
2247 1925 2336 1963 XV.
2367 1941 2407 1964 n.

1288 1985 1356 2037 69.
1387 1984 1418 2018 ὅ(
1449 1982 1609 2021 calculis
1638 1984 1716 2020 suis
1743 1982 1904 2034 probat,
1935 1983 2054 2019 immo
2084 1979 2262 2018 laudibus
2292 1979 2409 2016 extol-

1290 2038 1332 2075 lit
1363 2039 1561 2090 inquiens:
1591 2065 1618 2084 „
1648 2035 1756 2074 Sicut
1786 2035 1888 2072 enim
1907 2065 1917 2081 ,
1948 2036 2000 2076 ait
2029 2034 2070 2072 S.
2092 2033 2254 2071 Paulus:
2287 2033 2408 2071 factus

1345 2105 1428 2128 sum
1458 2091 1603 2129 Judaeis
1633 2098 1816 2141 tanquam
1847 2088 2032 2136 Judaeus,
2063 2086 2404 2125 utJndaeoslucri·

1346 2145 1533 2192 facerem,
1563 2145 1616 2182 ita
1646 2143 1834 2182 Eusebius
1864 2140 2054 2180 baereticis
2083 2155 2120 2179 se
2149 2155 2225 2178 esse
2255 2140 2407 2178 liaereti-

1342 2212 1430 2235 cum
1461 2200 1637 2236 mentitus
1666 2205 1744 2245 est,
1775 2205 1812 2234 ut
1833 2196 1880 2234 de
1900 2195 2035 2233 liaeresi
2052 2194 2180 2233 filium
2197 2194 2377 2232 liberaret
2394 2219 2406 2232 .

1344 2252 1453 2290 Dixit
1483 2253 1584 2290 euim
1615 2265 1653 2289 se
1682 2251 1893 2288 consentire
1914 2249 2091 2302 perfidiae
2109 2279 2119 2296 ,
2149 2248 2220 2286 hoc
2234 2248 2307 2286 sibi
2325 2246 2408 2299 pla-

1342 2319 1454 2353 cere,
1493 2305 1594 2358 quod
1625 2303 1730 2349 illis3
1775 2304 1837 2342 sed
1867 2304 1968 2356 quod
1998 2302 2072 2341 sibi
2103 2301 2229 2340 filium
2261 2301 2408 2353 Diony-

1342 2360 1440 2397 sium
1472 2360 1511 2397 iu
1541 2358 1822 2409 subscriptione
1851 2364 2148 2410 praeponerent,
2177 2356 2342 2407 graviter
2370 2368 2409 2390 se

1342 2414 1515 2451 moveri.
1559 2412 1637 2449 Vos
1670 2413 1772 2449 enim
1791 2442 1801 2460 ,
1833 2412 1983 2463 inquit,
2012 2411 2080 2462 qui
2108 2410 2234 2447 dicitis
2259 2408 2406 2445 Filium

1343 2467 1415 2504 Dei
1461 2466 1559 2504 Patri
1595 2466 1678 2504 Deo
1713 2464 1903 2518 aequalem
1941 2477 2018 2501 esse
2055 2476 2127 2501 non
2163 2474 2290 2514 posse,
2338 2473 2408 2497 cur

1287 2551 1312 2569 „
1344 2519 1440 2558 mihi
1462 2519 1588 2558 filium
1607 2517 1852 2572 praetulistis?
1871 2518 1959 2565 Qua
1976 2516 2034 2554 illi
2053 2517 2196 2554 ratione
2217 2514 2407 2566 permoti,

1288 2604 1313 2623 ‚,
1342 2575 1467 2612 statim
1498 2574 1538 2612 S.
1556 2574 1655 2611 Dion
1687 2573 1731 2611 sii
1748 2571 2010 2622 chirografum
2028 2569 2273 2615 deleverunt,
2304 2568 2406 2618 prio-

1286 2658 1312 2677 „
1342 2641 1423 2667 rem
1453 2627 1582 2665 locum
1611 2587 1875 2664 subscribendi
1906 2624 1948 2662 Β.
1964 2623 2133 2660 Eusebio
2160 2622 2402 2659 deferentes.

1283 2711 1309 2731 ,‚
1339 2682 1445 2729 Quos
1474 2680 1541 2719 ille
1571 2682 1797 2733 increpans,
1827 2678 1860 2714 &
1891 2677 2054 2714 irrideus
2083 2677 2158 2713 ait:
2188 2688 2316 2727 neque
2335 2687 2405 2725 ego

1283 2766 1309 2784 „
1339 2737 1471 2774 vestris
1492 2750 1552 2772 me
1568 2733 1775 2774 sceleribus
1792 2731 1921 2783 polluo
1937 2760 1947 2777 ,
1978 2743 2104 2782 neque
2120 2728 2248 2766 silium
2270 2727 2405 2766 meum

1283 2819 1311 2838 ,‚
1341 2790 1539 2828 vobiscum
1572 2787 1799 2838 participare
1831 2785 2008 2835 permitto
2039 2786 2094 2820 “.
2127 2780 2256 2819 Tertio
2284 2781 2325 2820 S.
2355 2781 2408 2819 E-

1296 2842 1419 2881 >brem
1449 2843 1570 2894 Syrus
1600 2855 1638 2878 se
1663 2840 1942 2877 Haereticorum
1972 2846 2111 2881 sectam
2137 2835 2306 2889 profiteri
2330 2834 2408 2873 vel-

1282 2858 1319 2932 le
1349 2896 1575 2942 simulavit,
1607 2902 1647 2930 ut
1675 2893 1725 2930 ab
1756 2894 1800 2930 iis
1831 2891 1975 2929 librum
1994 2920 2004 2938 ‚
2036 2902 2114 2942 quo
2142 2902 2286 2928 errores
2308 2890 2407 2939 ipso-

1285 2963 1371 2987 rum
1401 2948 1718 2992 continebantur,
1750 2946 1967 2996 acciperet.
2002 2943 2155 2993 Quarto
2174 2942 2215 2981 S.
2231 2942 2408 2981 Julianus

1283 3002 1439 3054 Martyr
1468 3017 1529 3054 ap.
1562 2999 1732 3038 Bolland.
1761 2999 1822 3036 die
1851 3010 1892 3050 9.
1920 2997 2007 3035 Jan.
2050 3011 2089 3035 se
2116 2998 2156 3035 in
2186 2995 2328 3047 templo
2355 2996 2406 3031 si-

1284 3055 1365 3092 mul
1397 3070 1486 3094 cnm
1517 3054 1603 3091 aliis
1620 3052 1725 3090 Idolo
1743 3051 2050 3089 sacrificaturum
2066 3050 2199 3088 fiuxit:
2232 3062 2319 3086 cnm
2338 3060 2405 3084 au-

1283 3117 1359 3145 tem
1390 3107 1577 3160 populum
1607 3104 1721 3144 simul
1752 3114 1904 3143 omnem
1934 3105 2151 3143 convenisse
2181 3103 2272 3141 vidit
2292 3131 2301 3148 ,
2347 3101 2406 3138 su-

1282 3162 1331 3199 sis
1360 3163 1406 3199 ad
1438 3162 1562 3198 Deum
1593 3159 1772 3212 precibus
1814 3157 1946 3211 templi
1983 3159 2166 3201 ruinam;
2209 3155 2404 3191 omnium-

1282 3228 1383 3266 que,
1428 3216 1494 3265 qni
1526 3215 1630 3251 intus
1658 3221 1790 3260 eraut,
1833 3213 2114 3265 oppressionem
2157 3208 2404 3258 impetravit.

1286 3268 1433 3315 Quinto
1462 3266 1588 3304 simile
1618 3265 1714 3304 illud
1738 3276 1788 3304 est
1818 3275 2034 3303 sanctarum
2051 3263 2256 3313 Virgiuum
2273 3272 2401 3296 exem-

1283 3320 1421 3373 plum,
1467 3321 1566 3372 quod
1597 3321 1635 3358 in
1665 3319 1773 3357 Actis
1801 3318 1842 3357 S.
1858 3318 1998 3356 Basilii
2028 3315 2162 3366 legitur
2201 3327 2246 3351 e.
2277 3311 2401 3350 Meta·

1281 3373 1437 3426 phraste
1465 3374 1568 3427 apud
1596 3373 1754 3414 Surium
1782 3373 1845 3413 die
1866 3373 1904 3414 5.
1934 3371 2028 3410 Feb.
2060 3369 2130 3407 11ae
2161 3367 2267 3406 euim
2287 3379 2324 3427 se
2339 3379 2397 3404 sa-

2269 3432 2343 3459 cri·

1289 2122 1314 2140 25

1288 2175 1314 2194 δ’

1287 2229 1312 2248 >5

1287 2283 1314 2302 Η

1287 2334 1312 2355 >>

1286 2390 1312 2410 ³³

1285 2444 1311 2463 57

1286 2497 1312 2516 ³⁷
