2570 3745
897 168 977 215 DE
1012 166 1523 214 PERSEVERANTIA
1543 197 1553 209 .

73 255 196 299 velle.
238 252 286 293 At
313 262 404 291 vero
431 248 472 290 S.
503 247 644 289 Doctor
680 250 797 290 talem
834 251 1071 304 praedicabat
1102 263 1187 302 gra-

70 312 164 350 tiam
190 319 279 361 qua!
307 314 485 357 operatur
510 306 554 343 in
584 304 713 343 electis
733 303 924 343 voluntate
945 317 1187 357 perseveran-

68 363 158 411 di‚·
179 358 213 396 ἃ
241 360 365 411 ipsam
393 359 532 397 donat.
581 358 727 397 Deinde
758 357 841 395 haec
882 359 1073 410 responsio
1108 368 1185 394 uon

71 413 187 454 hebet
215 411 343 451 locum
373 413 413 450 iu
442 410 612 464 parvulis
634 442 644 460 ,
674 412 715 450 in
744 412 886 464 quibus
915 421 1015 450 certe
1043 410 1185 449 donum

66 466 357 520 prsewrantiae
387 463 493 503 nullo
521 465 635 502 modo
662 465 712 503 ab
735 465 869 502 horum
892 465 1064 502 libertate
1093 477 1187 516 pen-

65 519 156 566 det3
199 531 245 557 ex
267 529 438 609 ‘quorum
468 518 645 570 exemplo
674 519 725 556 ita
754 518 1002 556 concludebat
1035 517 1077 555 S.
1110 518 1187 554 Au-

66 573 239 626 gustinus
294 584 316 609 e
343 581 511 623 corrept.
540 572 726 624 &gran
755 586 841 623 cap.
863 571 902 610 8.
946 601 971 620 „
991 571 1099 609 Sicut
1129 584 1186 607 er-

72 654 102 676 „
203 633 390 677 coguntur
419 626 557 672 fateri,
600 626 742 663 donum
774 626 846 663 Dei
878 639 981 673 esse,
1012 633 1049 661 nt
1080 623 1187 661 finiat

68 688 107 730 „'
155 690 244 716 omo
272 680 390 717 vitam
419 692 550 726 snam,
580 689 785 731 antequam
816 691 861 716 ex
892 679 993 717 bono
1021 686 1188 715 mutetur

68 760 97 782 ,‚
126 732 169 770 in
197 729 344 770 maium
362 762 380 785 ,ι
414 745 484 770 cur
513 741 637 770 autem
667 732 754 770 aliis
781 733 967 779 donetur,
997 730 1084 768 aliis
1113 743 1188 767 non

68 813 99 836 „
124 784 312 833 donetur,
342 786 535 837 ignorant:
567 786 617 823 ita
645 785 788 822 donum
810 785 883 822 Dei
915 799 992 821 esse
1021 785 1059 821 in
1090 783 1190 820 bono

69 866 100 887 „
128 840 451 891 perseverantiam
471 864 529 878 ....
558 838 747 875 fateantur
775 837 1005 882 nobiscum3
1049 836 1080 872 St
1121 850 1190 873 cur

69 919 100 940 „
129 890 216 929 aliis
242 903 317 929 non
345 891 455 930 detur
475 920 486 939 ,
511 892 597 929 sine
626 903 825 928 murmure
853 891 1031 929 adversus
1061 889 1189 926 Deum

70 972 100 993 „
126 943 334 996 dignentur
362 945 532 996 ignorare
559 942 761 981 nobiscum
784 946 810 964 “
829 969 840 980 .
865 940 878 947 *⁸

134 1010 147 1035 1
160 997 224 1049 78.
253 995 438 1035 Probatur
454 995 613 1033 demum
635 997 840 1047 propositio
859 1004 982 1033 nostra
1002 1003 1188 1046 qnantum

68 1050 118 1088 ad
147 1063 277 1089 ornnes
305 1057 426 1102 partes
454 1061 499 1086 ex
514 1047 555 1086 S.
577 1047 749 1095 Thoma,
779 1049 847 1100 qui
877 1048 1022 1093 Quaest.
1041 1047 1189 1084 xxiv.

70 1102 121 1142 de
148 1106 255 1141 verit.
274 1105 346 1140 a’rt.
372 1101 431 1140 13.
461 1110 570 1139 acute
589 1100 790 1146 observat,
820 1130 846 1148 „
876 1100 988 1147 Quod
1009 1099 1114 1137 aliud
1137 1108 1191 1136 est

70 1186 100 1206 „
127 1156 254 1194 dicere
270 1183 283 1202 ,
312 1166 419 1207 posse
449 1154 637 1192 abstinere
657 1168 679 1191 a
699 1163 854 1206 peccato
872 1184 882 1202 ,
913 1153 946 1189 8t
977 1165 1083 1205 posse
1105 1166 1190 1204 per-

70 1238 101 1258 „
126 1220 301 1247 severare
328 1221 450 1260 usque
477 1207 525 1245 ad
554 1207 672 1246 finem
703 1207 792 1246 vitae
822 1209 862 1245 in
905 1207 1131 1245 abstinentia
1167 1219 1191 1242 a

71 1288 100 1312 ,‚
129 1270 310 1314 peccam.
337 1260 436 1300 Cum
465 1262 568 1299 enim
596 1260 741 1299 dicitur
769 1259 911 1313 aliquis
940 1273 1045 1313 posse
1074 1258 1190 1297 absti-

70 1343 100 1364 „
127 1327 219 1353 nere
246 1328 270 1353 a
297 1323 474 1367 peccato,
504 1315 667 1366 potentia
682 1315 803 1352 fertur
823 1328 936 1366 super
951 1314 1191 1366 negationem

69 1395 100 1416 „
129 1375 276 1406 tautum
293 1397 305 1415 ,
349 1375 390 1404 ut
418 1368 562 1410 scilicet
590 1367 729 1420 aliquis
760 1369 871 1420 possit
899 1380 972 1405 non
1003 1378 1191 1419 peccare:

72 1448 102 1468 „
130 1419 165 1457 ἃ
193 1419 264 1458 hoc
293 1428 410 1472 potest
429 1419 595 1473 quilibet
623 1422 664 1459 in
680 1423 802 1472 gratia
818 1422 1001 1467 existens,
1032 1421 1191 1471 loqueu—

73 1501 102 1522 „
130 1473 178 1512 do
205 1474 251 1511 de
281 1482 435 1524 peceato
469 1473 654 1521 mortali,
696 1475 790 1526 quia
832 1472 987 1511 habenti
1030 1474 1192 1523 gratiam

74 1553 103 1575 „
128 1539 206 1564 non
235 1527 330 1564 inest
358 1526 490 1579 aliqua
519 1526 727 1565 habitualis
763 1526 958 1564 inclinatio
988 1527 1026 1563 in
1069 1539 1191 1564 ›ecca-

72 1608 103 1628 ss
133 1588 215 1618 tum
234 1610 245 1627 ,
280 1579 374 1632 quin
410 1580 536 1631 potius
565 1580 658 1616 inest
688 1581 723 1617 ei
754 1579 961 1617 habitualis
990 1541 1192 1616 inclinatio

77 1660 106 1681 „
134 1632 180 1670 ad
209 1632 404 1670 vitandum
435 1639 662 1682 peccatum.
680 1657 720 1669 ..
748 1631 823 1669 Sed
852 1645 942 1669 cum
971 1632 1133 1679 dicitur,
1162 1632 1194 1668 i-

74 1712 103 1734 „
129 1693 183 1723 ste
213 1692 331 1737 potest
358 1697 602 1737 perseverare
644 1698 765 1737 usque
801 1684 849 1722 ad
885 1683 1002 1723 finem
1033 1685 1123 1721 vitae
1153 1685 1194 1722 iu

74 1766 104 1788 „
132 1737 358 1777 abstinentia
377 1738 521 1791 peccati
539 1768 550 1786 ,
579 1740 748 1790 potentia
768 1738 887 1776 fertur
901 1738 948 1776 ad
969 1736 1117 1789 aliquid
1136 1737 1195 1774 af-

75 1818 106 1839 „
134 1789 373 1830 firmativum
393 1821 405 1840 ,
435 1799 474 1829 ut
502 1791 646 1830 scilicet
675 1791 816 1845 aliquis
846 1799 957 1844 ponat
986 1804 1023 1829 se
1056 1791 1096 1829 in
1126 1789 1194 1828 tali

76 1872 108 1892 2,
134 1852 232 1882 statu
249 1873 260 1893 ,
289 1844 393 1898 quod
421 1854 618 1897 peccatum
648 1847 687 1883 in
716 1859 760 1883 eo
789 1859 868 1884 esse
897 1858 975 1883 non
1004 1846 1118 1897 possit
1139 1869 1196 1881 ....

68 1922 106 1945 .,‚
135 1897 218 1936 Hoc
244 1907 374 1936 autem
403 1911 476 1936 non
505 1899 604 1937 cadit
624 1912 774 1950 semper
801 1898 872 1943 sub
893 1906 1070 1951 potestate
1099 1897 1196 1935 libe-

78 1977 107 1999 „
136 1951 168 1988 ri
197 1949 380 1998 arbitrii,
408 1953 501 2004 quia
529 1954 649 1991 virtus
677 1955 821 1991 motiva
849 1965 1037 2004 exequens
1057 1950 1196 1989 adhoc

78 2030 108 2051 5,
135 2015 212 2042 non
240 2017 278 2042 se
306 2005 504 2043 extendit.
547 2005 595 2044 Et
624 2006 709 2044 ideo
738 2005 851 2044 homo
879 2019 993 2044 causa
1023 2018 1196 2058 perseve-

79 2084 108 2104 „
136 2058 271 2096 rantiae
300 2057 483 2097 sibiresse
511 2072 586 2096 non
615 2068 758 2112 potest;
793 2059 863 2111 *sed
904 2072 1055 2098 necesse
1085 2055 1198 2096 habet

79 2136 109 2158 „
138 2112 466 2162 perseverantiam·
489 2127 511 2150 a
539 2113 623 2150 Deo
651 2123 778 2165 petere
805 2117 831 2135 “
849 2140 861 2151 .

83 2189 88 2196 -
140 2176 229 2216 179.
256 2165 351 2218 Obj.
371 2177 404 2204 1.
434 2164 552 2214 iusti,
582 2175 710 2218 utpote
740 2165 813 2204 filii
833 2166 933 2215 Dei,
965 2165 998 2202 ἆ
1028 2165 1197 2204 cohaere-

82 2214 147 2254 des
174 2217 345 2267 Christi,
374 2217 514 2257 habeut
535 2219 603 2270 -jus
631 2220 679 2258 ad
708 2219 871 2272 gloriam
889 2250 900 2268 ,
942 2221 1063 2272 gratia
1092 2220 1197 2256 enim

79 2276 135 2307 est
161 2283 290 2309 semen
319 2270 452 2323 gloriae
470 2301 481 2320 ,
511 2273 660 2312 dicente
688 2272 826 2312 Sancto
852 2274 995 2311 Joanne
1025 2275 1064 2311 in
1086 2274 1197 2323 epist.

81 2321 117 2360 l·
143 2335 231 2377 cap.
252 2325 318 2363 ΠΙ.
349 2337 390 2376 9.
433 2324 579 2363 Omnis
600 2355 611 2374 ,
652 2330 717 2377 qui
752 2335 873 2364 natus
910 2337 968 2364 est
997 2339 1051 2364 ex
1082 2325 1167 2363 Deo
1188 2355 1199 2374 ,

84 2385 296 2426 peccatum
324 2389 406 2414 non
423 2376 536 2427 fucit
553 2407 565 2425 ,
607 2383 798 2427 quoniam
839 2393 979 2418 semen
1008 2383 1128 2431 ipsius
1158 2383 1200 2416 in

41 2464 45 2468 ,
83 2439 133 2466 eo
161 2437 302 2468 manet
319 2458 330 2476 ,
358 2430 408 2469 <9¹
436 2441 518 2466 non
545 2438 671 2479 potest
698 2444 866 2481 peccare
886 2446 899 2468 .·
943 2446 1030 2484 ergo
1060 2432 1200 2470 habent

84 2482 202 2520 etiam
229 2484 293 2534 jus
320 2481 367 2520 ad
397 2484 716 2534 perseverantiam
733 2514 744 2531 ,
775 2487 855 2522 sine
885 2499 962 2536 qua
980 2485 1102 2536 gloria
1130 2486 1199 2522 ob-

83 2534 199 2573 tineri
228 2548 304 2574 non
325 2543 462 2587 potest3
490 2536 658 2588 adeoque
673 2535 744 2574 διε.
774 2536 944 2575 Ulterius
974 2537 1061 2588 justi
1084 2537 1198 2576 simul

84 2601 176 2626 cum
202 2588 326 2640 gratia
354 2586 544 2627 habituali
573 2603 700 2627 omnes
743 2589 838 2628 alias
868 2591 1024 2629 virtutes
1054 2590 1201 2629 infusas

84 2638 253 2688 habam
295 2642 466 2695 adeoque
504 2643 618 2681 etiam
648 2645 997 2695 perseverantiam,
1041 2657 1129 2698 quae
1159 2645 1200 2683 in

87 2693 290 2734 virtutibus
317 2705 541 2735 numeratur
557 2723 568 2734 .

143 2747 232 2786 180.
263 2747 376 2800 Resp.
408 2749 466 2788 Ad
488 2763 544 2799 1.,
573 2750 696 2788 Justos
725 2750 867 2789 habere
897 2749 957 2801 jus
976 2752 1022 2790 ad
1037 2751 1200 2803 gloriam

86 2813 133 2838 ex
161 2805 438 2854 suppositione,
466 2804 568 2856 quod
600 2805 637 2841 in
666 2803 1065 2856 justitiaperseverent
1084 2819 1202 2856 nsque

85 2853 127 2891 in
155 2853 295 2903 finem,
323 2858 468 2895 dicente
498 2857 665 2895 Domino
688 2857 824 2895 Matth.
849 2857 898 2895 X.
924 2872 986 2895 2¹2.
1021 2857 1097 2908 Qui
1117 2870 1201 2907 per-

87 2913 320 2947 severaverit
348 2920 469 2960 usque
497 2914 540 2948 in
558 2910 696 2964 finem
714 2941 724 2959 ,
756 2910 815 2947 hic
845 2912 975 2949 salvus
997 2914 1097 2955 erit;
1127 2923 1202 2948 non

87 2967 214 2998 tamen
245 2960 384 3002 habent
411 2963 473 3015 jus
500 2965 547 3002 ad
563 2966 685 3017 ipsam
706 2967 1026 3017 perseverantiam
1045 2994 1056 3012 ,
1085 2976 1203 3016 qnam

86 3011 192 3050 Deus
222 3027 290 3065 pro
316 3018 479 3067 gratuita
505 3031 572 3056 sua
591 3018 757 3056 bonitate
772 3020 888 3056 donat
905 3049 916 3067 ,
945 3018 1085 3071 quibus
1101 3015 1203 3055 vult.

84 3063 216 3106 Verba
243 3077 372 3107 autem
401 3069 441 3109 S·
461 3070 616 3110 Joannis
646 3074 901 3111 communiter
931 3073 983 3110 ita
1013 3084 1204 3123 exponun-

134 3208 184 3244 (ιι)
205 3206 324 3240 Verba
349 3207 467 3241 Sancti
496 3209 656 3242 Doctoris
684 3207 759 3244 liaec
784 3219 887 3244 sunt:
918 3209 1009 3244 Illud
1036 3208 1130 3241 cudit
1151 3207 1206 3239 sul>

94 3248 230 3286 humemo
255 3257 398 3294 merito,
425 3255 511 3297 qnod
536 3266 746 3299 comparatur
771 3260 815 3290 αιί
842 3265 964 3289 motum
989 3257 1090 3289 mm·
1117 3255 1208 3287 w-Az-

93 3299 155 3328 trin·
179 3300 306 3333 directi
333 3315 354 3334 α
378 3302 454 3334 Deo
481 3311 656 3342 moi-ente,
683 3307 773 3339 sicut
796 3313 959 3335 terminus
976 3325 986 3343 ‚
1012 3315 1074 3334 nnn
1101 3310 1208 3334 αυῬΙί

93 3342 158 3381 id»
183 3347 269 3386 quod
292 3357 502 3391 comparatur
526 3350 572 3381 ud
595 3351 790 3391 praediceum
815 3360 934 3382 ηιυιιιηι
950 3371 959 3388 ,
999 3353 1085 3381 sicut
1112 3360 1207 3391 prm-

93 3392 218 3431 cipium
232 3412 241 3421 .
266 3391 364 3426 Unde
379 3403 473 3438 patet
487 3416 498 3434 ,
522 3396 609 3440 qaod
633 3401 888 3438 perseuerantia
907 3399 1024 3440 gloriar
1039 3417 1049 3435 ‚
1076 3407 1141 3439 «μα
1157 3400 1210 3426 est

2253 173 2310 215 5⁴5

1256 257 1343 295 tur,
1374 256 1414 285 ut
1443 246 1563 298 justus
1593 258 1751 298 peccare
1779 259 1854 285 non
1876 250 2006 300 possit,
2035 249 2224 302 quamdiu
2244 257 2371 288 manet

1254 300 1400 352 justus,
1429 300 1572 338 scilicet
1594 302 1634 338 in
1655 312 1765 338 sensu
1782 303 2012 351 composito;
2033 316 2109 341 non
2130 312 2256 343 autem
2277 316 2372 355 qna-

1255 355 1287 392 si
1315 355 1437 405 gratia
1468 352 1676 390 habitualis
1712 356 2036 405 perseverantiam
2081 356 2216 394 habeat
2258 369 2374 394 anne-

1256 419 1345 458 xam
1364 432 1375 443 .
1408 405 1534 456 Hujus
1562 407 1753 449 rationem
1782 404 1892 443 affert
1921 406 1962 444 S.
1980 406 2145 446 Thomas
2175 409 2373 459 (Lib.lll.

1262 458 1399 498 Contr.
1431 459 1552 497 Gent.
1583 474 1668 511 cap.
1695 461 1782 497 155.
1803 460 1842 507 ):
1874 489 1899 506 ‚‚
1930 460 2033 506 Quia
2063 459 2175 498 homo
2205 462 2372 501 variabi-

1257 543 1282 562 „
1310 513 1357 551 lis
1387 522 1472 561 est,
1520 513 1554 549 8<
1584 513 1631 550 de
1660 512 1763 551 malo
1791 513 1830 550 in
1861 512 2033 560 bonum,
2068 510 2102 547 ἃ
2131 514 2176 550 de
2206 515 2302 552 bono
2332 517 2372 553 in

1259 582 1290 615 ‚,‘
1313 566 1463 604 malum
1479 592 1490 604 .
1521 564 1576 603 Et
1596 565 1709 618 infra
1725 580 1738 602 .·
1769 565 1921 604 habitus
1938 594 1948 611 ,
1976 567 2044 618 qui
2065 565 2174 604 nobis
2204 568 2373 605 infundi-

1258 649 1284 670 „
1313 630 1374 658 tur
1401 620 1610 668 divinitus,
1640 619 1848 658 secundum
1879 627 2014 657 statum
2037 621 2236 671 praesentis
2258 622 2343 657 vitae
2363 650 2375 667 ,

1259 703 1285 722 „
1315 686 1389 711 non
1418 674 1596 711 auserunt
1625 687 1648 711 a
1676 673 1801 711 libero
1829 672 1989 711 arbitrio
2024 672 2191 710 totaliter
2221 672 2375 710 mobili-

1259 757 1285 775 „
1314 735 1427 765 tatem
1456 727 1503 764 ad
1534 725 1682 764 malum
1704 726 1792 764 licet
1814 739 1880 778 per
1900 738 1960 763 eos
1990 724 2157 764 liberum
2171 724 2376 763 arbitrium

1261 809 1287 828 „
1316 781 1537 833 aliqualiter
1565 779 1781 818 stabiliatur
1812 782 1850 817 in
1881 779 1982 817 bono
2011 782 2062 817 “.

1319 833 1406 872 181.
1438 834 1496 872 Ad
1518 847 1554 870 2.
1586 834 1786 884 respondet
1807 832 1847 870 S.
1870 832 2038 870 Thomas
2067 832 2144 880 Qu.
2160 831 2309 870 XXIV.
2330 831 2378 870 de

1258 891 1366 925 verit.
1395 895 1468 928 art.
1496 886 1618 924 15.ad
1641 887 1678 925 3.
1708 917 1734 935 „
1764 885 1875 934 Quod
1904 887 2184 938 perseverantia
2212 884 2378 936 duplici-

1259 970 1284 988 „
1316 951 1371 979 ter
1396 942 1562 978 dicitur.
1608 940 1849 991 Quandoque
1879 941 1982 977 enirn
2013 949 2066 978 est
2087 938 2263 990 specialis
2301 940 2380 976 vir-

1259 1023 1284 1041 „
1315 1003 1394 1039 tus,
1423 994 1458 1029 &
1486 995 1539 1031 sic
1571 1003 1622 1030 est
1650 993 1810 1044 quidam
1842 991 2020 1040 habitus,
2053 992 2165 1043 cujus
2194 1001 2297 1030 actus
2327 1000 2380 1029 est

1260 1074 1285 1093 „
1316 1045 1456 1082 habere
1487 1048 1722 1098 propositum
1745 1046 1907 1084 firmiter
1927 1046 2136 1098 operandi,
2166 1044 2199 1081 ἃ
2219 1047 2273 1083 sic
2295 1058 2380 1097 per-

1260 1125 1286 1145 ,‚
1314 1101 1564 1136 severantiam
1589 1099 1701 1136 habet
1720 1101 1845 1136 omnis
1862 1099 2004 1137 habens
2023 1100 2184 1150 gratiam
2203 1128 2213 1146 ,
2242 1111 2382 1151 quam-

1262 1179 1287 1197 „
1317 1151 1374 1187 vis
1404 1164 1477 1187 non
1507 1153 1552 1188 sit
1583 1165 1702 1203 nsque
1732 1155 1771 1189 in
1795 1152 1910 1190 finem
1929 1162 2263 1203 perseveraturus.
2295 1151 2382 1189 Alio

1260 1232 1287 1251 „
1318 1204 1430 1240 modo
1457 1204 1647 1254 accipitur
1679 1207 1960 1255 perseverantia
1977 1235 1988 1252 ,
2018 1215 2128 1257 prout
2148 1214 2200 1243 est
2213 1206 2383 1243 circum-

1260 1285 1287 1304 „
1316 1258 1453 1294 stantia
1481 1257 1662 1308 quaedam
1699 1258 1873 1304 virtutis,
1915 1258 2117 1308 designans
2181 1271 2381 1295 ermaneu-

1261 1339 1288 1358 „
1319 1311 1412 1347 tiam
1442 1310 1591 1346 virtutis
1624 1323 1740 1361 usque
1771 1310 1808 1346 in
1839 1309 1958 1346 finem
1988 1310 2105 1354 vitae5
2149 1272 2184 1345 g
2213 1310 2267 1346 sic
2297 1322 2382 1361 per-

1262 1392 1288 1412 „
1317 1363 1529 1400 severantia
1557 1375 1631 1401 non
1651 1363 1757 1400 estin
1773 1371 1953 1414 potestate
1969 1361 2144 1400 habentis
2158 1362 2356 1414 gratiam“
2372 1387 2385 1400 .

1320 1415 1408 1454 182.
1438 1413 1531 1466 Obj.
1564 1428 1601 1453 2.
1646 1414 1932 1454 perseverantia
1967 1430 1996 1457 ·a
2025 1424 2150 1454 nostra
2190 1414 2384 1452 voluntate

1260 1468 1476 1520 dependet;
1507 1482 1597 1506 nam
1627 1468 1667 1507 S.
1691 1468 1923 1521 Augustinus
1953 1469 2044 1507 Lib.
2073 1468 2122 1506 de
2151 1467 2387 1518 corrept.&

1259 1532 1367 1574 grat.
1397 1535 1483 1574 cap.
1507 1535 1543 1572 7.
1574 1522 1736 1572 probat,
1780 1521 1927 1560 nullam
1957 1535 2018 1560 eos
2056 1521 2198 1560 habere
2227 1534 2384 1559 excusa-

1260 1577 1403 1614 tionem
1421 1605 1431 1623 ,
1461 1576 1530 1627 qui
1558 1587 1635 1613 non
1665 1584 1931 1627 perseverant3
1961 1579 2152 1626 quoniam
2180 1583 2305 1623 potest
2326 1573 2384 1612 dt-

1262 1633 1327 1666 ci:
1357 1628 1474 1666 homo
1501 1631 1543 1664 in
1572 1640 1642 1676 eo,
1671 1628 1773 1679 quotl
1789 1628 1981 1666 audieras
1998 1658 2009 1676 ,
2037 1628 2312 1675 &tenueras,
2341 1630 2385 1664 in

1263 1695 1310 1720 eo
1336 1692 1640 1732 perseverares,
1679 1685 1713 1718 si
1741 1681 1856 1719 velles
1875 1707 1885 1718 .
1929 1679 1985 1718 Et
2027 1680 2075 1718 de
2104 1680 2206 1718 dono
2236 1693 2384 1730 persev.

1263 1749 1352 1787 cap.
1373 1734 1412 1773 6.
1442 1734 1600 1786 loquens
1628 1734 1998 1786 deperseverantia,
2029 1732 2098 1771 hoc
2113 1733 2192 1772 Dec·
2208 1733 2356 1770 donum
2374 1763 2384 1781 ,

1263 1787 1664 1840 ἰιιῳιίῐῖευρρῖὶσὶιεν
1692 1792 1863 1826 emereri
1893 1795 2044 1838 potest,
2088 1789 2221 1839 utique
2250 1787 2388 1826 nostris

1263 1841 1472 1894 precibus,
1501 1853 1590 1893 qnae
1622 1840 1672 1878 ab
1702 1841 1852 1880 arbitrii
1882 1840 2056 1879 libertate
2084 1839 2323 1893 dependent.

1327 1893 1414 1933 185.
1447 1893 1589 1945 Resp.,
1632 1895 1759 1946 primo
1802 1893 1871 1932 hoc
1901 1903 2170 1946 argumentum
2199 1902 2300 1932 certe
2330 1892 2384 1930 lo-

1265 1962 1356 1987 cum
1386 1959 1461 1985 non
1491 1945 1632 1985 habere
1663 1949 1702 1986 in
1732 1948 1974 1994 infantibus,
2016 1961 2182 2000 quorum
2213 1959 2386 1999 perseve-

1265 2004 1389 2040 rantia
1417 2002 1458 2039 in
1489 2000 1606 2038 finem
1637 2000 1851 2040 nullatenu-1
1879 2001 1930 2039 ab
1959 2012 2092 2038 eorum
2109 2000 2302 2038 voluntate
2322 2000 2387 2037 de-

1265 2055 1430 2107 pendet.
1462 2054 1613 2092 Deinde
1643 2055 1744 2106 quod
1775 2054 1816 2093 S.
1848 2055 2081 2106 Augustinus
2109 2054 2224 2091 dicit:
2267 2057 2309 2089 in
2338 2064 2385 2090 eo

1266 2118 1568 2158 perseverares,
1610 2111 1644 2144 si
1686 2107 1829 2154 velles,
1875 2106 2168 2157 intelligendum
2199 2114 2250 2143 est
2278 2105 2386 2157 juxta

1267 2162 1409 2213 saepius
1437 2160 1597 2210 repetita
1627 2158 1800 2210 ejusdem
1821 2160 2036 2211 principia,
2065 2160 2095 2196 si
2117 2157 2234 2197 velles
2255 2159 2388 2196 volun-

1265 2225 1351 2263 tate
1380 2227 1408 2252 a
1437 2211 1615 2250 Domino
1643 2222 1880 2263 praeparata
1898 2226 1964 2264 per
1980 2212 2184 2263 specialem
2202 2213 2390 2263 gratiam,

1265 2281 1342 2306 non
1371 2276 1498 2305 autem
1528 2267 1758 2314 ordinariis,
1802 2265 1836 2302 ἃ
1878 2267 2067 2303 consuetis
2098 2264 2171 2303 Dei
2200 2264 2390 2302 auxiliis.

1271 2321 1328 2360 Ea
1358 2330 1483 2358 antem
1507 2319 1622 2357 verba
1640 2349 1651 2368 ,
1679 2320 1905 2371 suppliciter
1925 2321 2114 2367 emereri,
2143 2317 2391 2369 intelligenda

1270 2385 1355 2413 sunt
1383 2375 1430 2412 de
1460 2374 1595 2410 merito
1626 2374 1754 2411 minus
1783 2373 1940 2424 proprie
1968 2371 2096 2419 dicto,
2125 2385 2218 2419 seu,
2256 2380 2296 2409 ut
2326 2383 2390 2408 vo-

1271 2439 1382 2475 cant,
1414 2426 1460 2465 de
1490 2439 1696 2478 congruo;
1739 2440 1827 2464 nam
1858 2425 2179 2478 perseverantiam
2208 2428 2281 2462 ‘’1'oe
2310 2437 2388 2461 me-

1270 2484 1353 2520 ritis
1384 2494 1458 2519 non
1490 2481 1618 2527 reddi,
1648 2479 1712 2518 sed
1741 2481 1857 2530 gratis
1885 2493 1907 2516 a
1928 2479 2010 2516 Deo
2038 2479 2199 2525 donari,
2227 2476 2389 2515 ostendit

1269 2535 1310 2574 S.
1342 2533 1511 2572 Thomas
1537 2546 1570 2570 1.
1593 2546 1629 2570 2.
1660 2547 1728 2585 qu.
1756 2532 1843 2577 114.
1874 2541 1944 2569 art.
1965 2545 2006 2583 9.
2037 2532 2126 2582 (a).
2154 2532 2330 2567 Ceterum
2347 2528 2389 2566 S.

1268 2589 1501 2640 Augustinus
1532 2587 1570 2624 in
1601 2587 1733 2624 eodem
1758 2585 1859 2624 libro
1888 2599 1974 2636 cap.
2006 2598 2084 2635 seq.
2114 2595 2184 2620 cur
2203 2582 2269 2619 alii
2302 2594 2389 2632 per-

1268 2649 1458 2688 severent,
1489 2638 1557 2678 alii
1588 2652 1660 2678 non
1678 2646 1938 2691 perseverent,
1960 2649 2031 2674 non
2062 2634 2289 2672 avoluntate
2320 2633 2389 2672 hu-

1269 2710 1403 2743 mana,
1434 2694 1496 2731 sed
1527 2691 1577 2731 ab
1595 2691 1832 2731 inscrutabili
1856 2691 2079 2726 divinorum
2100 2687 2331 2738 judiciorum
2350 2701 2390 2726 a·

1267 2749 1384 2796 bysso
1398 2746 1613 2799 dependere
1629 2747 1755 2783 docet:
1775 2742 1851 2780 Cur
1867 2740 1936 2778 hoc
1952 2739 2099 2779 <Ionum
2122 2744 2390 2794 (perseveran-

1269 2797 1365 2850 ti'ae)
1397 2802 1459 2839 ille
1475 2804 1676 2846 accipiat,
1708 2798 1770 2833 ille
1801 2808 1882 2831 non
1911 2799 2109 2843 accipiat,
2138 2803 2257 2845 puto,
2287 2793 2389 2842 quod

1270 2869 1429 2894 mecum
1450 2857 1600 2903 pariter
1623 2854 1751 2886 nescis
1771 2879 1781 2896 ,
1811 2850 1860 2888 (9¹
1876 2846 1994 2885 ambo
2024 2848 2084 2885 hic
2116 2847 2390 2885 inscrutabilia

1265 2909 1421 2962 judicia
1437 2907 1515 2945 Dei
1545 2913 1758 2954 penetrare
1787 2914 1868 2938 non
1897 2915 2129 2952 possumus.
2158 2901 2207 2939 Et
2233 2902 2389 2939 ulterius

1272 2959 1594 3015 perseverantiam
1627 2970 1703 2993 esse
1734 2954 1928 3007 peculiare
1957 2955 2101 2992 donum
2133 2955 2205 2992 Dei
2236 2968 2281 2991 ex
2314 2954 2389 2992 illis

1273 3015 1400 3053 verbis
1428 3011 1567 3051 Christi
1601 3008 1759 3047 Domini
1791 3008 1936 3059 colligit
1966 3008 2010 3045 ad
2029 3008 2069 3046 S.
2087 3007 2239 3046 Petrum
2272 3008 2386 3056 (Luc.

1273 3068 1402 3107 XXII.
1425 3065 1547 3112 32.):
1579 3092 1605 3111 ‚,
1637 3061 1777 3114 Rogavi
1808 3072 1930 3115 prote
1961 3059 2127 3114 (Petre)
2157 3075 2205 3099 ne
2234 3061 2388 3151 cie-{ciat

1278 3194 1439 3238 terminiis
1464 3202 1620 3245 pradicti
1646 3207 1752 3233 motus
1769 3222 1780 3240 ‚
1805 3198 1902 3232 cadi!
1923 3199 1980 3231 sub
1999 3201 2118 3231 merito
2134 3218 2145 3238 ‚
2168 3208 2389 3242 perseveran-

1278 3256 1326 3283 tiu
1352 3259 1460 3282 autem
1487 3253 1542 3281 νέα
1566 3260 1628 3281 non
1654 3248 1750 3279 cadit
1776 3247 1833 3279 sub
1860 3250 1980 3278 merito
1997 3266 2007 3283 ,
2039 3248 2116 3288 quid
2141 3244 2308 3287 <inpendet
2335 3254 2391 3273 so-

1278 3300 1343 3330 [mn
1369 3308 1410 3327 es
1437 3303 1581 3328 motmne
1607 3295 1724 3326 (livino
1745 3315 1755 3333 ,
1791 3305 1857 3336 ‹suae
1882 3301 1937 3324 est
1960 3293 2163 3334 111¹!rrC1'pir1m
2190 3294 2297 3321 onmis
2321 3298 2390 3318 nae-

1278 3352 1339 3375 rttt
1357 3365 1364 3372 .
1394 3342 1466 3374 Sed
1482 3341 1574 3374 Deus
1602 3350 1713 3386 gratis
1737 3346 1996 3382 perseverantzae
2021 3338 2134 3369 bonum
2153 3339 2298 3375 largiem-
2313 3333 2388 3365 cui-

1278 3401 1410 3435 cumque
1437 3389 1526 3422 illud
1550 3389 1719 3433 largitur.
1749 3383 1830 3419 vid.
1855 3385 1962 3418 etiam
1987 3384 2023 3416 in
2048 3394 2138 3427 resp.
2165 3381 2218 3414 ad·
2241 3391 2270 3411 1·

2227 3144 2256 3164 ²2
