2570 3745
941 155 1020 200 DE
1053 154 1262 200 Eiiizoii.
1295 153 1572 199 smmum.
2311 172 2361 210 „7

129 242 254 291 tibus,
281 240 454 294 primum
482 235 703 276 sententiam
732 248 840 274 suam
871 235 1045 288 pluribus
1074 235 1142 274 SS.
1159 236 1236 288 Cy-

127 296 281 350 priani,
310 292 522 340 Ambrosii,
550 287 807 342 Clirysostomi
825 319 836 338 ,
866 290 1106 342 aliorumque
1135 290 1235 327 testi-

129 348 251 387 monii
278 345 456 384 roborare
485 344 656 389 studuit5
687 351 769 395 post
797 351 923 380 autem
940 356 1095 382 auream
1125 341 1234 381 illam

127 407 300 439 veterum
328 397 483 436 Patrum
512 396 827 449 explicandorum
871 395 1042 447 regulam
1080 395 1235 434 tradidit

126 451 210 504 (de
235 451 418 503 proedest.
447 447 517 489 SS.
557 464 642 501 cap.
671 449 763 497 14.)
786 475 797 487 .
846 480 872 498 ,,
902 450 1014 497 Qui&
1032 463 1126 509 opus
1154 457 1235 497 est,

126 534 156 554 „
186 513 225 542 ut
252 517 382 543 eorum
412 511 624 542 scrutemur
644 502 827 554 opuscula
844 533 854 549 ,
884 504 950 554 qui
971 533 981 550 ,
1010 516 1234 557 priusquam

127 586 155 608 „
183 559 252 596 ista
280 557 435 595 haeresis
461 558 623 595 oriretur
641 587 651 604 ,
696 568 765 594 non
796 554 1008 593 babuerunt
1035 557 1235 595 necessita-

129 640 158 661 „
181 618 261 648 'tem
287 610 329 649 ⁴in
357 609 428 648 hac
457 609 608 648 difficili
629 609 674 647 ad
691 608 912 646 solvendum
928 611 1130 661 qiiaestiorie
1152 622 1235 646 vei·-

128 692 157 714 „
181 664 282 711 sari3
310 663 412 716 quod
442 663 572 715 procul
604 662 720 699 dnbio
743 663 928 707 facerent,
956 663 988 700 si
1010 662 1234 714 respondere

128 745 156 766 ‚,
185 715 322 755 talibus
351 714 598 768 cogerentur?
627 716 725 752 unde
754 716 895 752 facium
918 723 996 762 est,
1027 725 1066 752 nt
1085 715 1130 753 de
1149 729 1234 766 gra-

128 798 156 820 „
185 770 236 808 tia
256 769 331 808 Dei
357 770 452 822 quid
480 770 684 813 sentirent,
713 766 878 804 breviter
897 769 1235 819 qiiibaisdaniscri-

127 844 167 872 „1
184 831 338 875 ptorum
358 835 510 861 suorum
527 821 617 858 locis
634 848 644 866 ‚
666 817 944 857 &transeunter
961 823 1235 873 attingerent...

130 905 158 924 „
188 874 554 928 frequentationibus
582 878 707 910 autem
749 873 964 910 orationum
995 876 1235 926 apparebat,

130 957 157 978 „
185 930 305 980 gratia
333 928 405 966 Dei
433 925 526 979 quid
555 923 722 968 valeret3
765 936 836 960 non
864 926 968 961 enim
999 938 1237 976 poscerentur

129 1009 159 1030 „
188 995 211 1018 a
241 981 346 1030 Deo,
374 992 462 1033 quae
490 976 674 1029 praecepit
703 975 816 1024 fieri,
845 976 918 1014 uisi
947 977 996 1015 ab
1027 977 1093 1015 itio
1115 980 1237 1017 ‹lona-

130 1062 157 1082 „
185 1043 318 1082 retur.,·
345 1041 384 1070 ut
411 1032 568 1070 fierent.

184 1086 251 1124 88.
280 1083 419 1124 vitalis
446 1086 536 1122 item
565 1080 873 1134 Cartliaginensis
903 1082 942 1120 in
963 1082 1240 1135 Semipelagia-

125 1151 265 1179 norum
292 1149 434 1176 errores
462 1135 590 1188 lapsus
619 1144 698 1183 est,
727 1149 843 1186 quem
873 1135 913 1174 S.
936 1136 1034 1186 Aug.
1065 1136 1111 1173 ad
1141 1137 1242 1174 sani-

127 1200 241 1231 tatem
271 1190 434 1229 felic-iter
461 1190 652 1228 revocavit
681 1188 804 1240 (Vid.
835 1190 942 1240 epist.
969 1189 1158 1228 ccxvii.
1188 1188 1240 1227 al.

131 1256 221 1296 ¹⁰7·
249 1258 339 1282 ann.
368 1244 471 1282 circa
490 1242 638 1294 4¹27.).
667 1243 711 1280 in
742 1244 967 1280 monaste-rio
987 1244 1102 1281 etiam
1117 1243 1241 1282 Adru-

127 1298 270 1336 metino
298 1296 363 1349 (a)
394 1296 510 1335 fuisse
551 1295 702 1349 aliquos
729 1295 1036 1348 Semipelagiana
1076 1295 1240 1348 fuligine

122 1351 262 1389 tinctos
278 1380 287 1398 ,
315 1348 510 1402 colligitur
537 1361 582 1387 ex
601 1349 766 1387 dissidiis
786 1349 930 1386 ibidem
952 1351 1088 1388 exortis
1104 1380 1115 1398 ‚
1144 1362 1239 1402 qno-

126 1415 215 1441 rum
245 1403 329 1440 liaec
357 1415 470 1440 cansa
499 1403 598 1441 fuit.
638 1402 739 1439 Cum
768 1400 880 1439 Felix
909 1401 990 1451 ejus
1017 1404 1239 1441 monasterii

125 1455 305 1495 alumnus
333 1454 523 1493 celebrem
552 1456 593 1493 S.
616 1454 713 1505 Aug.
743 1457 851 1506 epist.
880 1455 926 1492 ad
944 1456 1094 1493 Sixtum
1126 1455 1239 1505 (164.

125 1507 180 1548 nl.
215 1508 338 1556 105.)
367 1509 444 1546 suis
461 1507 680 1546 Conceliiiis
698 1508 937 1555 ostendisset,
967 1507 1049 1558 ejus
1080 1508 1239 1546 lectione

125 1560 302 1602 nonnulli
329 1560 471 1598 turbati
498 1565 611 1607 suns,
657 1561 795 1606 veriti,
824 1573 870 1596 ne
899 1573 944 1597 eit
973 1560 1142 1610 ejusdem
1173 1562 1238 1599 do—

128 1616 252 1654 ctrina
278 1621 594 1664 consequeretur,
623 1610 791 1649 liberum
808 1612 1010 1650 arbitrium
1026 1612 1134 1651 tolli.
1165 1614 1242 1651 Hos

126 1675 251 1706 autem
267 1666 380 1704 fuisse
394 1665 496 1703 Semi
502 1664 717 1718 pelagianos
731 1665 970 1703 ostendemus
985 1666 1144 1704 inferius
1161 1665 1216 1717 (b)
1228 1692 1240 1704 .

180 1719 251 1772 89.
282 1718 328 1757 At
355 1731 445 1757 vero
473 1731 547 1756 non
575 1716 697 1756 multo
724 1727 805 1771 post
835 1718 973 1770 majori
1003 1717 1158 1758 licentia
1172 1719 1241 1758 Se-

128 1772 476 1825 mipelagianismus
505 1771 672 1824 prodivit
701 1772 741 1810 in
769 1770 900 1810 Gallia
921 1802 933 1821 ‚
975 1772 1241 1812 obstetricante

129 1826 370 1878 potissimum
396 1824 507 1864 Joan.
535 1825 711 1864 Cassiano
747 1824 898 1864 Abbate
939 1828 1156 1866 monasterii
1199 1826 1240 1866 S.

178 1997 228 2034 ’(ιι)
254 1992 485 2029 Adi-amenum
511 1993 637 2028 civitas
661 2002 736 2028 erat
762 1994 797 2027 in
824 1994 943 2030 Africa
968 1995 1160 2029 Provincia²
1188 1997 1245 2030 131-

130 2051 266 2074 zacenie
290 2052 357 2074 non
376 2041 538 2086 ignobilis
554 2039 594 2074 ad
608 2052 706 2074 oram
724 2042 831 2075 maris
851 2040 1097 2076 mediterranei
1113 2055 1124 2083 3
1151 2055 1245 2077 nunc

132 2086 349 2121 Maliometes
373 2096 543 2128 vocatur,
571 2090 601 2119 δι
626 2086 662 2119 in
689 2098 796 2131 regno
814 2089 1000 2123 'Punetano
1018 2089 1245 2134 comprehen-

130 2130 251 2166 ditur.
280 2132 360 2166 vid.
384 2134 545 2168 Norisius
574 2134 608 2166 in
635 2133 712 2167 Lib.
739 2135 765 2166 l.
790 2135 890 2169 Hist.
918 2134 994 2170 Pel.
1022 2147 1098 2180 cap.
1118 2137 1174 2169 23.

182 2180 230 2218 (6)
261 2180 310 2213 De
337 2179 463 2214 horum
487 2178 711 2213 dissidiorum
737 2181 870 2225 epocha
894 2183 1002 2215 variae
1021 2191 1101 2215 sunt
1127 2182 1245 2216 erudi-

131 2232 253 2258 torum
276 2226 455 2270 opiniones
473 2249 481 2258 .
520 2226 689 2260 Batonius
711 2237 791 2260 eain
816 2227 891 2272 figit
918 2240 999 2262 ann.
1026 2228 1063 2270 4²
1074 2229 1106 2263 8.
1134 2229 1183 2262 ib.
1208 2242 1243 2263 n.

128 2281 195 2313 17.
223 2269 353 2306 Ludov.
381 2273 542 2307 Torellus
567 2284 648 2305 ann.
674 2270 756 2316 4¹7·
785 2274 819 2306 in
846 2275 941 2307 Soec.
967 2276 1114 2319 August.
1143 2275 1246 2310 Tom-

136 2316 188 2356 l·3
212 2317 296 2351 Nat·
322 2327 438 2352 autem
463 2317 661 2353 Alexander
687 2319 772 2352 Saec.
791 2319 832 2352 V.
860 2331 934 2365 cap.
954 2322 986 2355 3.
1007 2330 1072 2355 art.
1093 2321 1124 2353 fi.
1140 2324 1171 2364 ᾧ.
1190 2323 1222 2365 4.
1236 2344 1247 2363 ,

132 2365 171 2394 ὰ
195 2371 272 2407 post
297 2374 378 2397 eum
403 2364 563 2398 Norisius
589 2364 687 2397 Hist.
715 2364 786 2399 Pel.
822 2366 884 2400 lib.
904 2368 930 2399 Ι.
967 2379 1043 2412 cap.
1072 2367 1127 2400 23.
1154 2368 1246 2402 circa

136 2418 219 2440 ann.
245 2407 325 2449 424.
368 2408 434 2441 Sed
468 2409 580 2442 multo
603 2409 843 2452 probabilius,
877 2412 912 2445 ni
939 2414 1066 2455 fallor,
1104 2415 1246 2448 Ceilliei·

137 2453 232 2486 circa
257 2465 338 2486 ann.
365 2454 447 2497 427.

183 2503 232 2538 (c)
262 2499 314 2532 De
338 2499 414 2543 ejus
439 2501 552 2544 pau-ia
577 2496 676 2531 valde
702 2497 913 2536 dissentiunt
933 2505 1150 2549 Scriptores.
1176 2507 1247 2541 Alii

137 2544 337 2579 Romanum
363 2546 496 2580 faciunt
516 2568 528 2587 ‚
562 2545 691 2590 quibus
727 2547 938 2591 suffragatur
965 2551 1172 2584 Lainbecius
1211 2555 1247 2588 in

137 2589 231 2625 Bibl.
258 2591 414 2625 Casarea
452 2592 560 2627 Libro
579 2591 637 2625 lV·
677 2603 755 2636 pag·
786 2594 866 2636 373.
904 2607 991 2629 nova
1028 2596 1110 2630 edit.
1145 2602 1246 2642 ¹778-

133 2636 223 2671 duos
248 2637 382 2672 codices
409 2649 564 2674 asserens
580 2660 590 2680 5
616 2649 766 2681 quorum
793 2639 849 2674 llic
874 2650 926 2674 est
951 2643 1099 2676 titulus:
1150 2647 1247 2683 Aissz

135 2683 294 2731 §tore-12¹·
306 2686 399 2722 Ραμι
409 2681 444 2718 i‘n
466 2696 499 2718 κ.
521 2697 552 2717 τ.
577 2691 611 2719 λ.
636 2691 710 2716 tum
737 2686 803 2719 alia
830 2689 996 2731 opuscula
1021 2701 1101 2723 curn
1125 2688 1244 2723 eadem

136 2733 361 2776 inscriptione
375 2747 386 2766 ‚
403 2726 531 2772 quibus
550 2737 652 2762 usum
672 2730 777 2763 fuisse
791 2734 954 2776 opinatur
975 2734 1133 2769 Photiuin
1148 2758 1158 2776 ‚
1184 2737 1245 2782 qni

138 2779 271 2823 pariter
297 2771 332 2804 in
352 2784 413 2806 sna
431 2772 598 2807 Biblioth.
625 2774 699 2809 cod.
721 2780 797 2821 ¹47·
823 2780 1029 2814 Cassianum
1048 2782 1245 2816 Romanuin

139 2814 224 2850 dicit
238 2838 248 2848 .
274 2817 475 2853 Gennadius
488 2841 499 2860 ‚
523 2832 627 2865 quem
643 2824 746 2856 rnnlti
765 2837 806 2858 ex
823 2827 1074 2860 recentioribus
1094 2839 1246 2872 sequnn-

140 2869 227 2902 tur,
260 2875 340 2897 eum
376 2877 418 2899 ex
452 2866 579 2900 minori
606 2869 725 2913 Scytia
751 2872 921 2916 originem
950 2874 1096 2906 traxisse
1123 2873 1246 2908 scribit

145 2905 202 2940 De
227 2912 314 2943 viris
340 2913 472 2946 illustr.
498 2923 573 2959 cap.
599 2915 657 2948 61.
687 2916 798 2951 [aucas
827 2918 1026 2952 Holstenins
1053 2931 1129 2964 cap.
1146 2921 1178 2952 3.
1204 2919 1247 2952 ad

141 2954 280 2998 regulas
304 2957 556 3010 Nlonacliorum
581 2973 662 2995 enm
700 2962 806 2997 fnisse
831 2965 974 2998 Gallum
1011 2977 1081 2998 nen
1120 2966 1246 3009 ineptis

139 3010 356 3054 argumentis
380 3005 538 3040 evincere
563 3017 708 3042 conatur
724 3032 733 3041 .
760 3009 841 3044 Vid.
867 3013 970 3056 epist.
996 3009 1246 3045 AlardiGazaei

139 3057 322 3091 praemissa
347 3047 431 3083 edit.
449 3053 538 3097 opp.
553 3056 709 3088 Cassiani
737 3057 780 3091 ab
806 3059 878 3102 ipso
903 3060 1004 3091 i'actae
1031 3071 1121 3091 anno
1146 3059 1246 3101 1573-

187 3094 240 3133 (d)
265 3094 301 3127 P.
325 3095 380 3128 J0.
396 3097 550 3142 Baptista
577 3102 741 3147 Guesnny
769 3104 802 3137 in
829 3117 892 3137 suo
905 3105 1074 3138 Cassiano
1094 3107 1247 3138 illus-irc·-

137 3146 172 3172 ιο
197 3151 276 3174 enin
302 3142 346 3176 ab
371 3145 484 3178 omnis
510 3148 640 3181 erroris
666 3150 933 3195 Sernipelagi.=ni
961 3151 1097 3185 macula
1124 3162 1248 3195 purg-¹·-

138 3195 176 3218 η
202 3196 346 3222 conatus
370 3199 452 3231 est5
491 3193 546 3225 cui
581 3196 806 3230 consentiunt
831 3198 884 3230 Jo.
912 3199 1071 3231 Mariana
1098 3198 1159 3231 lib.
1188 3198 1245 3229 lii.

141 3232 184 3263 de
208 3243 313 3268 morte
327 3256 338 3275 ,
363 3239 405 3269 C‘J‘
424 3236 678 3274 immortalitate
691 3252 765 3287 cap.
786 3243 818 3276 ὃ.
834 3265 846 3284 ,
873 3243 1002 3288 aliique
1021 3245 1120 3288 pauci
1138 3265 1148 3284 2
1168 3255 1247 3276 (ΞΟΠ-

143 3282 198 3310 tu
221 3291 306 3323 ‘1¹¹03
333 3281 416 3315 Vid·
444 3284 598 3319 Thomas
623 3284 664 3320 (le
691 3287 812 3323 Lernos
839 3294 875 3323 in
899 3289 1067 3333 Pimoplia
1093 3290 1194 3324 Toni.
1220 3302 1246 3321 1.

144 3328 245 3374 tract.
266 3326 297 3358 5.
323 3339 398 3373 cap.
422 3342 474 3371 r.‚
500 3334 533 3364 ἃ
557 3333 779 3377 potissimum
804 3348 878 3381 cap.
897 3336 931 3378 4.
958 3340 989 3368 δε
1005 3337 1035 3369 5.
1051 3360 1063 3379 ,
1089 3336 1248 3369 Norisins

139 3367 222 3402 lub-
247 3372 290 3404 Il·
315 3374 406 3408 Hist.
431 3377 544 3420 Pelag.
569 3391 645 3424 cap.
676 3391 728 3421 1.‚
753 3385 785 3414 &
809 3383 844 3415 in
872 3381 1027 3429 Append.
1054 3381 1097 3416 ad
1116 3379 1245 3428 Synod-

250 3415 485 3478 Gazzaniga
517 3424 646 3467 Theoi.
677 3428 790 3468 Tom.
810 3428 879 3469 Vi.

1306 235 1498 281 Victoris,
1527 233 1576 270 ab
1607 233 1687 284 ipso
1707 231 1892 270 Massiliae
1922 236 2126 272 constructi
2157 234 2244 286 (c).
2276 233 2347 272 Hic
2378 235 2417 272 in

1304 287 1431 325 lucem
1461 287 1577 324 edidit
1608 286 1769 324 famosas
1801 284 2038 323 collationes
2070 287 2416 325 I’atriinzSceti'c0=-

1303 353 1415 386 rum,
1446 341 1485 377 in
1515 352 1681 391 quarum
1709 338 1967 377 decimatertia
1998 347 2115 378 totuin
2144 340 2419 392 Semipelagi'a-

1301 407 1362 431 na:
1395 391 1578 430 liaereseos
1608 394 1713 430 vii-ns
1749 392 1959 431 continetur
1989 391 2078 441 (ιί).
2126 393 2331 445 Aliquibus
2361 404 2415 432 ta·

1301 460 1390 487 ineu
1422 447 1547 485 visum
1573 454 1656 492 est,
1692 459 1782 484 cum
1810 444 1860 483 ab
1890 456 2016 482 errore
2047 445 2272 496 resipuisse:
2313 448 2416 500 quod

1302 500 1542 553 potissimum
1573 498 1662 536 colli
1694 507 1762 537 unt
1790 511 1834 535 eit
1863 510 1931 545 eo,
1960 496 2063 548 quod
2091 497 2134 536 S.
2164 497 2239 535 Leo
2267 502 2301 537 ei
2331 514 2418 552 pro·

1302 554 1471 593 vinciam
1503 561 1629 603 postea
1657 512 1944 590 demandaverit
1974 550 2189 588 Nestorium
2219 553 2418 591 confutan-

1302 606 1341 644 ἀί
1386 607 1473 656 (iia
1502 604 1704 643 Jansenius
1743 604 1832 644 Lib.
1864 602 1967 642 Xlll.
2009 603 2058 642 de
2086 602 2246 642 Hoeres.
2278 603 2418 658 I'elag.

1303 673 1390 712 cap.
1421 659 1524 710 9.).
2004 711 2011 718 ι
2068 709 2076 717 .
2112 709 2119 715 ¹

1355 725 1423 763 9⁰·
1452 711 1534 750 Sub
1565 710 1634 750 hoc
1663 712 1759 750 duce
1779 710 2078 764 semipelagiani
2108 722 2147 747 in
2174 717 2313 749 sectam
2333 724 2419 750 coa-

1303 764 1416 804 luisse
1446 767 1647 805 videntur.
1679 766 1781 803 Inter
1810 778 1870 803 eos
1899 774 2025 803 autem
2053 765 2228 803 omnium
2249 765 2421 803 maxime

1303 818 1483 858 excelluit
1511 820 1671 861 Faustus
1688 817 1857 870 Rejensis
1872 818 2084 872 Episcopus
2101 845 2112 864 ,
2140 827 2224 855 ante
2246 817 2423 856 Lirinen-

1305 873 1354 910 sis
1383 872 1542 921 Abbas,
1585 873 1652 925 qui
1692 874 1816 924 primo
1844 871 1885 910 S.
1916 873 2073 923 August.
2103 868 2314 909 doctrinam
2332 901 2342 919 ‚
2381 879 2423 909 ut

1306 926 1443 963 erroris
1472 935 1680 978 suspectam
1699 955 1710 974 ,
1753 939 1866 964 ausus
1906 934 1958 964 est
1987 922 2169 963 vellicare
2212 926 2282 975 (in
2312 925 2423 976 epist.

1306 978 1353 1015 ad
1383 978 1604 1025 Gratiun);
1633 979 1770 1016 deinde
1798 992 1883 1016 eam
1911 986 2041 1031 aperta
2070 975 2190 1015 fronte
2219 979 2423 1029 impugna-

1307 1031 1361 1067 vit
1391 1032 1429 1068 iu
1459 1032 1606 1070 duobus
1635 1031 1745 1069 libris
1775 1030 1823 1070 de
1841 1036 1999 1084 gratia,
2027 1031 2078 1071 (9-
2098 1029 2215 1069 lz'hero
2235 1030 2425 1070 arbitrio.

1309 1082 1391 1119 Hac
1420 1083 1466 1119 de
1495 1097 1608 1121 causa
1637 1084 1741 1122 illius
1768 1097 1884 1136 opera
1910 1098 1987 1123 non
2016 1085 2164 1132 minus,
2195 1097 2314 1137 quam
2333 1085 2425 1123 Cas·

1309 1134 1432 1182 sisui,
1476 1135 1628 1174 fuerunt
1659 1151 1682 1174 a
1710 1137 1864 1175 Gelasio
1893 1136 1996 1190 Papa
2037 1138 2206 1175 censorio
2246 1139 2425 1189 stigmate

1310 1187 1454 1235 inusta,
1484 1188 1699 1239 improbata
1723 1201 1856 1227 rursus
1885 1203 1907 1227 a
1934 1190 2081 1228 duobus
2097 1189 2243 1229 Gelasii
2272 1204 2423 1228 succes-

1309 1240 1458 1279 soribus
1486 1240 1692 1280 Hormisda
1723 1242 1781 1293 (in
1811 1256 1872 1293 ep.
1903 1242 1950 1279 ad
1966 1241 2240 1289 Possessorem)
2260 1243 2332 1290 ,ἃ
2354 1244 2429 1281 Fe-

1308 1292 1383 1331 lice
1401 1324 1410 1341 ,
1440 1307 1588 1333 necnon
1618 1310 1640 1332 a
1667 1294 1821 1346 Synodo
1848 1293 2062 1332 Pr-aesulurn
2085 1294 2265 1332 Africano
2282 1323 2292 1341 ,
2321 1294 2355 1330 δε
2385 1297 2427 1333 in

1306 1346 1485 1386 Sardinia
1514 1346 1748 1386 exulantium
1781 1349 1840 1399 (in
1870 1361 1930 1400 ep.
1951 1346 2162 1400 Synodica)
2180 1377 2191 1394 ,
2223 1347 2425 1399 impugna-

1308 1409 1344 1437 ta
1372 1409 1501 1439 autem
1530 1416 1552 1439 a
1580 1402 1621 1439 S.
1653 1401 1854 1453 Fulgentio
1884 1410 2026 1452 septem
2071 1400 2180 1438 libris
2210 1401 2266 1451 (e)
2286 1429 2296 1447 ‚
2342 1410 2425 1439 tuin

1308 1468 1330 1490 a
1359 1453 1428 1491 SS.
1459 1454 1572 1493 Avito
1588 1454 1821 1502 Viezmensi,
1852 1453 2068 1492 &Caesario
2084 1453 2288 1492 Arelatensi
2309 1479 2317 1490 .
2350 1455 2425 1491 lm—

1308 1518 1371 1544 mo
1400 1515 1552 1545 testatur
1581 1509 1692 1546 card.
1723 1507 1910 1545 Batonius
1950 1506 2030 1558 (ad
2061 1521 2153 1544 ann.
2184 1507 2307 1558 490.)
2341 1509 2427 1545 uni-

1308 1572 1460 1598 versum
1491 1559 1605 1612 plane
1632 1560 1767 1598 orbem
1795 1559 2032 1598 occidentem
2075 1569 2206 1598 contra
2240 1559 2427 1597 Faustum

1309 1612 1580 1657 insurrexisse3
1624 1615 1662 1651 in
1692 1614 1834 1650 oriente
1863 1621 1991 1650 autem
2009 1643 2019 1660 ‚
2062 1625 2139 1650 uon
2169 1611 2291 1650 solnin
2323 1613 2423 1650 Ado-

1310 1678 1396 1702 nem
1415 1694 1426 1713 ,
1456 1664 1490 1701 ἃ
1518 1665 1578 1703 Jo.
1609 1665 1878 1717 Presbyterum
1910 1664 2190 1703 Antiochenam
2212 1694 2223 1712 ,
2261 1665 2324 1702 sed
2352 1665 2426 1703 Or-

1308 1716 1490 1757 thodoxos
1519 1717 1597 1756 fere
1624 1732 1755 1757 omnes
1786 1717 1956 1769 ejusdem
1972 1717 2106 1756 Fausti
2134 1716 2254 1756 libros
2273 1716 2426 1769 rejecis-

1308 1784 1347 1810 se
1363 1770 1447 1876 (gif.)
1461 1798 1575 1865 llunc
1603 1827 1772 1878 sequitur
1801 1825 2026 1866 Gennadius
2056 1823 2428 1916 MassiliensisbPre·

2285 1892 2302 1916 s
2331 1892 2377 1930 y-

1314 1995 1357 2029 V.
1386 2005 1461 2038 esp.
1493 2003 1524 2026 2.
1540 2017 1550 2035 ‚
1586 1993 1732 2028 Ceillier
1757 1991 1870 2028 Tomo
1897 1994 1992 2027 xiii.
2017 1994 2081 2026 des
2106 2001 2196 2027 auct.
2224 1992 2325 2027 Eccl.
2350 2003 2426 2038 cap·

1315 2052 1346 2074 2.
1374 2049 1441 2074 art·
1471 2051 1499 2072 2.
1528 2043 1559 2080 ᾧ.
1580 2052 1646 2081 ¹r.,
1674 2041 1800 2073 Suarez
1829 2039 1961 2083 Proleg.
1989 2039 2032 2073 V.
2058 2041 2102 2072 (le
2126 2044 2243 2083 gratia
2268 2051 2344 2083 cap.
2363 2038 2423 2079 6.,

1315 2087 1476 2120 l'etavius
1502 2085 1600 2119 Hist.
1621 2085 1740 2130 Pelag·
1767 2097 1841 2130 cap.
1859 2098 1891 2129 7.
1918 2086 2063 2119 Vossius
2080 2086 2188 2119 Libro
2211 2087 2237 2119 1.
2259 2084 2428 2119 Hist.Pe-

1314 2135 1383 2178 lag.
1410 2145 1440 2165 c.
1471 2143 1502 2174 7.
1520 2153 1531 2172 ‚
1557 2132 1688 2175 aliique
1713 2133 1844 2176 passim
1861 2154 1869 2162 .

1360 2181 1407 2219 (e)
1435 2179 1569 2211 Horum
1594 2177 1766 2211 libroruin
1792 2177 1924 2210 mentio
1961 2175 2110 2209 liabetur
2143 2177 2178 2210 in
2215 2188 2270 2222 ep.
2295 2175 2427 2221 Synod-

1313 2227 1375 2260 Pi‘.
1402 2225 1650 2259 Africanorum
1668 2245 1678 2264 ,
1718 2232 1792 2256 tum
1824 2221 1916 2267 apud
1942 2221 2114 2255 Isidorum
2141 2223 2274 2267 Hispal.
2312 2225 2356 2256 de
2382 2225 2430 2256 il-

1314 2275 1395 2307 lust.
1424 2272 1557 2314 Sci-ipe.
1593 2281 1622 2303 c.
1653 2270 1732 2312 14,
1769 2268 1859 2313 apud
1888 2266 2091 2302 Facundum
2119 2267 2301 2301 Hermian.
2328 2268 2431 2301 initio

1314 2319 1412 2353 Labi-i
1439 2319 1515 2350 adv.
1532 2316 1724 2349 Mucianam
1742 2331 1754 2353 ;
1782 2318 1812 2347 δι
1827 2313 1918 2360 apud
1932 2313 2202 2348 Gotliescalcum
2216 2315 2250 2347 in
2265 2327 2326 2349 sua
2340 2316 2432 2348 Con-

1304 2366 1494 2411 sessione.
1534 2364 1672 2398 Hieron.
1703 2361 1889 2406 Vignerius
1915 2372 1972 2393 eos
1995 2360 2082 2393 olim
2108 2370 2284 2406 repererat
2306 2382 2316 2401 ‚
2351 2373 2431 2395 eos-

1313 2410 1461 2455 demque
1486 2407 1608 2442 edendi
1637 2419 1733 2453 spem
1762 2406 1916 2446 fecerat,
1943 2405 2000 2440 sed
2026 2417 2105 2440 enm
2130 2419 2224 2441 mors
2244 2407 2430 2441 subsecuta

1315 2457 1498 2502 impedivit
1517 2478 1526 2487 .
1563 2453 1667 2489 Caril.
1706 2462 1824 2487 autent
1849 2454 1966 2487 Bonna
1993 2453 2028 2485 in
2051 2453 2152 2498 epist.
2178 2451 2220 2486 ad
2247 2453 2429 2487 Nicasinm

1319 2507 1376 2545 (in
1402 2501 1484 2536 edit.
1501 2499 1648 2534 Taurin-
1675 2512 1730 2533 an.
1751 2500 1855 2543 1755.
1870 2510 1948 2544 pag.
1970 2505 2076 2542 299.)
2101 2499 2228 2538 refert,
2253 2500 2319 2532 sibi
2341 2499 2428 2532 fuis-

1314 2563 1349 2585 se
1375 2550 1546 2593 scriptum
1571 2547 1615 2581 ab
1641 2547 1759 2592 aliquo
1779 2546 1963 2580 parisiensi
1979 2546 2150 2585 Doctore‚
2176 2553 2252 2589 post
2278 2553 2428 2577 mortem

1315 2595 1474 2641 Vignerii
1499 2605 1556 2627 eos
1591 2592 1755 2627 incidisse
1790 2593 1824 2626 in
1861 2604 1984 2626 maniis
2009 2591 2159 2624 liominis
2196 2588 2364 2623 doctrinae
2391 2591 2427 2624 S.

1316 2640 1491 2687 Fulgentii
1518 2640 1664 2673 minime
1691 2639 1793 2673 amici
1812 2651 1826 2679 3
1858 2639 1902 2672 al)
1938 2648 2044 2680 eoque
2071 2646 2198 2668 maflno
2222 2636 2428 2688 reipublicae

1313 2689 1497 2722 litteraria!
1523 2685 1651 2720 damno
1679 2686 1785 2719 fuisse
1811 2684 2007 2718 combustos
2025 2704 2032 2712 .
2070 2681 2151 2714 Vi‹.
2179 2679 2366 2726 Fogginius
2393 2683 2429 2715 in

1312 2735 1412 2781 prect'.
1439 2733 1480 2768 ad
1507 2733 1610 2766 Toni.
1640 2735 1663 2765 Ι.
1691 2734 1779 2776 opp.
1808 2732 1841 2762 S.
1871 2727 2043 2770 Fulgentii
2073 2728 2192 2760 Roma-
2223 2728 2324 2770 1760.

1363 2781 1425 2825 (f)
1455 2779 1555 2825 Quod
1582 2784 1636 2817 si,
1664 2778 1775 2821 inquit
1803 2773 2033 2806 Bellarminns
2053 2773 2130 2806 Lib.
2154 2773 2212 2807 vt.
2238 2775 2282 2808 de
2306 2787 2359 2819 gr.
2387 2780 2429 2807 (Γ

1313 2827 1375 2862 lib.
1400 2828 1471 2861 arb.
1499 2838 1528 2860 c.
1550 2825 1603 2864 4.,
1631 2828 1679 2856 eii·
1704 2823 1928 2854 doctissimas
1950 2818 2104 2852 Ruardus
2120 2817 2290 2864 Tapperus
2310 2822 2430 2853 obser-

1313 2883 1425 2908 vasset
1443 2895 1453 2914 ,
1479 2885 1544 2905 non
1561 2864 1634 2903 vtarn
1661 2879 1743 2910 sspe
1768 2863 1926 2898 Faustum
1951 2865 2168 2899 catholicum
2194 2871 2428 2901 nominasset.

1314 2919 1381 2954 Sed
1408 2920 1608 2964 ‘Papperum
1635 2914 1744 2946 nimio
1766 2910 2011 2957 disputationis
2037 2921 2124 2945 testu
2161 2921 2282 2946 contra
2309 2913 2426 2948 Nova-

1315 2974 1408 3001 tores
1434 2966 1617 3008 abreptum
1646 2962 1676 2991 in
1699 2959 1817 2992 Fausti
1840 2955 2039 2992 doctrinam
2065 2958 2251 2993 inclinasse
2267 2981 2279 3000 ,
2302 2971 2356 2993 res
2375 2969 2428 2994 est

1316 3011 1407 3058 apud
1431 3009 1586 3044 eruditos
1609 3007 1680 3039 fere
1705 3013 1881 3050 comperta
1897 3025 1905 3035 .
1945 3002 2026 3036 Vid.
2055 3004 2292 3051 Praeloquium
2320 3006 2428 3040 Nico-

1316 3058 1360 3092 lai
1387 3053 1556 3101 Petitpied
1583 3051 1624 3085 ad
1649 3062 1754 3097 opera
1778 3049 1946 3085 Antonini
1968 3050 2151 3094 Reginaldi
2179 3064 2212 3097 p.
2237 3051 2427 3086 11.Fausti

1316 3104 1422 3138 libros
1449 3111 1574 3145 magno
1599 3099 1633 3131 in
1658 3098 1771 3143 pretio
1795 3097 1958 3131 habuisse
1984 3096 2125 3131 videtui·
2143 3100 2250 3132 etiarn
2270 3099 2427 3139 Moliri-1,

1317 3159 1354 3184 tit
1381 3149 1553 3194 praecipue
1579 3153 1712 3178 constat
1737 3155 1778 3177 ex
1804 3143 1880 3189 ejus
1907 3143 2102 3177 Concordia
2130 3156 2162 3189 p.
2184 3147 2239 3178 23.
2259 3154 2327 3178 art.
2347 3145 2381 3188 4.
2397 3148 2427 3176 &

1320 3196 1351 3228 5.
1377 3194 1466 3238 disp.
1494 3194 1518 3225 1.
1553 3191 1712 3225 membro
1736 3191 1828 3230 ult.,
1867 3188 1909 3223 ad
1934 3202 2040 3234 quem
2073 3192 2219 3224 fortasse
2236 3213 2246 3231 ‚
2282 3191 2426 3235 ejusque

1315 3239 1512 3274 defensores
1535 3235 1683 3282 digitum
1711 3234 1911 3270 intendebat
1940 3236 2104 3270 laudatus
2139 3249 2217 3270 mox
2246 3238 2426 3271 Bellarini-

1317 3298 1381 3320 nus
1397 3307 1408 3326 ,
1433 3282 1517 3318 dum
1541 3294 1642 3329 opere
1667 3285 1710 3317 de
1725 3282 1974 3327 Script·F.ccl.
2001 3291 2187 3328 postquam
2213 3284 2334 3316 multis
2347 3294 2426 3327 pro-

1316 3332 1454 3374 basset,
1479 3330 1645 3364 Faustum
1673 3342 1754 3364 curn
1779 3329 2062 3374 semipelagianis
2088 3341 2245 3370 errasse,
2271 3331 2317 3361 ita
2344 3339 2427 3360 con-

1315 3377 1447 3414 cludit:
1475 3376 1554 3411 Haec
1579 3379 1760 3412 admonere
1787 3377 1875 3411 volui
1892 3384 2031 3421 propter
2045 3378 2203 3421 aliquos,
2228 3379 2281 3419 isui
2307 3381 2425 3407 nostro
