2562 3694
237 171 316 221 ¹¹9²

170 273 197 293 „
228 253 263 280 ta
284 251 357 291 est,
387 249 426 280 ut
455 238 560 279 nulla
589 240 629 279 in
658 255 702 279 ea
732 241 834 280 velut
863 241 1093 280 lineamenta
1123 252 1290 281 extrema

168 325 195 346 „
225 296 536 334 remanserint’'.

227 351 314 402 149.
345 348 531 395 Praeterea
560 347 598 385 in
627 348 734 401 epist.
763 348 938 387 CXLIV.
956 379 967 398 ,
997 349 1092 387 alias
1121 349 1286 386 CXXX.

166 404 215 442 ad
245 406 429 442 Cirtenses
469 401 630 454 loquens
670 402 716 439 de
746 401 974 450 Polemone,
1017 416 1130 453 quem
1162 402 1289 439 Xeno-

163 466 284 495 crates
303 457 349 494 de
370 457 477 508 fruge
496 457 756 508 temperantia>
778 456 1004 507 disputando
1019 484 1030 502 ,
1060 467 1135 492 non
1165 455 1287 493 solum

162 510 384 559 ebriosum,
429 523 563 548 verum
593 511 709 548 etiam
745 518 832 548 tunc
866 510 1044 554 ebrium,
1089 508 1133 545 ad
1167 522 1286 546 mores

161 565 256 603 alios
285 562 490 611 convertit,
521 565 667 616 inquit:
699 564 986 612 „Quamquam
1018 560 1083 597 ille
1104 574 1179 599 non
1202 563 1285 599 fue-

160 648 189 668 „
218 617 267 655 rit
297 617 379 655 Deo
408 619 641 670 acquisitus,
676 617 738 653 sed
769 622 913 652 tantum
944 629 964 651 a
995 614 1190 652 dominatu
1221 616 1279 652 lu-

159 701 188 723 „
217 671 342 708 xnriae
373 669 582 718 liberatus,
625 679 750 707 tamen
793 681 840 704 ne
870 667 907 704 id
938 669 1064 718 ipsum
1094 670 1280 720 quidem,

157 755 186 774 „
216 725 318 776 quod
348 723 485 762 melius
513 725 552 760 in
582 736 624 758 eo
662 721 806 758 factum
846 729 924 768 est,
970 720 1138 758 humano
1173 724 1279 774 operi

154 808 184 829 „
216 777 460 815 tribuendum
492 784 565 823 est,
595 775 657 812 sed
686 774 844 812 divino.
881 773 1016 812 Subdu
1046 783 1183 812 autem
1214 775 1281 812 lzu-

154 861 183 882 9,
216 833 279 877 jus
307 835 363 867 rei
392 833 581 866 invictam
610 830 810 865 rationem
828 858 838 876 ,
875 831 969 878 quia
998 831 1031 865 si
1060 827 1164 866 loona
1195 842 1279 867 cor-

152 915 181 935 „
208 879 313 934 'poris
343 896 413 920 non
443 891 528 921 sunt
557 882 631 919 nisi
660 894 704 918 ex
734 881 817 919 Deo
845 890 1035 930 creatore,
1079 881 1113 918 8<
1157 884 1279 935 perfe-

210 945 309 974 ctore
338 944 506 986 naturae,
535 943 679 988 quanto
708 937 827 986 magis
858 937 977 973 animi
1007 936 1106 974 bona
1135 937 1278 974 donare

209 988 338 1027 nullus
367 989 465 1027 alins
495 988 638 1042 potest?
668 988 857 1027 Similiter
875 994 999 1027 etiam
1020 993 1061 1027 ἱη
1082 988 1197 1028 Libro
1219 991 1277 1029 De

208 1044 388 1095 patientia
417 1057 507 1095 cap.
521 1042 583 1082 26.
611 1047 849 1093 patientiam
879 1042 1125 1081 schismatici
1153 1043 1276 1083 homi-

206 1100 295 1145 nis,
323 1101 389 1148 qui
418 1112 462 1135 ne
490 1096 684 1136 Christum
715 1107 850 1149 neget,
888 1099 1029 1150 patitur
1059 1097 1276 1136 tribulatio-

206 1164 271 1187 nes
288 1180 298 1198 ,
320 1153 509 1202 angustias
528 1181 538 1199 ,
571 1152 712 1189 famem
731 1181 741 1199 ,
772 1152 982 1189 nuditatem
1002 1181 1011 1199 ,
1044 1154 1275 1202 persecutio·

204 1218 318 1252 nem,
350 1205 549 1255 pericula,
593 1219 791 1254 carceres,
835 1204 1011 1253 vincula,
1057 1214 1271 1256 tormenta,

201 1258 400 1309 gladium,
432 1259 491 1297 vel
523 1258 727 1307 flammas,
772 1259 832 1297 vel
861 1260 1025 1307 bestias,
1056 1259 1116 1297 vel
1147 1261 1272 1312 ipsam

204 1326 358 1350 crucem
376 1343 386 1362 ,
430 1313 566 1351 timore
594 1312 852 1364 gehennarum
871 1344 881 1363 ,
911 1326 992 1351 non
1022 1311 1172 1351 dubitat
1201 1327 1271 1364 αρ-

198 1367 351 1417 pellure
380 1366 522 1405 donum
542 1367 635 1406 Dei:
666 1372 724 1405 ι’ῐιι
744 1377 886 1405 tamen
916 1377 955 1404 ut
977 1367 1268 1420 intelligamus,

200 1418 278 1458 alia
307 1434 383 1458 esse
413 1421 486 1459 Dei
529 1421 629 1459 dona
671 1421 842 1459 filiorum
887 1421 992 1460 illius
1026 1420 1266 1470 Jerusalem,

140 1502 169 1522 „
199 1487 287 1526 quae
317 1488 469 1513 sursum
499 1484 580 1524 est,
611 1474 732 1513 libera
763 1484 882 1513 mater
912 1484 1035 1513 nostra
1054 1475 1101 1512 ”.
1146 1477 1266 1527 Agno-

140 1528 209 1564 scit
240 1529 353 1580 igitur
376 1529 633 1581 Augustinus,
665 1530 777 1567 etiam
810 1531 847 1566 in
881 1528 1104 1568 infidelibus
1134 1529 1266 1581 aliqua

138 1593 255 1632 opera
283 1581 386 1620 bona,
415 1582 662 1631 laudabilia,
693 1583 726 1619 8<
756 1581 833 1620 Dea·
864 1582 1002 1628 donum
1033 1598 1075 1620 ea
1106 1597 1264 1635 nempe,

137 1648 226 1686 quae
258 1649 377 1688 pravo
406 1636 484 1674 fine
515 1638 713 1690 inquinata
743 1650 815 1673 non
845 1646 950 1684 sunt,
981 1637 1070 1674 licet
1099 1651 1174 1675 non
1193 1639 1265 1675 sint

135 1701 181 1724 ex
210 1688 393 1728 charitate
421 1691 459 1728 in
493 1691 621 1728 Deum
655 1691 853 1735 ordinata;
897 1705 1061 1742 quaeque
1106 1692 1264 1742 proinde

136 1751 291 1792 possunt
321 1756 409 1780 cum
440 1742 479 1779 S.
502 1744 654 1779 Thoma
685 1745 815 1783 vocari
843 1757 960 1794 opera
990 1745 1091 1782 bona
1119 1748 1264 1794 imper-

124 1791 248 1844 fecta
266 1824 276 1841 ,
307 1808 381 1833 non
411 1803 535 1832 tamen
568 1796 710 1833 mala.

197 1848 278 1884 150.
309 1848 423 1884 Dices
445 1872 455 1884 .
486 1847 527 1884 Si
559 1847 599 1883 S.
635 1848 863 1897 Augustinus
887 1849 1099 1886 admisisset
1128 1848 1262 1900 hujus-

131 1900 237 1938 modi
259 1899 477 1937 infidelium
497 1913 612 1950 opera
632 1898 871 1951 imperfecta
888 1929 898 1948 ,
930 1913 1004 1937 non
1026 1909 1151 1937 tamen
1174 1915 1264 1937 ma-

133 1954 204 2002 la,
247 1954 457 1992 admisisset
489 1967 562 1992 nna
599 1967 686 1991 cum
717 1952 873 1990 ,Iuliano
916 1952 1119 2003 pelagiano
1147 1967 1264 2004 opera

131 2006 234 2047 bona
251 2038 262 2055 ,
290 2008 352 2045 sed
382 2008 557 2056 sterilia,
588 2006 637 2047 &
667 2004 918 2058 infructuosa
936 2021 951 2051 ,·
979 2014 1015 2043 at
1038 2019 1126 2044 vero
1146 2007 1195 2044 ab
1216 2009 1263 2046 iis

131 2062 374 2099 admittendis
404 2060 659 2100 alienissimus
689 2061 760 2098 fuit
788 2059 829 2099 S.
861 2059 1027 2109 Doctor,
1073 2070 1111 2098 ut
1141 2060 1262 2112 liquet

131 2128 177 2152 ex
209 2117 276 2163 iis,
307 2130 394 2167 quae
426 2129 470 2153 ex
486 2115 573 2154 Lib.
591 2113 658 2152 IV.
682 2123 786 2153 cont.
807 2113 1012 2152 sulianum
1042 2128 1127 2166 cap.
1146 2115 1183 2153 5.
1200 2129 1259 2153 su-

129 2182 199 2223 pra
231 2169 432 2208 retulimus
461 2184 497 2208 n.
520 2168 606 2208 158.

192 2223 279 2261 151.
312 2222 452 2276 Hesp„
490 2225 622 2276 utique
651 2223 693 2263 S.
724 2223 978 2275 Augustinum
1008 2224 1165 2262 omnino
1195 2237 1258 2261 ex·-

128 2275 286 2328 plosisse
317 2277 402 2316 illas
431 2279 613 2325 virtutes,
658 2276 691 2312 8(
719 2279 982 2329 operationes,
1026 2277 1141 2315 bonas
1170 2279 1256 2330 qui-

128 2330 218 2368 dem
236 2361 246 2379 ,
277 2331 338 2369 sed
368 2333 547 2380 steriles,
576 2331 609 2367 ἃ
640 2329 936 2382 infructuosas,
966 2346 1061 2384 quas
1080 2331 1256 2370 ¹lulianus

128 2386 516 2432 comminiscebatur3
546 2384 750 2436 explosisse
780 2388 935 2438 inquam
965 2384 1071 2437 juxta
1101 2399 1257 2439 perver-

128 2452 210 2476 sam
241 2437 412 2477 haeretiei
443 2438 608 2477 hominis
646 2438 966 2491 intelligentiam3
1009 2452 1084 2478 non
1126 2450 1258 2480 autem

126 2491 323 2540 absolute,
367 2491 401 2528 8(
430 2493 477 2531 ad
505 2506 656 2531 sensum
685 2503 855 2532 nostrum
874 2520 885 2531 .
934 2492 1123 2531 Videlicet
1165 2508 1258 2532 cuin

126 2544 322 2598 Pelagiani
352 2560 475 2599 neque
514 2556 713 2599 peccatum
755 2546 944 2599 originale
987 2558 1257 2599 agnoscerent,

125 2613 253 2653 neque
281 2603 414 2653 gratiae
445 2601 602 2640 actualis
633 2601 889 2639 necessitatem
911 2602 958 2640 ad
978 2602 1075 2639 bene
1096 2615 1257 2655 operan-

124 2653 248 2701 dum3
277 2655 517 2693 admitterent
545 2665 672 2693 tamen
703 2656 955 2693 necessitatem
987 2655 1099 2704 fidei,
1129 2656 1256 2694 chari-

126 2709 212 2747 tatis
233 2739 244 2758 ,
287 2709 320 2745 ἃ
361 2711 492 2761 gratiae
526 2709 730 2747 habitualis
759 2710 805 2747 ad
836 2719 1019 2748 aeternam
1050 2709 1255 2748 beatitudi—

125 2774 214 2799 nem
247 2764 286 2801 in
316 2763 417 2800 coelo
446 2763 775 2817 consequendam:
819 2762 909 2801 hinc
947 2765 985 2801 vi
1024 2763 1135 2815 impii
1167 2765 1253 2812 sui,

127 2813 162 2849 ἃ
192 2815 290 2854 male
318 2819 568 2856 consarcinati
599 2818 812 2870 systematis
842 2830 885 2855 eo
914 2817 1184 2868 adigebantur,
1215 2827 1256 2856 ut

128 2869 399 2909 confiterentur
419 2903 430 2920 ,
474 2871 624 2924 aliquos
653 2886 730 2910 esse
765 2871 936 2910 homines
965 2870 1176 2920 charitate,
1220 2871 1255 2908 8<

126 2923 248 2972 gratia
269 2923 456 2964 habituali
477 2927 670 2964 destitutos
685 2956 695 2974 ,
727 2938 801 2964 non
821 2934 949 2964 tamen
972 2926 1130 2978 impios;
1160 2938 1255 2978 quo-

125 2988 214 3013 rum
246 2988 440 3027 propterea
468 2982 626 3020 virtutes
655 2993 759 3018 werce
787 2990 905 3019 essent
923 3009 934 3028 ,
963 2988 1186 3018 nontamen
1207 2979 1255 3017 ad

128 3030 244 3066 vitam
277 3038 456 3071 aeternam
490 3034 691 3073 fructuosae
710 3064 721 3082 ,
751 3034 814 3072 sed
844 3033 1030 3077 steriles;
1074 3034 1172 3071 unde
1203 3043 1254 3072 et-

126 3084 204 3120 iam
238 3082 411 3120 homines
440 3089 622 3126 steriliter
664 3086 785 3125 bonos
814 3087 1089 3141 appellabant.
1134 3085 1252 3139 Ego,

126 3136 444 3189 inquitJulianus
473 3143 570 3190 apud
590 3142 845 3194 Augustinum
876 3141 959 3179 loco
987 3140 1093 3179 laud.
1126 3155 1161 3179 n.
1186 3141 1251 3179 55.

125 3191 313 3227 steriliter
350 3190 469 3228 bonos
507 3193 588 3233 <lta-t
625 3195 831 3243 homines,
875 3199 940 3246 qui
976 3207 1058 3234 non
1096 3204 1252 3246 propter

124 3243 260 3282 Deum
279 3244 479 3296 'faciendo
508 3244 637 3297 bona,
667 3263 756 3301 quae
772 3249 970 3301 farciunt,
1014 3262 1095 3286 ηοη
1126 3248 1176 3286 ab
1205 3262 1251 3287 eo

127 3302 250 3336 vitam
272 3307 563 3350 consequuntur·
582 3311 782 3341 oeternum
799 3331 810 3342 .
842 3304 943 3343 Hinc
974 3304 1109 3341 merito
1129 3305 1252 3356 suspi-

126 3352 284 3390 cabatur
316 3352 575 3405 Augustinus,
606 3353 672 3392 hos
686 3355 905 3407 Pelagianos
935 3359 1085 3396 tertium
1116 3371 1252 3409 quem-

124 3406 213 3445 dam
242 3407 434 3448 adstruere
463 3409 502 3449 in
525 3407 642 3449 altera
672 3408 749 3451 vita
777 3411 905 3450 locum
936 3411 1156 3465 hujusmodi
1186 3410 1253 3451 ho-

151 967 179 988 ³³

149 1021 178 1041 92

149 1073 177 1093 2>

147 1127 176 1147 2²

147 1181 175 1200 2>

146 1233 173 1253 ⁵2

144 1287 172 1307 22

145 1341 172 1360 ³²

143 1395 170 1414 ³>

142 1449 170 1468 θ’

741 159 822 205 DE
858 159 1016 205 VIRT.
1050 160 1276 206 THEOL.
1310 163 1576 206 DISSERT.
1599 164 1677 206 ΙΙΙ.
1712 165 1840 208 CAP.
1863 167 1940 212 IV.

1360 243 1530 281 minibus
1561 244 1734 280 steriliter
1764 245 1873 282 bonis
1903 246 2156 286 destinatum·
2201 275 2226 295 „
2257 246 2318 285 An
2359 247 2481 300 forte,

1359 326 1386 345 ‚,
1416 296 1615 345 inquiebat
1644 310 1685 333 η.
1710 296 1772 335 26.
1803 298 1836 333 ἃ
1868 299 2016 336 istis..
2055 300 2245 339 Fabriciis
2274 301 2448 340 videlicet
2466 332 2478 351 ,

1359 379 1385 397 „
1415 348 1448 385 8(
1472 349 1650 401 Regulis,
1681 350 1713 386 St
1737 350 1868 388 Fabiis
1885 380 1895 398 ,
1928 350 1960 386 &
1981 351 2223 403 Scipionibus
2240 384 2250 402 ,
2281 355 2315 391 ὅ(
2333 355 2480 394 Camil-

1359 432 1385 451 „
1416 401 1489 450 lis,
1519 405 1728 455 ceterisque
1759 403 1929 452 talibus,
1959 405 2054 442 sicut
2077 406 2310 456 infantibus,
2339 410 2406 461 qui
2428 409 2479 446 si-

1358 485 1384 504 „
1415 470 1459 493 ne
1482 456 1707 508 baptismate
1729 459 1940 495 moriuntur
1956 488 1966 506 ,
1996 460 2184 510 provisuri
2205 462 2286 498 estis
2307 463 2480 514 aliquem

1356 538 1382 557 ‚,
1412 509 1539 547 locum
1563 511 1661 546 inter
1680 511 1989 560 damnationem,
2021 526 2258 563 regnumque
2276 515 2480 563 eoelorum,

1354 592 1380 611 „
1412 572 1450 599 ut
1481 577 1558 601 non
1588 564 1660 600 sint
1691 564 1729 601 in
1752 565 1926 613 miseria,
1956 565 2018 603 sed
2049 566 2089 603 in
2118 565 2352 606 beatitudine
2381 582 2479 607 sem-

1354 645 1379 664 „
1411 615 1625 668 piterna”?
1669 616 1756 655 lllas
1785 631 1872 669 ergo
1902 620 2057 659 virtutes
2085 618 2312 669 explodebat
2342 622 2473 673 Augu<

1348 672 1494 717 stinus,
1523 684 1617 721 quas
1646 670 1824 708 Julianus
1855 672 2014 724 quiden!
2041 673 2193 710 steriles
2222 686 2298 710 esse
2325 674 2476 714 dicebat

1348 723 1394 759 ad
1427 737 1586 774 regnum
1616 724 1803 762 coelorum
1834 726 2167 778 consequendum,
2211 726 2275 763 sed
2304 741 2391 778 quae
2422 737 2477 766 ta-

1351 789 1440 813 men
1478 776 1655 815 valebant
1696 778 1745 816 ad
1785 788 1969 816 aeternam
2018 779 2305 817 damnationem
2347 782 2470 819 vitan-

1349 829 1465 875 dam3
1506 831 1627 868 immo
1665 831 1713 868 ad
1754 831 2029 871 beatitudinem
2059 833 2187 871 nescio
2223 847 2341 884 quam
2375 833 2475 872 obtin

1348 884 1514 922 nendam
1534 910 1544 922 .

1408 939 1494 976 152.
1527 939 1565 975 ln
1596 951 1639 975 eo
1667 939 1781 977 etiam
1812 940 2030 991 turpissime
2059 938 2473 990 aberrabatJulianus,

1346 991 1448 1042 quod
1478 993 1566 1029 istas
1595 993 1750 1031 virtutes
1778 994 1931 1032 steriles
1973 994 2130 1045 quidem
2174 1008 2251 1031 esse
2292 993 2471 1043 volebat,

1346 1057 1461 1082 veras
1489 1054 1616 1084 tamen
1645 1046 1890 1098 appellabat,
1935 1047 1968 1083 δε
2011 1049 2051 1086 in
2080 1061 2146 1084 suo
2174 1061 2312 1099 genere
2338 1046 2471 1099 perfe-

1345 1106 1459 1146 εἴας,
1490 1099 1741 1152 quamobrem
1773 1101 2020 1139 contendebat
2042 1102 2204 1153 praemio
2233 1101 2392 1153 aliquo,
2421 1100 2471 1139 li-

1344 1162 1402 1189 cet
1432 1155 1554 1200 exili,
1592 1168 1669 1191 esse
1700 1156 2024 1193 remunerandas.
2070 1154 2110 1193 S.
2144 1156 2374 1206 Augustinus
2402 1168 2471 1192 an-

1340 1213 1417 1243 tem
1446 1217 1575 1245 contra
1605 1222 1694 1245 eum
1731 1222 1819 1246 cum
1851 1208 2024 1246 Ecclesia
2053 1207 2250 1246 Catholica
2280 1208 2471 1260 negabat,

1341 1259 1428 1297 illas
1457 1263 1614 1299 virtutes
1643 1275 1719 1300 esse
1740 1274 1879 1307 vems3
1911 1262 1978 1298 hoc
2001 1263 2105 1299 enim
2135 1263 2288 1299 nomine
2319 1262 2470 1300 nonnisi

1339 1312 1420 1350 illae
1466 1316 1620 1352 virtutes
1663 1314 1851 1366 appellari
1897 1322 2077 1365 possunt,
2121 1327 2209 1365 quae
2241 1330 2263 1352 a
2293 1315 2369 1352 fide
2399 1328 2468 1366 per

1338 1366 1563 1405 charitatem
1593 1377 1772 1420 operante
1803 1368 2035 1420 procedunt.
2067 1365 2314 1415 Prudenter,
2346 1370 2471 1419 inquit

1337 1434 1405 1458 nu.
1433 1435 1492 1473 ¹9·
1523 1420 1692 1472 fortiter
1711 1452 1720 1469 ,
1751 1430 2050 1473 temperanter,
2080 1420 2129 1460 ὅ)
2153 1422 2262 1473 juste
2280 1451 2289 1468 ,
2320 1434 2371 1458 ac
2398 1432 2469 1471 per

1337 1472 1407 1511 7200
1437 1474 1617 1512 omnibus
1648 1480 1746 1514 weris
1775 1474 1974 1514 virtutibus
2013 1482 2144 1522 recte,
2188 1478 2468 1525 sapienterque

1334 1531 1420 1567 vicit
1449 1528 1712 1580 quifi'lelller
1740 1534 1848 1568 vivit.
1880 1529 1925 1568 Et
1956 1537 2153 1580 propterea
2169 1528 2367 1566 Julianum
2397 1541 2468 1565 sae-

1334 1596 1381 1633 pe
1413 1584 1627 1635 redarguit,
1673 1584 1775 1635 quod
1804 1585 1884 1622 sine
1913 1583 1988 1621 fide
2018 1595 2132 1620 veras
2169 1585 2325 1619 virtutes
2358 1594 2465 1631 pree-

1333 1635 1514 1675 timaret.
1547 1637 1595 1675 Et
1627 1651 1756 1675 ritrsus
1786 1652 1851 1675 nu.
1870 1640 1935 1675 25.
1965 1634 2058 1673 Non
2086 1645 2221 1686 potes,
2252 1635 2310 1674 illi
2340 1636 2434 1673 dicit
2452 1645 2474 1683 ‚‘

1331 1689 1498 1739 probare
1516 1721 1526 1737 ,
1570 1691 1673 1740 quozl
1701 1695 1782 1738 vis,
1826 1695 1950 1727 eciam
1981 1689 2164 1740 infideles
2207 1702 2320 1726 verns
2348 1701 2462 1738 posse

1331 1742 1476 1780 hahere
1504 1747 1682 1780 Virtutes.
1723 1743 1835 1790 Quod
1866 1744 2006 1794 saepius
2038 1742 2094 1779 illi
2122 1742 2284 1793 objicit.
2331 1743 2390 1780 Ab
2420 1755 2465 1779 eo

1332 1804 1458 1832 autem
1489 1808 1555 1833 nos
1585 1795 1926 1848 quamlongissime
1955 1796 2166 1843 distamus,
2209 1796 2301 1832 dum
2333 1796 2373 1831 in
2405 1796 2462 1832 in-

1332 1847 1512 1886 fidelibus
1543 1851 1723 1898 virtutes,
1755 1850 1788 1886 δε
1808 1849 2045 1901 operationes
2067 1849 2184 1886 bonas
2206 1850 2463 1899 agnoscimus,

1332 1915 1404 1939 non
1426 1911 1550 1940 tamen
1571 1916 1705 1951 veras,
1728 1904 1790 1941 sed
1812 1901 2070 1956 imperfectas
2086 1917 2101 1946 ‚·
2131 1901 2220 1941 licet
2242 1900 2350 1939 nulla
2372 1915 2461 1951 pec-

1331 1956 1405 1990 cati
1438 1954 1523 1992 labe
1554 1954 1846 2008 coinquinatas.

1392 2008 1478 2046 155.
1511 2008 1677 2047 Demum
1709 2009 1742 2045 8(
1774 2012 1810 2048 in
1841 2011 1909 2049 hoc
1940 2009 2073 2064 procul
2109 2025 2129 2048 a
2163 2023 2251 2048 vero
2280 2008 2360 2046 ibat
2388 2009 2458 2047 Ju-

1329 2058 1457 2099 lianus
1486 2075 1574 2100 cum
1593 2063 1668 2100 suis
1683 2065 1834 2102 asseclis
1852 2096 1861 2113 ,
1892 2065 1994 2118 quod
2015 2065 2272 2111 contenderet,
2306 2062 2370 2101 has
2391 2077 2456 2100 ve-

1328 2127 1390 2152 ras
1422 2116 1580 2153 virtutes
1610 2116 1724 2154 fuisse
1754 2119 1856 2167 apud
1887 2117 2060 2155 infideles
2089 2118 2264 2166 crebras,
2310 2116 2343 2151 8(
2381 2116 2458 2153 fre-

1328 2170 1616 2220 quentissimas:
1647 2199 1672 2216 „
1697 2169 1943 2207 Acerbissimi
1963 2199 1973 2217 ,
2003 2173 2125 2217 inquit
2156 2171 2397 2221 Augustinus
2416 2183 2460 2207 n.

1327 2252 1353 2271 „
1391 2222 1473 2271 16.,
1503 2224 1637 2274 gratiae
1656 2222 1770 2275 hujus
1800 2224 1951 2262 inimici
1971 2221 2148 2274 exempla
2167 2223 2277 2259 nobis
2296 2224 2459 2273 opponi-

1326 2305 1353 2326 „
1384 2278 1428 2315 tis
1458 2278 1691 2329 impiorum,
1721 2291 1816 2330 quos
1845 2278 1974 2315 dicitis
2003 2276 2148 2314 alienos
2178 2290 2199 2312 a
2228 2275 2306 2313 fide
2335 2275 2457 2312 abun-

1325 2360 1352 2380 „
1381 2331 1471 2368 dare
1501 2331 1733 2379 virtutibus,
1766 2333 1804 2369 in
1834 2331 1977 2384 quibus
2007 2332 2087 2368 sine
2108 2328 2296 2381 adjutorio
2323 2329 2461 2379 gratias

1327 2414 1354 2433 „
1384 2384 1508 2423 solum
1538 2394 1591 2422 est
1620 2394 1768 2423 naturae
1798 2386 1966 2434 bonum,
2004 2384 2092 2422 licet
2121 2382 2457 2435 superstitionibus

1326 2468 1353 2488 „
1384 2440 1675 2491 mancipatum,
1719 2440 1786 2492 qui
1817 2439 1904 2478 solis
1934 2439 2122 2477 libertatis
2152 2437 2332 2488 ingenitas
2364 2435 2459 2473 viri-

1327 2522 1354 2542 „
1384 2492 1482 2541 bus,
1513 2491 1547 2529 &
1577 2494 1840 2532 misericordes
1869 2493 2026 2540 crebro,
2059 2492 2090 2528 8<
2121 2491 2300 2537 modesti,
2329 2488 2363 2525 &
2393 2503 2458 2526 ca-

1325 2576 1352 2595 „
1381 2548 1425 2584 sti
1457 2548 1735 2597 inveniuntur,
1766 2547 1799 2584 81
1820 2547 2004 2587 sobrii''.
2034 2547 2175 2584 Contra
2205 2557 2293 2582 vero
2326 2542 2458 2595 Augu-

1326 2601 1443 2638 stinus
1474 2601 1697 2639 admittebat
1726 2602 1884 2654 quidem
1906 2601 2038 2654 aliqua
2054 2601 2092 2637 in
2115 2597 2334 2636 infidelibus
2352 2628 2362 2645 ,
2393 2597 2458 2635 sed

1324 2655 1558 2705 paucissima
1587 2655 1685 2693 bona
1713 2669 1856 2708 opera,
1896 2669 1984 2707 quas
2016 2667 2088 2692 non
2121 2661 2236 2690 essent
2268 2664 2385 2703 pravo
2414 2666 2455 2688 a-

1323 2707 1431 2761 liquo
1461 2707 1539 2747 fine
1570 2711 1842 2762 coinquinata3
1872 2709 2110 2760 potissimum
2132 2716 2258 2744 autem
2282 2705 2374 2742 vitio
2395 2718 2458 2741 su-

1323 2761 1499 2814 perbiae‚
1539 2765 1603 2801 cui
1633 2772 1830 2816 tamquam
1863 2762 1965 2800 idolo
1997 2762 2191 2814 praecipuo
2218 2759 2346 2796 omnia
2376 2757 2457 2796 alia

1323 2817 1418 2853 vitia
1448 2816 1729 2863 immolabant3
1773 2818 1872 2856 unde
1903 2815 2000 2854 illud
2030 2814 2189 2866 Virgilii
2231 2813 2278 2850 de
2316 2811 2456 2850 Bruto:

1327 2867 1429 2907 Vicit
1459 2884 1577 2908 amor
1604 2875 1770 2922 ptztrioe,
1801 2869 2045 2920 laudumque
2075 2873 2279 2906 immensa
2300 2864 2454 2917 cupido.

1324 2923 1416 2962 Vid.
1447 2924 1488 2962 S.
1519 2924 1748 2977 Augustinus
1779 2925 1866 2964 Lib.
1889 2924 1937 2961 V.
1969 2924 2017 2961 <le
2050 2921 2223 2961 Ct0.Dez·
2253 2935 2339 2972 cap.
2368 2932 2428 2957 12.

1384 2976 1471 3024 154.
1502 2979 1678 3017 Ceterum
1710 2981 1748 3016 in
1778 2979 1855 3016 alio
1884 2992 1992 3017 sen-u
2037 2993 2057 3015 a
2089 2976 2302 3027 pelagianis
2331 2974 2455 3010 omni-

1324 3044 1374 3068 no
1393 3032 1564 3081 di'verSO,
1596 3034 1848 3085 Augustinurn
1879 3046 1993 3084 opera
2025 3031 2204 3084 quaedain
2235 3028 2377 3065 sterilia
2407 3026 2454 3064 ad

1321 3086 1443 3124 vitam
1474 3095 1657 3124 aeternam
1690 3087 1728 3125 in
1760 3086 2042 3140 peccatoribus,
2073 3085 2105 3121 ἃ
2138 3081 2361 3122 infidelibus
2389 3079 2454 3115 ad—

1322 3140 1498 3188 misisse,
1543 3139 1754 3178 clarissime
1786 3150 1884 3192 patet
1915 3153 1960 3178 ex
1992 3140 2063 3187 iis,
2108 3152 2195 3190 qnae
2227 3135 2374 3186 scripsit
2403 3130 2452 3193 <le

1321 3192 1494 3244 Spiritu,
1525 3199 1574 3235 (J
1604 3196 1738 3233 littera
1767 3209 1853 3247 cap.
1878 3195 1941 3233 28.
1975 3193 2122 3243 „Sicut
2152 3192 2283 3235 enim,
2313 3191 2453 3235 inqfflt,

1322 3277 1347 3296 „
1379 3261 1451 3285 non
1481 3249 1697 3301 impediunt
1740 3265 1761 3287 a
1806 3251 1882 3287 vita
1927 3257 2067 3285 aeterna
2098 3246 2238 3297 justum
2269 3240 2452 3292 quaedam

1321 3331 1347 3350 „
1378 3311 1533 3354 peccata
1555 3303 1721 3343 venialia
1740 3334 1750 3351 ,
1782 3306 1862 3342 sine
1891 3302 2033 3356 quibus
2064 3301 2146 3337 haec
2176 3297 2254 3333 vita
2284 3294 2452 3354 non-du-

1323 3386 1350 3406 „
1381 3358 1502 3394 citur:
1533 3358 1585 3395 sic
1615 3359 1662 3396 ad
1693 3358 1854 3396 salutem
1887 3349 2183 3398 {eternammibil
2204 3357 2448 3399 pre-suntini-

1322 3440 1349 3462 „
1377 3412 1442 3463 pio
1471 3410 1604 3465 aliqua
1631 3412 1730 3452 bona
1759 3426 1902 3464 opera,
1940 3411 2017 3448 sine.
2047 3405 2188 3459 quibus
2218 3401 2451 3461 difficillime

2302 3486 2328 3506 ε)
2344 3468 2399 3497 Vl*
