2570 3745
211 181 228 207 1
247 169 304 222 94

149 243 184 280 81
215 243 360 281 efficaci
377 271 388 290 ,
434 253 553 293 quam
581 239 749 280 habebat
777 243 962 281 moriendi
992 257 1060 296 pro
1088 243 1261 287 Christ03

147 297 210 335 sed
241 304 366 347 postea
394 295 440 332 ad
469 296 763 344 ostendendum,
792 306 934 348 quanta
962 299 1008 335 sit
1037 297 1074 334 in
1094 298 1262 334 tentatio-

145 349 259 386 nibus
288 348 445 400 majoris
470 349 609 387 auxilii
637 350 860 398 necessitas,
900 363 976 387 non
1016 351 1118 388 dedit
1149 352 1182 387 ei
1214 349 1258 386 il-

145 401 224 440 lam
255 401 470 441 uberiorem
488 433 500 451 ,
529 403 801 456 fortioremque
829 403 1074 451 charitatem,
1103 416 1191 454 quae
1211 402 1258 439 ad

143 468 239 508 opus
264 456 541 509 complendum
567 459 777 496 necessaria
807 466 910 494 crat.

204 522 293 561 ¹09·
321 510 415 562 obj.
446 514 582 548 tertio.
611 511 651 549 S.
682 509 850 547 Thomas
880 511 916 546 in
938 509 1005 546 IV.
1029 507 1136 546 Sem.
1158 507 1258 546 Dist.

144 561 273 600 XVII.
302 577 369 615 qu.
401 577 438 602 2.
467 573 536 602 art.
574 578 605 602 1.
634 564 858 616 quaestiunc.
894 575 926 599 1.
956 562 1001 598 ad
1032 560 1070 598 G.
1104 560 1259 598 Contr'i-

143 619 224 664 ti0‚
266 618 421 669 inquit,
463 627 522 655 est
548 631 578 654 a
606 615 695 654 Deo
724 616 833 661 solo,
869 623 1067 663 {jacintum
1095 614 1151 650 acl
1167 613 1260 665 for-

141 683 257 707 mam
275 700 286 719 ,
333 684 414 722 qua
440 669 687 722 informatur
704 698 713 715 ‚
757 667 826 704 secl
854 675 1051 715 quantum
1090 667 1145 704 <iil
1173 667 1260 704 sub-

144 727 341 761 stantiam
372 734 485 761 actus
504 733 562 761 est
592 735 644 759 ex
666 720 784 758 libero
803 718 967 756 arbitrio
983 749 994 767 ,
1023 720 1071 760 ὠ·
1101 734 1128 758 a
1150 719 1258 770 Deo,

142 780 206 827 qui
234 786 420 828 operatur
448 781 489 814 in
517 774 697 814 omnibus
725 771 902 824 operibus
922 773 970 812 (θ’
1000 782 1180 824 riaturoe,
1211 776 1258 816 ξι)-

140 830 375 868 voluntatis:
404 844 492 868 cum
523 830 649 879 itaque
679 827 856 864 contritio
875 835 1063 878 quantum
1091 829 1139 865 ad
1168 829 1258 867 sub-

139 885 314 923 stantiam
358 883 527 921 includat
566 879 809 918 dilectionem
840 879 914 917 Dei
942 894 1057 932 super
1095 884 1224 921 omnia
1245 913 1256 931 ,

138 935 224 975 haec
253 936 431 983 dilectio,
461 934 590 985 judice
609 933 649 972 S.
673 933 851 981 Thoma,
882 936 951 972 erit
981 947 1024 971 ex
1055 934 1177 973 libero
1197 950 1256 974 ar-

135 989 254 1028 bitrio
282 990 359 1027 sine
387 989 530 1038 gratia,
560 987 594 1024 &
620 1001 712 1025 cum
741 985 820 1025 solo
840 985 908 1024 illo
936 1001 1123 1028 concursu
1143 1004 1255 1040 gene-

135 1042 207 1081 rali
226 1072 236 1089 ,
266 1055 343 1095 quo
371 1042 476 1080 Deus
503 1042 695 1080 concurrit
723 1041 770 1078 ad
799 1053 916 1093 opera
935 1051 1104 1091 naturae,
1134 1043 1167 1080 8(
1191 1058 1253 1084 vo-

135 1096 316 1133 luntatis.

195 1162 277 1186 110.
310 1147 449 1201 11035»,
493 1149 689 1188 verissime
717 1146 794 1187 dici
823 1162 845 1186 a
873 1147 914 1187 S.
946 1147 1124 1198 Thema,
1161 1165 1251 1190 con-

132 1203 326 1240 tritionem
343 1233 353 1251 ,
383 1211 572 1255 quantum
591 1204 637 1241 ad
660 1204 824 1241 formam
840 1231 851 1250 ,
881 1216 958 1255 qua
978 1204 1016 1241 in
1037 1204 1146 1242 nobis
1166 1219 1252 1256 gra-

131 1258 226 1294 tiam
269 1257 571 1295 sanctificantem
608 1257 811 1308 producit,
858 1270 937 1294 esse
965 1272 986 1295 a
1018 1257 1099 1295 Deo
1137 1260 1217 1296 solo
1239 1289 1251 1306 ,

133 1311 225 1361 quia
246 1309 346 1348 solus
368 1311 473 1348 Deus
501 1324 586 1348 eam
607 1311 771 1348 formam
792 1310 833 1346 in
855 1310 963 1348 nobis
985 1311 1121 1350 efficit.
1148 1311 1249 1350 Cum

131 1373 258 1401 autem
287 1363 440 1413 subdit,
469 1374 657 1416 quantum
685 1364 732 1402 ad
752 1362 1001 1402 substantiam
1031 1379 1107 1403 esse
1136 1379 1180 1403 ex
1203 1365 1249 1402 li-

128 1417 222 1455 bero
249 1418 434 1466 arbitrio,
465 1419 498 1454 δε
529 1433 551 1456 0
572 1418 680 1466 Deo,
710 1430 785 1455 non
807 1426 859 1454 est
878 1419 1090 1468 putandum
1109 1448 1119 1466 ,
1148 1419 1249 1470 quod

130 1472 178 1509 Sit
205 1485 227 1508 a
257 1471 337 1508 Deo
366 1484 434 1523 per
471 1471 594 1509 solum
622 1483 853 1509 concursum
893 1471 1109 1520 generalem
1128 1500 1139 1519 ,
1185 1471 1250 1509 sed

128 1537 197 1576 per
224 1524 385 1575 gratiam
403 1554 414 1573 ,
445 1533 659 1563 moventem
687 1523 858 1561 liberum
886 1523 1115 1571 arbitrium3
1154 1524 1249 1563 alias

131 1586 378 1630 sequeretur,
416 1577 661 1617 dilectionem
692 1577 765 1616 Dei
794 1589 908 1628 super
935 1580 1095 1626 omnia,
1138 1587 1249 1630 prout

129 1641 182 1670 est
210 1640 338 1670 auctor
367 1634 528 1682 gratiae,
557 1646 623 1670 seu
653 1644 784 1669 veram
812 1629 1034 1669 charitatem
1065 1644 1249 1683 superna-

128 1684 292 1723 turalem
322 1699 398 1722 esse
427 1701 449 1722 a
478 1686 600 1724 libero
627 1684 788 1722 arbitrio
823 1697 910 1721 cum
949 1683 1028 1722 solo
1056 1685 1130 1722 Dei
1159 1699 1248 1723 con-

127 1752 241 1776 cursu
268 1737 464 1790 generali3
493 1739 668 1777 contritio
697 1738 823 1785 enim,
853 1750 941 1789 quae
963 1751 1026 1775 nos
1045 1738 1246 1789 justificat,

128 1801 182 1831 est
211 1801 310 1829 certe
338 1801 440 1829 actus
483 1790 807 1843 supernaturalis,
851 1790 898 1827 ad
941 1804 1058 1843 quem
1098 1794 1248 1830 nemine

128 1846 410 1884 contradicente
430 1859 519 1882 vera
535 1845 674 1884 Christi
694 1845 815 1895 gratia
835 1851 887 1881 est
907 1846 1139 1883 necessaria.
1169 1846 1249 1884 Nee

127 1899 267 1938 obsunt
296 1899 413 1938 verba
442 1900 654 1951 sequentia:
687 1898 763 1948 Qui
783 1907 970 1946 operatur
997 1903 1038 1936 in
1067 1899 1248 1937 omnihus

126 1952 304 2003 operibus
330 1953 380 1993 Θ
408 1962 588 2000 naturae,
617 1954 668 1992 Θ·
697 1952 908 1989 voluntatis
923 1967 939 1996 ;
985 1966 1109 2004 neque
1142 1955 1247 1991 enim

125 2005 210 2044 haec
230 2004 442 2057 significant
459 2035 469 2052 ,
490 2014 556 2044 aut
573 2005 789 2056 significare
807 2014 969 2056 possunt,
992 2006 1119 2043 Deum
1137 2007 1248 2045 nobis

126 2061 167 2103 111
197 2070 283 2098 actu
311 2060 545 2097 contritionis
572 2058 760 2097 eliciendo
789 2058 920 2096 eodem
943 2058 1054 2096 modo
1082 2059 1246 2100 auxilia-

126 2116 160 2153 ri
178 2144 189 2162 ‚
217 2126 294 2165 quo
321 2112 528 2150 auxiliatur
547 2114 584 2151 in
605 2113 786 2165 operibus
801 2121 974 2158 naturae5
1004 2125 1092 2149 cum
1115 2113 1244 2152 Sanct-

127 2168 269 2207 Doetor
297 2167 337 2205 in
366 2166 454 2205 aliis
483 2165 597 2215 locis,
627 2167 694 2204 ubi
724 2167 809 2204 data
827 2179 944 2218 opera
971 2165 1018 2203 de
1049 2165 1119 2204 hoc
1148 2167 1246 2217 agit,

127 2230 265 2274 praeter
294 2223 500 2259 motionem
531 2220 604 2258 Dei
635 2221 803 2273 requirat
840 2221 953 2258 etiam
984 2221 1024 2257 in
1054 2218 1125 2258 hoc
1154 2229 1249 2258 statu

127 2284 276 2313 naturae
318 2285 485 2326 coruptae
514 2272 695 2326 gratiam
721 2282 969 2322 sarrientem,
1013 2287 1102 2326 quae.
1148 2282 1249 2312 certe

129 2342 202 2367 11011
231 2336 283 2366 est
305 2341 508 2366 concursus
537 2328 723 2367 naturalis
754 2328 816 2380 (a)
835 2354 846 2366 .

189 2396 277 2421 111.
309 2381 445 2419 Dices.
474 2381 579 2419 Idem
608 2382 648 2419 S.
679 2381 848 2421 Thomas
877 2382 916 2419 in
949 2381 996 2418 Π.
1018 2380 1128 2420 Sent.
1149 2381 1248 2420 Dist.

131 2435 322 2475 XXVIII.
350 2444 485 2487 quaest.
521 2448 554 2472 1.
584 2444 653 2473 art.
685 2436 723 2475 3.
754 2437 814 2474 ad.
846 2450 883 2474 2.
913 2434 1071 2483 Potest,
1102 2436 1245 2487 iuquit,

130 2491 274 2541 aliquis
316 2488 557 2527 charitatem
601 2501 682 2526 non
725 2488 874 2527 hahens
914 2489 1076 2541 diligere
1117 2493 1250 2540 proxi-

130 2557 242 2581 mum
260 2574 271 2591 ,
314 2543 363 2584 <9⁶
393 2542 527 2582 Deum
545 2572 578 2593 ,h
601 2546 726 2580 etiam
756 2556 869 2594 super
897 2547 1037 2580 omnia
1056 2574 1067 2592 ,
1096 2551 1136 2580 ut
1165 2547 1250 2598 qui-

131 2597 231 2636 dam
258 2596 393 2635 dicunt
409 2623 420 2636 .
569 2593 572 2598 ’

190 2665 279 2690 112.
310 2650 444 2704 Restm,
474 2650 515 2689 S.
538 2651 729 2689 Thomam
759 2649 825 2689 hic
853 2663 928 2688 non
959 2665 1065 2690 suam
1087 2664 1249 2702 expone-

130 2719 171 2744 :re
201 2707 443 2754 sententiam,
473 2707 552 2743 imo
580 2719 651 2744 nec
671 2717 917 2744 communem
939 2703 1102 2742 aliorum
1125 2704 1249 2742 Theo-

131 2759 305 2809 logorum
321 2789 332 2806 ,
362 2759 425 2798 sed
455 2759 718 2811 quorumdam
736 2789 746 2808 ,
777 2768 816 2796 ut
839 2766 939 2810 patet
960 2771 1006 2795 ex
1036 2757 1104 2796 illa
1126 2759 1252 2796 restri-

132 2814 255 2850 ctione
283 2821 324 2849 1113
353 2812 516 2864 quidam
548 2813 704 2852 dicunt.
735 2812 928 2865 Equidem
950 2811 1048 2850 hanc
1068 2825 1252 2864 quorum-

130 2867 220 2904 dam
249 2868 466 2917 opinionem
489 2881 532 2905 eo
552 2868 626 2906 loci
656 2880 731 2905 non
761 2866 892 2917 rejecit
912 2865 1040 2905 Sanct.
1062 2866 1252 2914 Thomas,

132 2918 266 2971 rejecit
295 2928 419 2959 tamen
448 2930 574 2973 postea
603 2922 756 2969 senior,
794 2920 828 2956 &
857 2920 1179 2968 doctior-factus,
1213 2929 1252 2958 ut

131 2981 232 3027 patet
261 2985 305 3010 ex
336 2973 407 3020 iis,
436 2989 524 3027 quae
554 2989 669 3029 snpra
697 2974 896 3013 retulimus
926 2987 1035 3013 nurn-
1066 2973 1131 3012 86.

191 3025 280 3065 115.
310 3026 425 3064 Dices
454 3031 617 3068 iterum.
665 3029 791 3068 Etiam
822 3030 863 3066 in
893 3026 1055 3066 Summa
1084 3026 1247 3065 Theolo-

129 3083 216 3134 gica
244 3079 417 3131 eamdem
445 3081 657 3121 doctrinam
686 3082 869 3122 tradidit.
913 3081 1012 3120 Nam
1046 3094 1082 3120 2.
1116 3095 1152 3121 2.
1181 3095 1248 3133 qu.

136 3149 227 3188 171.
256 3142 327 3172 art.
360 3147 395 3171 2.
426 3134 472 3170 ad
503 3135 540 3172 5.
570 3138 713 3188 inquit.
745 3166 771 3184 „
793 3138 919 3175 Omne
946 3136 1087 3174 donum
1116 3137 1249 3187 gratiae

133 3219 161 3239 „
189 3187 389 3227 hominem
420 3186 538 3227 elevat
568 3190 614 3226 ad
644 3189 815 3241 aliquid,
846 3190 948 3243 qnod
968 3198 1020 3228 est
1049 3203 1164 3242 supra
1183 3202 1250 3227 110-

179 3321 226 3356 (α)
254 3316 363 3350 Notat
384 3316 418 3347 P.
439 3312 591 3349 Thomas
618 3314 657 3348 de
677 3317 797 3349 Leinos
825 3329 859 3350 n.
888 3319 970 3361 379.
992 3318 1068 3351 loco
1093 3329 1168 3362 sup.
1188 3317 1248 3350 cit.

132 3365 190 3397 'hic
217 3362 450 3396 necessarium
475 3374 542 3395 non
571 3374 642 3394 esse
669 3362 780 3394 (licere
807 3376 886 3397 cum
907 3365 1104 3409 aliquibus,
1131 3366 1247 3396 Sanct.

134 3410 309 3447 {rhomam
333 3418 485 3444 mutasse
512 3408 747 3450 sententiam,
782 3412 942 3453 quamvis
969 3414 1000 3444 δι
1025 3409 1113 3446 illud
1138 3410 1249 3444 veris-

695 162 779 207 DE
814 162 1070 207 GRATIA.
1104 163 1150 206 P.
1184 165 1216 206 Ι.
1249 163 1513 207 DISSERT.
1539 164 1616 207 VI.
1651 167 1870 211 CARIII.

1330 271 1355 291 ,‚
1385 251 1509 279 turam
1539 242 1767 284 humanam.
1798 246 1908 294 Quod
1937 246 2091 298 quidem
2122 253 2236 298 potest
2264 259 2342 286 esse
2370 247 2439 288 du-

1331 325 1355 343 „
1387 295 1557 344 pliciter:
1587 310 1663 333 uuo
1693 299 1803 336 1110110
1830 310 2016 351 quantum
2047 301 2093 338 ad
2122 300 2368 339 substantiam
2400 319 2440 340 a-

1327 377 1356 396 „
1385 356 1491 395 ctus,
1536 349 1631 387 sicut
1658 351 1847 390 miracula
1877 355 2026 402 facere,
2065 354 2098 390 &
2126 368 2349 405 cognoscere
2378 369 2440 393 oc-

1328 430 1353 448 „
1384 400 1484 438 culta
1502 431 1513 449 ,
1558 401 1590 436 8(
1619 403 1763 441 incerta
1789 405 1930 443 divinae
1958 406 2195 458 Sapientice;
2236 408 2269 445 ἀ
2299 409 2344 445 ad
2376 408 2441 447 1103

1328 483 1354 502 „
1384 463 1488 491 actus
1517 468 1590 492 11011
1620 456 1730 494 datur
1758 457 1902 495 homini
1932 460 2073 497 donum
2101 463 2232 512 gratiae
2263 460 2442 500 habitua-

1328 537 1355 555 „
1384 506 1443 544 le:
1474 507 1551 544 alio
1580 508 1690 546 modo
1719 519 1771 547 est
1799 510 1946 562 aliquid
1975 527 2089 565 supra
2109 523 2279 552 naturam
2303 514 2439 552 huma-

1327 590 1353 609 „
1380 575 1472 598 nam
1514 570 1705 612 quantum
1732 563 1779 599 011
1809 565 1964 602 modum
2007 576 2138 615 actus,
2186 581 2264 604 non
2302 578 2439 605 autem

1329 643 1354 661 „
1383 623 1577 663 quantum
1607 613 1662 651 ad
1689 614 1957 653 substantiam
1985 622 2103 667 ipsius
2120 650 2130 668 ,
2160 625 2259 658 sicut
2280 621 2440 673 diiigere

1330 697 1353 715 ‚‚
1383 666 1545 713 Deum,
1575 667 1610 703 8:
1639 680 1862 719 cognoscere
1891 672 2037 707 eumin
2067 674 2220 722 speculo
2249 686 2440 713 creatura-

1329 750 1355 769 ,‚
1387 733 1492 758 rum:
1522 720 1556 756 &
1577 720 1624 758 ad
1644 720 1714 758 1100
1740 721 1853 759 datur
1872 721 2013 759 donum
2031 725 2165 773 gratiae
2186 725 2379 766 habituale
2395 729 2439 766 ”-

1329 773 1370 811 Si
1400 776 1516 826 igitur
1542 773 1704 825 diligere
1723 774 1850 812 Deum
1881 787 1954 813 oon
1979 785 2030 812 est
2057 786 2253 826 quantum
2281 781 2335 819 ad
2355 782 2440 819 sub-

1330 831 1530 866 stantium
1559 837 1674 865 actus
1703 842 1818 879 supra
1846 837 2024 866 naturam
2046 827 2278 879 humanam,
2307 836 2442 884 poterit

1325 879 1438 918 homo
1467 883 1605 920 nativis
1632 884 1708 920 suis
1739 881 1886 919 viribus
1916 882 1955 919 id
1983 890 2191 933 praestare.

1384 935 1470 981 114.
1503 935 1638 987 Resp.,
1667 935 1708 974 S.
1740 936 1943 973 Doctorem
1975 936 2027 974 ibi
2058 950 2223 976 asserere
2252 945 2356 976 actus
2385 940 2442 977 di-

1323 987 1518 1036 lectionis,
1548 989 1582 1025 &
1611 990 1836 1041 cognitionis
1865 989 1938 1027 Dei
1968 1002 2041 1027 non
2070 1005 2148 1028 esse
2177 1000 2363 1044 quantum
2395 993 2443 1032 ad

1323 1042 1570 1080 substantiam
1600 1056 1716 1094 supra
1744 1051 1919 1080 naturam
1951 1042 2185 1093 humanam,
2223 1046 2439 1084 considera-

1321 1104 1399 1132 tam
1430 1098 1468 1133 in
1499 1110 1565 1134 sua
1595 1098 1830 1147 integritate3
1860 1110 1935 1134 esse
1964 1105 2091 1134 tamen
2120 1111 2234 1150 supra
2264 1099 2440 1137 eamdem

1321 1159 1499 1188 naturam
1532 1148 1769 1196 humanam,
1812 1150 1842 1187 si
1872 1151 2154 1200 consideretur,
2199 1160 2308 1203 prout
2337 1166 2441 1190 nuuc

1320 1212 1394 1251 est,
1425 1205 1465 1241 in
1487 1211 1584 1241 statu
1605 1203 1860 1249 infirmitatis3
1889 1204 1985 1241 sicut
2015 1206 2044 1241 si
2066 1206 2153 1257 quis
2171 1205 2335 1254 diceret,
2366 1218 2442 1244 uon

1320 1270 1400 1294 esse
1426 1270 1543 1308 supra
1571 1259 1671 1296 vires
1701 1256 2041 1308 hominislongum
2073 1259 2141 1295 iter
2163 1272 2343 1311 peragere
2362 1289 2372 1308 ,
2402 1273 2440 1296 e-

1317 1311 1412 1347 tiam
1442 1324 1509 1361 per
1538 1324 1670 1362 aspera
1688 1339 1698 1357 ,
1742 1318 1965 1361 praerupta,
2006 1310 2042 1346 8(
2071 1312 2191 1350 ardua
2220 1312 2331 1360 loca,
2361 1325 2440 1351 non

1319 1372 1410 1400 esset
1442 1376 1700 1415 consequens,
1742 1363 1782 1399 id
1811 1364 1937 1413 ipsum
1968 1376 2092 1414 neque
2123 1379 2197 1402 esse
2226 1380 2342 1417 supra
2372 1380 2440 1403 na-

1319 1424 1444 1453 turam
1475 1416 1638 1454 hominis
1668 1414 1881 1462 vulnerati,
1912 1414 1946 1451 Sc
1975 1416 2151 1454 infirmi.
2184 1418 2290 1455 Hanc
2312 1427 2440 1456 autem

1317 1483 1394 1506 esse
1425 1479 1591 1507 mentem
1624 1468 1818 1520 Angelici,
1848 1467 1968 1520 liquet
1990 1483 2035 1506 ex
2065 1469 2147 1521 ejus
2167 1483 2299 1523 scopo,
2330 1485 2440 1508 nem·

1317 1537 1365 1574 pe
1394 1524 1610 1574 assignandi
1653 1523 1859 1559 discrimen
1890 1526 1988 1560 inter
2016 1532 2235 1574 potestatem
2273 1525 2440 1562 faciendi

1318 1577 1506 1614 miracula
1524 1607 1534 1624 ,
1565 1576 1598 1612 Sc
1628 1576 1876 1627 cognoscendi
1906 1576 2055 1615 occulta
2076 1577 2220 1615 divinae
2242 1579 2440 1630 sapientiae

1318 1643 1485 1678 arcana,
1530 1629 1564 1665 8:
1607 1637 1830 1681 potestatem
1872 1629 2085 1680 diligendi,
2129 1631 2163 1666 &
2192 1632 2441 1682 cognoscendi

1317 1682 1444 1721 Deum
1461 1712 1472 1730 ,
1504 1682 1537 1718 &
1564 1691 1757 1720 auctorem
1787 1691 1953 1720 naturae.
1983 1682 2154 1720 Primam
2171 1684 2355 1723 dicitesse
2376 1698 2438 1722 su-

1318 1750 1389 1788 pra
1417 1745 1592 1774 naturam
1623 1735 1832 1774 humanam
1850 1766 1860 1784 ,
1910 1736 1943 1772 8<
1972 1746 2158 1788 quantum
2188 1738 2235 1775 ad
2265 1738 2438 1777 substan-

1318 1791 1410 1827 tiam
1429 1820 1439 1838 ,
1469 1789 1503 1825 81
1533 1799 1717 1842 quantum
1747 1789 1792 1827 ad
1822 1789 1980 1827 modum
2009 1798 2141 1836 actus,
2180 1789 2340 1829 alteram
2371 1805 2436 1830 ve·

1316 1856 1357 1880 re
1387 1842 1509 1881 solum
1539 1853 1727 1895 quantum
1757 1843 1804 1880 ad
1835 1843 1989 1880 modum
2008 1873 2019 1890 ,
2068 1857 2140 1880 11011
2171 1853 2359 1896 quantum
2389 1844 2438 1882 ad

1317 1896 1591 1946 substantiam,
1634 1897 1726 1949 quia
1755 1895 1929 1934 absolute
1959 1909 2030 1934 non
2058 1907 2209 1949 superat
2239 1899 2338 1936 vires
2367 1911 2436 1936 na-

1316 1958 1412 1986 turae
1443 1949 1622 1988 humanae
1652 1952 1690 1988 in
1720 1964 1758 1988 se
1787 1951 2030 1988 consideratas
2049 1979 2059 1997 ,
2089 1951 2152 1988 sed
2172 1949 2296 1990 solum
2330 1959 2439 2002 prout

1314 2003 1469 2042 infirma
1489 2013 1563 2049 est,
1595 2004 1693 2042 unde
1713 2004 1820 2055 prius
1841 2004 1982 2056 indiget
2002 2005 2127 2041 sanari
2159 2018 2225 2057 per
2253 2007 2439 2055 gratiam·

1373 2058 1462 2095 115.
1492 2057 1584 2109 Ohj.
1604 2067 1774 2109 quarto.
1804 2057 1846 2094 Si
1875 2058 1923 2095 ad
1952 2056 2189 2109 diligendum
2220 2057 2349 2097 Deum
2377 2073 2441 2097 su-

1312 2123 1383 2163 per
1410 2112 1566 2160 omnia,
1598 2120 1636 2150 ut
1665 2120 1860 2149 auctorem
1887 2119 2034 2149 naturae
2055 2112 2264 2149 necessaria
2285 2121 2336 2149 est
2355 2126 2441 2164 gra-

1317 2166 1396 2212 tia,
1426 2164 1535 2203 nulla
1564 2166 1633 2203 erit
1660 2165 1852 2202 distinctio
1880 2165 1976 2202 inter
1995 2163 2092 2202 hanc
2112 2164 2353 2202 dilectionem
2375 2180 2440 2203 na·

1318 2217 1510 2266 ruralem,
1540 2218 1575 2255 81
1605 2217 1723 2256 alian-1
1752 2217 2080 2268 supernaturalem
2104 2247 2114 2265 ,
2144 2231 2220 2269 qua
2249 2219 2356 2256 Deus
2384 2218 2443 2256 (li-

1318 2270 1452 2323 ligitur
1482 2282 1521 2310 ut
1548 2281 1677 2310 auctor
1706 2272 1838 2321 gratiae
1857 2299 1867 2317 ,
1898 2269 1932 2306 &
1961 2270 2117 2321 gloriae:
2156 2284 2243 2322 ergo
2272 2285 2372 2310 verae
2403 2286 2441 2309 e-

1319 2334 1408 2363 runt
1437 2326 1707 2377 propositiones
1736 2323 1894 2374 Bajanae
1925 2337 2042 2375 supra
2069 2334 2288 2362 memoratae
2318 2339 2356 2364 n.
2377 2324 2441 2376 76.

1379 2379 1465 2417 116.
1491 2378 1626 2430 Resp.,
1656 2376 1727 2415 1100
1756 2378 1962 2416 discrimen
1991 2379 2191 2430 perspicue
2219 2379 2441 2430 assignaris.

1319 2431 1361 2471 S.
1383 2432 1534 2470 Thoma
1564 2433 1604 2471 in
1634 2446 1735 2484 saepe
1763 2431 1869 2468 laud.
1898 2445 1965 2483 qu.
1993 2444 2080 2483 109.
2109 2442 2180 2470 art.
2197 2431 2235 2470 5.
2264 2433 2312 2470 ad
2334 2433 2440 2471 hin-

1320 2487 1495 2539 quient'e:
1528 2485 1715 2524 Charitas
1744 2484 1868 2536 diligit
1884 2484 2019 2523 Deum
2046 2498 2162 2535 super
2181 2489 2321 2523 omnia
2343 2490 2442 2524 emi-

1319 2544 1476 2578 nentius
1493 2571 1504 2589 ,
1533 2553 1657 2592 quam
1685 2548 1838 2576 natura
1855 2539 1944 2579 (9¹0.
1973 2538 2074 2576 Vide
2103 2552 2218 2590 supra
2246 2552 2355 2577 num.
2372 2540 2441 2578 88.

1319 2594 1410 2631 Jure
1439 2603 1588 2643 autem,
1618 2594 1829 2645 meritoque
1857 2592 2053 2629 damnatas
2077 2591 2192 2628 fuisse
2216 2593 2441 2643 propositio-

1318 2662 1384 2686 nes
1401 2648 1562 2700 Bajanas
1580 2646 1671 2699 ‘jam
1700 2661 1815 2698 supra
1844 2647 2040 2684 innuimus
2059 2659 2099 2682 11.
2119 2644 2181 2695 76.
2200 2659 2209 2691 3
2239 2648 2329 2696 quia
2350 2659 2439 2682 cum

1319 2701 1424 2740 Deus
1453 2703 1626 2754 cognosci
1656 2703 1796 2753 possit,
1836 2699 1870 2735 8t
1902 2708 1939 2736 ut
1970 2707 2099 2736 auctor
2128 2707 2271 2735 naturas
2290 2728 2300 2746 ,
2337 2699 2370 2736 8<
2400 2707 2441 2736 ut

1318 2765 1449 2794 auctor
1478 2757 1635 2808 gratias,
1664 2754 1698 2790 &
1727 2753 1858 2806 gloriae
1876 2782 1886 2801 ,
1916 2765 2149 2804 consequens
2177 2752 2336 2790 omnino
2364 2760 2440 2800 est,

1320 2818 1361 2846 ut
1389 2809 1460 2847 sub
1490 2806 1650 2862 utroque
1679 2814 1848 2859 respectu
1878 2821 1900 2844 a
1929 2805 2035 2843 nobis
2075 2805 2184 2856 diligi
2220 2813 2362 2858 queat,
2406 2804 2440 2842 &

1316 2863 1481 2910 debean
1510 2877 1586 2902 non
1616 2871 1668 2900 est
1687 2869 1815 2899 autem
1835 2873 2093 2912 consequens,
2124 2868 2164 2896 ut
2192 2860 2441 2911 quemadmo-

1317 2918 1418 2956 dum‘
1443 2917 1616 2969 cognosci
1647 2923 1765 2967 potest
1796 2922 1836 2952 ut
1863 2923 1994 2951 auctor
2037 2922 2178 2951 uaturae
2217 2912 2295 2951 solo
2333 2923 2440 2951 natu-

1316 2971 1392 3010 rali
1421 2970 1596 3017 lumine,
1639 2970 1690 3006 ita
1718 2968 1831 3004 etiam
1861 2966 2102 3005 naturalibus
2143 2967 2291 3004 viribus
2325 2977 2437 3017 super

1316 3025 1449 3063 omnia
1477 3024 1597 3060 amari
1629 3023 1762 3073 possit.
1793 3020 1980 3059 Damnari
2012 3022 2125 3058 etiam
2156 3020 2235 3058 illae
2266 3019 2435 3071 proposi-

1319 3080 1438 3117 tiones
1467 3083 1687 3114 meruerunt
1717 3082 1870 3127 propter
1899 3076 2189 3126 intemperantes
2226 3073 2431 3110 verborum

1319 3130 1528 3179 formulas,
1559 3128 1697 3182 quibus
1728 3128 1841 3179 Hajus
1871 3128 1978 3166 illam
2001 3129 2274 3174 distinctionem
2305 3125 2435 3176 dupli-

1318 3187 1371 3224 cis
1399 3185 1539 3222 amoris
1567 3185 1606 3222 in
1626 3181 1762 3221 scholis
1782 3184 2105 3234 receptissimam,
2135 3179 2359 3231 rejiciebat,
2392 3185 2436 3216 ut

2273 3245 2382 3270 com-

1319 3313 1448 3346 simum
1474 3312 1541 3353 sit,
1567 3311 1601 3344 in
1621 3309 1698 3343 aliis
1719 3311 2025 3354 locisfwmalins,
2051 3309 2273 3352 expressius,
2301 3309 2341 3339 (φ
2361 3307 2436 3338 ela-

1319 3365 1391 3392 rius
1418 3359 1601 3400 docuisse,
1627 3359 1894 3394 contrictionem
1918 3356 2082 3405 produci,
2109 3357 2140 3388 ὰ
2160 3354 2246 3389 effici
2273 3354 2316 3389 ab
2342 3353 2437 3385 infu-

1318 3408 1413 3442 sione
1439 3406 1558 3451 gratiae
1574 3427 1582 3437 .

2561 3546 2568 3632 ἠύ,-
2564 3077 2570 3542 -—————-—
