2562 3694
301 106 358 153 64
778 95 860 145 DE
892 99 1029 144 AoT.
1061 99 1218 144 HUM.
1263 95 1532 142 DISSERT.
1553 96 1629 138 111.
1663 97 1792 140 CAP.
1812 97 1890 140 III.

243 181 418 219 dentibus
446 179 683 232 Jurisperitis
710 180 750 217 in
778 178 909 232 legum
951 180 1254 232 interpretatione
1289 178 1355 215 ad-

244 233 370 271 hiberi
399 232 546 281 solent,
590 242 630 270 ut
657 231 881 285 legislatoris
909 247 1042 281 mens,
1072 235 1128 271 sin
1159 233 1288 270 minus
1315 242 1356 266 o-

241 288 374 323 mnino
401 295 529 333 certe,
559 286 689 324 saltem
720 286 976 325 verosimilius
1007 289 1235 324 innotescat.

299 352 361 390 72.
392 340 450 377 Ad
477 343 655 390 primam
697 339 808 391 prob.
855 340 1071 378 Lactantius
1108 339 1164 375 ibi
1206 337 1281 386 agit
1309 334 1355 371 de

240 394 350 430 vanis
379 394 633 445 quorumdam
650 391 967 445 Philosophorum
999 390 1221 443 praeceptis,
1251 400 1355 423 nem-

241 460 288 498 pe
317 446 560 494 Stoicorum,
591 446 624 481 8<
654 445 949 497 Epicuraeorum
969 473 980 490 ,
1023 442 1164 493 quibus
1193 440 1355 477 minime

240 500 454 550 parendum
485 513 563 538 esse
592 498 651 537 vel
684 512 728 535 ex
757 511 801 535 eo
828 497 907 535 solo
928 504 1023 532 recte
1052 493 1222 544 colligit,
1252 494 1355 544 quod

242 551 338 589 nihil
366 552 472 603 apud
501 566 569 590 eos
597 555 693 590 certi
723 561 781 588 est
799 581 809 598 ,
857 547 952 585 nihil
987 545 1087 596 quod
1115 559 1143 582 a
1184 549 1353 583 scientia

238 609 371 642 venit:
419 605 489 643 sed
523 619 642 656 quum
684 608 824 641 omnia
865 601 1104 651 conjecturis
1147 609 1351 650 agantur,

240 660 367 696 multa,
396 663 519 696 etiam
541 658 694 695 diversa
711 685 721 702 ‚
750 655 800 694 (θ’
821 656 934 690 varia
949 650 1227 703 proferantur,
1257 653 1351 689 stul-

237 715 380 749 tissimi
409 721 467 748 est
496 710 663 748 hominis
690 709 777 747 &a
817 706 887 744 hoc
917 715 968 742 est
996 705 1154 743 stultitia
1183 719 1256 742 non
1287 720 1351 744 va-

239 774 297 802 cat
315 795 326 812 ,
372 765 439 815 qui
470 777 598 800 eorum
628 762 736 798 sectis
765 772 902 797 nomen
942 759 1033 796 dare
1063 772 1138 796 uon
1175 759 1350 807 dubitat,

237 831 327 869 quae
359 817 418 855 vel
449 817 538 867 ipsis
566 813 762 863 Magistris
798 812 1002 849 fatentibus
1044 813 1199 861 incertae
1242 821 1351 857 sunt3

238 871 340 907 unde
367 882 498 905 omnes
541 867 586 903 ad
615 865 870 903 Christianam
902 864 1139 916 Religionem
1179 864 1352 902 exhorta-

237 931 324 969 tur,
365 934 452 972 quae
483 920 562 958 sola
589 928 716 966 certa,
765 918 799 954 8(
828 918 1049 956 firmissima
1080 927 1131 955 est
1161 917 1224 968 (a)
1243 945 1253 955 .
1301 919 1356 956 Ita

239 988 436 1025 possumus
466 973 498 1009 8(
541 987 605 1011 nos
634 971 751 1010 simili
794 981 1017 1023 argumento
1058 970 1263 1023 colligere,
1313 982 1351 1009 ut

236 1029 360 1064 missis
390 1026 730 1064 Probabilistarum
760 1026 942 1076 argutiis,
980 1039 1067 1076 quae
1100 1026 1189 1076 ipsis
1218 1025 1350 1065 adver-

233 1081 341 1117 sariis
371 1080 576 1118 fatentibus
604 1079 735 1117 saltem
766 1079 923 1116 incertae
952 1087 1063 1127 sunt,
1106 1087 1275 1126 certam,
1318 1077 1352 1114 &

233 1141 351 1171 tutam
383 1135 484 1172 viam
515 1134 714 1171 ineamus.

290 1186 354 1237 75.
385 1187 442 1224 Ad
475 1200 511 1224 2.
543 1186 652 1238 Resp:
681 1200 768 1224 cum
799 1185 1055 1224 Emmanuele
1084 1184 1272 1224 Gonzalez
1301 1185 1351 1224 T.

232 1240 263 1277 Ι.
295 1253 338 1276 eo
367 1239 449 1278 loco
477 1240 539 1291 agi
568 1239 890 1290 dejurisdictione
910 1239 1055 1277 Judicis
1076 1238 1257 1289 delegati,
1287 1240 1351 1278 cui

233 1307 321 1330 sane
362 1306 475 1331 nemo
502 1293 657 1331 obedire
686 1302 857 1341 tenetur,
905 1293 975 1330 nisi
1019 1294 1176 1330 ostensis
1219 1291 1350 1329 litteris

233 1344 314 1396 ejus
356 1346 599 1397 delegationis
627 1345 840 1397 jurisdictio
868 1356 968 1383 certa
1011 1348 1084 1391 sit3
1133 1345 1217 1382 haec
1247 1347 1350 1382 enim

230 1398 444 1448 jurisdictio
460 1399 616 1450 aliquod
648 1401 790 1437 factum
813 1408 890 1447 est,
920 1399 1021 1450 quod
1051 1411 1125 1436 non
1147 1398 1348 1449 praesumi-

230 1462 315 1498 tur,
347 1453 417 1489 nisi
450 1452 657 1503 probetur.

287 1504 351 1554 74.
382 1504 494 1542 Dices
523 1509 676 1552 primo.
707 1504 824 1543 Nulla
852 1505 913 1542 lex
943 1504 1112 1556 obligat,
1141 1505 1215 1542 nisi
1245 1502 1350 1541 suffi-

231 1558 372 1596 cienter
402 1557 690 1611 promulgetur3
721 1569 759 1597 ut
789 1561 892 1596 euim
922 1559 1028 1596 docet
1058 1558 1098 1596 S.
1120 1557 1289 1597 Thomas
1317 1571 1349 1595 1.

233 1624 270 1648 9..
301 1625 366 1661 qu.
384 1623 450 1662 90.
480 1621 550 1648 art.
570 1612 608 1657 4.
626 1641 636 1659 ,
668 1642 693 1660 „
725 1622 763 1649 ut
792 1612 850 1649 lex
867 1613 1047 1651 virtutem
1068 1610 1261 1662 obligandi
1281 1609 1349 1647 ob·

289 1664 457 1700 tineat...
505 1674 671 1714 oportet,
714 1665 816 1716 quod
845 1664 1060 1715 applicetur
1088 1663 1314 1701 hominibus
1335 1691 1346 1709 ,

288 1717 357 1767 qui
379 1717 589 1753 secundum
619 1731 703 1753 eam
727 1717 890 1768 regulari
911 1716 1074 1761 debent;
1103 1716 1187 1754 talis
1218 1724 1347 1752 autem

289 1768 497 1820 applicatio
526 1769 568 1806 fit
599 1782 666 1819 per
689 1768 784 1816 hoc,
815 1769 915 1820 quod
946 1769 984 1806 iu
1015 1782 1145 1805 eorum
1176 1769 1345 1805 notitiam

288 1821 486 1859 deducitur
515 1835 559 1859 ex
589 1824 670 1872 ipsa
691 1823 1019 1873 promulgatione3
1051 1823 1147 1858 unde
1178 1820 1345 1873 promul-

288 1877 387 1924 gatio
416 1884 466 1911 est
495 1876 700 1912 necessaria
720 1876 767 1912 ad
796 1874 867 1913 hoc
885 1905 894 1922 ,
926 1883 966 1910 ut
995 1875 1056 1911 lex
1086 1874 1345 1911 habeatsuam

232 1957 258 1972 ‚,
289 1928 468 1964 virtutem
486 1930 534 1963 “:
583 1928 646 1965 sed
675 1928 822 1979 quoties
850 1928 984 1964 adsunt
1014 1929 1174 1965 rationes
1211 1927 1349 1978 proba-

229 1979 360 2018 biliter
389 1980 583 2018 suade-ntes
605 2010 616 2028 ,
665 1990 810 2032 partem
841 1982 969 2017 minus
998 1988 1116 2017 tutam
1159 1994 1235 2016 esse
1264 1978 1350 2015 lici-

225 2042 333 2070 tam:
362 2032 423 2070 lex
451 2034 685 2085 praecipiens
706 2043 849 2085 partem
881 2034 1057 2070 tutiorem
1088 2046 1161 2070 non
1191 2042 1242 2070 est
1271 2032 1350 2069 suf-

230 2086 406 2124 ficienter
435 2086 698 2137 promulgata:
729 2100 817 2138 ergo
845 2086 918 2123 δίο.

288 2141 351 2190 75.
384 2139 495 2190 Hesp.
526 2139 622 2190 Neg.
653 2141 747 2178 min.
784 2141 818 2176 δε
862 2141 1115 2192 aequivocatio
1157 2140 1195 2176 in
1237 2152 1349 2189 argu-

232 2202 361 2230 mento
391 2193 504 2230 latet.
551 2194 630 2231 Lex
660 2196 763 2231 enim
782 2223 793 2242 ‚
822 2207 1078 2244 quaecumque
1107 2206 1149 2230 ea
1178 2194 1256 2239 sit,
1288 2191 1346 2229 vel

235 2245 443 2293 naturalis,
473 2244 532 2283 vel
563 2247 751 2297 positiva,
782 2246 1098 2284 sufficientissime
1129 2244 1347 2297 promulga-

233 2309 269 2335 ta
300 2297 378 2347 jam
408 2301 660 2348 supponitur3
708 2298 828 2336 solum
859 2300 1021 2337 dubium
1053 2307 1251 2344 movetur,
1300 2313 1345 2336 an

233 2350 320 2388 talis
348 2352 445 2388 actio
473 2350 543 2387 sub
572 2351 654 2402 lege
689 2351 1068 2403 comprehendatur?
1116 2365 1233 2403 ex.gr.
1263 2365 1345 2389 cer-

233 2405 376 2442 tissime
419 2403 657 2456 promulgata
700 2414 751 2442 est
794 2404 853 2443 lex
889 2406 1116 2444 interdicens
1165 2419 1345 2452 usuram3

232 1693 259 1712 25

232 1743 259 1764 ⁷>

232 1799 259 1817 2>

230 1852 258 1871 a>

232 1905 258 1922 2)

278 2586 326 2620 (α)
357 2583 520 2616 Ceterum
549 2582 639 2617 idem
666 2584 869 2619 Lactantius
906 2584 1024 2619 eodem
1055 2585 1130 2621 Lib.
1160 2587 1217 2620 111.
1262 2583 1342 2619 Dio.

233 2625 318 2659 Inst.
345 2640 419 2672 cap.
449 2629 480 2662 5.
509 2629 581 2663 licr‘c
607 2631 731 2664 habet:
761 2653 786 2671 ,‚
811 2632 985 2674 Quoniam
1012 2635 1045 2665 in
1066 2632 1344 2677 disponendovi-

234 2693 260 2712 „
289 2682 329 2704 tae
357 2683 473 2715 statu,
499 2676 760 2721 formandisque
781 2679 935 2711 moribus
951 2680 1106 2723 periculo
1123 2680 1248 2722 majori
1264 2691 1344 2722 pec-

236 2739 261 2757 „
287 2729 409 2761 catur,
448 2721 618 2765 majorem
644 2723 865 2767 diligentiam
892 2737 1029 2757 necesse
1065 2735 1116 2758 est
1154 2725 1342 2764 adhibere,

236 2784 261 2802 2,
287 2775 322 2798 ut
349 2768 523 2807 sciamus,
549 2768 720 2813 quomodo
747 2782 806 2802 nos
832 2772 1121 2814 oporteatvivere
1149 2775 1211 2803 ἃς.
1233 2773 1252 2786 ”
1277 2769 1344 2804 Ad-

234 2809 277 2841 ‹lo
302 2823 545 2855 argumentum
572 2817 676 2848 nimis
704 2816 869 2860 probare:
913 2818 1088 2850 evinceret
1119 2818 1237 2857 enirn,
1274 2829 1342 2849 non

236 2856 348 2889 solum
376 2871 434 2892 nos
460 2873 527 2893 non
555 2863 663 2894 teneri
685 2861 725 2894 ad
741 2863 851 2906 legem
868 2862 1012 2896 dubiam
1028 2863 1259 2903 servandam,
1285 2862 1345 2896 sed

236 2900 337 2942 plane
362 2906 508 2939 stultum
534 2920 631 2947 esse,
658 2909 716 2952 qui
744 2920 820 2941 eam
847 2918 984 2945 servat.

289 2949 336 2984 (ὅ)
367 2950 399 2980 l'-
427 2953 568 2985 Gabriel
596 2955 757 2998 Vasquez
801 2956 1032 2988 l'robabilista
1071 2956 1214 2999 insignis
1240 2955 1345 3000 liujus

236 2997 430 3044 arg‘uinenti
459 2997 734 3033 imbecillitatem
772 3003 947 3035 confessus
989 3010 1040 3034 est
1069 3002 1101 3034 in
1134 3014 1162 3034 1.
1191 3014 1221 3033 2.
1249 3004 1347 3046 Disp.

243 3038 319 3088 ¹507
348 3051 377 3070 C·
398 3051 427 3071 2-
455 3054 488 3072 1]-
506 3045 537 3076 8-
565 3046 622 3079 ubi
652 3047 790 3091 inquit.-
821 3070 846 3088 „
872 3049 1037 3092 Sequitur
1055 3050 1236 3081 manifeste
1255 3072 1264 3088 ,
1289 3049 1349 3080 de-

238 3106 262 3124 ))
289 3097 354 3128 Cf1-‘1
384 3097 439 3117 “O-³
458 3108 467 3124 ›
488 3090 549 3137 qui
578 3101 703 3133 putant
729 3106 832 3136 eum,
857 3096 915 3138 qui
944 3092 1106 3134 dubitat,
1133 3107 1175 3127 an
1204 3097 1255 3128 lex
1284 3095 1349 3127 ali-

236 3151 262 3171 „
286 3143 352 3174 qua
382 3132 446 3182 ¹:⁸¹³
477 3135 604 3173 tuerit,
632 3141 949 3184 &promulgatam
976 3141 1097 3181 curia,
1123 3154 1159 3173 ea
1187 3142 1259 3185 lege
1280 3153 1346 3173 non

235 3197 260 3218 υ
287 3185 393 3225 t‘jfl‘ffl
412 3198 422 3216 ›
446 3181 599 3229 “0·({}¹C(l
620 3184 680 3226 ipsi
703 3197 766 3217 non
795 3188 879 3218 satis
896 3188 1113 3231 promulgata
1138 3197 1321 3220 censeatur
1337 3210 1345 3217 -

234 3243 261 3262 ῃ
288 3223 470 3274 ξἰῑΙῙΗΠῑῙἸΓ
497 3233 602 3275 ¹3¹}ur
642 3230 753 3270 primo
779 3233 811 3264 in
837 3232 995 3266 doctrina
1034 3234 1131 3277 ἦρε-ῆς
1174 3234 1347 3278 siquidem

231 3289 263 3308 .„
290 3280 320 3299 ln
348 3266 463 3300 (lubus
482 3279 596 3320 ‘tutior
622 3283 700 3315 par-s·
726 3286 776 3308 est
796 3278 952 3321 eligenda
971 3302 1004 3312 ...
1031 3279 1152 3311 deinde
1181 3281 1213 3312 iu
1242 3281 1347 3313 ratio—

235 3334 262 3355 „
288 3326 329 3346 ne
353 3313 489 3360 decepti
515 3323 621 3358 sunt,
645 3329 685 3350 eo
709 3321 799 3363 quod
815 3344 825 3361 ,
852 3333 888 3356 ut
914 3326 968 3358 lex
995 3324 1098 3359 dicus
1125 3336 1285 3367 constat,
1311 3339 1348 3359 a·

1423 176 1582 228 quaestio
1610 173 1732 212 solum
1761 185 1960 224 movetur,
1989 188 2038 214 an
2067 174 2153 214 talis
2180 183 2388 216 contractus
2416 177 2462 217 sit
2491 191 2531 216 u-

1421 229 1618 275 surarius,
1665 228 1833 279 adeoque
1873 228 2124 279 prohibitus?
2170 238 2208 267 at
2249 242 2370 278 verO,
2417 241 2456 269 ut
2492 231 2535 270 S·

1425 280 1595 318 Thomas
1624 288 1723 316 recte
1750 282 1924 320 observat
1958 295 1990 320 1.
2024 296 2060 321 2.
2090 299 2129 336 q.
2145 282 2211 335 96.
2249 292 2317 321 art.
2338 283 2377 321 6.
2406 286 2452 321 ad
2473 284 2535 332 3.‚

1425 363 1452 383 ‚‚
1482 332 1625 371 nullius
1653 332 1819 370 hominis
1837 336 2021 386 sapientia
2049 344 2149 375 tanta
2179 343 2259 385 est,
2289 346 2327 374 ut
2355 338 2469 388 possit
2495 349 2536 373 o-

1426 416 1453 435 „
1482 400 1589 423 mnes
1616 399 1722 423 casus
1751 387 1960 438 singulares
1988 391 2256 440 excogitare...
2295 390 2328 425 8(
2357 391 2386 426 si
2417 397 2536 441 posset

1425 469 1452 488 „
1481 439 1670 489 legislator
1697 451 1827 478 omnes
1855 455 1962 479 casus
1989 443 2225 480 considerare
2243 473 2254 491 ,
2282 456 2357 480 uon
2386 451 2538 493 oporte-

1423 522 1450 541 „
1480 502 1560 540 ret,
1604 501 1644 529 ut
1672 505 1798 530 omnes
1828 496 2056 546 exprimeret
2086 505 2237 547 propter
2273 496 2536 533 confusionem

1424 575 1450 593 ‚‚
1482 545 1674 583 vitandam
1696 546 1744 582 '’.
1794 547 1894 584 Hinc
1923 548 1999 585 dici
2028 561 2103 585 non
2134 557 2276 600 potest,
2306 548 2426 599 legem
2459 561 2535 586 non

1423 612 1500 635 esse
1529 601 1568 636 in
1597 613 1634 636 se
1655 598 1886 636 sufficienter
1905 600 2183 652 promulgatam
2201 631 2212 650 ,
2241 602 2305 640 sed
2319 598 2440 638 solum
2463 601 2534 638 du-

1419 651 1531 689 bium
1563 667 1666 699 esse,
1696 666 1745 690 an
1775 651 1906 703 aliqua
1935 654 2033 690 actio
2051 654 2121 691 sub
2151 653 2233 704 lege
2261 654 2340 706 jam
2363 653 2536 706 promul-

1418 715 1504 756 gata
1533 707 1795 750 contineatur5
1845 704 1877 739 &
1905 718 1994 742 cum
2024 706 2226 756 probabile
2271 716 2503 759 supponatur
2523 737 2536 756 ,

1418 758 1479 795 vel
1511 759 1624 796 etiam
1655 757 1920 811 probabilius,
1951 772 2033 795 eain
2064 760 2275 806 contineri,
2304 762 2418 797 etiam
2448 773 2536 813 pro-

1418 811 1550 849 babile
1580 820 1658 860 est,
1688 811 1749 850 vel
1779 811 2046 864 probabilius,
2083 811 2207 862 legem
2237 824 2280 848 eo
2309 814 2347 849 iu
2375 827 2465 851 casu
2494 827 2535 850 o-

1422 865 1597 916 bligare.
1634 867 1764 903 Stante
1791 874 1918 902 autem
1950 864 2020 902 hac
2049 865 2345 916 probabilitate,
2375 868 2537 904 certissi-

1423 932 1485 956 me
1513 929 1687 957 tenemur
1714 919 1760 955 ad
1792 917 1883 969 legis
1898 918 2195 955 observationem
2212 918 2355 955 ratione
2384 918 2539 957 alterius

1424 974 1634 1024 principii,
1664 971 1712 1009 In
1742 969 1863 1009 dubiis
1892 972 1978 1011 &⁸:-
2019 971 2059 1008 ld
2089 971 2300 1023 explicatur
2330 971 2506 1023 exemplo
2526 998 2537 1010 .

1419 1026 1463 1062 Iu
1492 1026 1611 1063 dubio
1640 1027 1808 1076 practico
1836 1034 1935 1062 certe
1965 1025 2095 1062 eodem
2126 1025 2237 1062 modo
2266 1024 2326 1061 lex
2364 1025 2505 1062 directa
2526 1055 2538 1073 ,

1421 1077 1455 1114 8<
1472 1078 1712 1131 particularis
1727 1078 1846 1116 dubia
1876 1087 1955 1124 est5
1986 1092 2052 1115 nec
2074 1087 2200 1116 tamen
2216 1078 2425 1117 adversarii
2447 1092 2537 1116 con-

1420 1132 1576 1169 cludent
1595 1163 1604 1180 ,
1635 1141 1698 1169 aut
1728 1131 1875 1169 nullam
1907 1146 1983 1169 esse
2012 1131 2134 1183 legem
2153 1161 2163 1179 ,
2193 1140 2257 1168 aut
2287 1145 2359 1169 non
2390 1130 2538 1184 obliga-

1420 1198 1488 1234 re,
1517 1195 1581 1223 aut
1610 1198 1682 1223 non
1712 1200 1787 1223 esse
1816 1185 2044 1223 sufficienter
2075 1183 2380 1237 promulgatam3
2409 1186 2472 1222 sed
2500 1184 2536 1221 St

1418 1240 1492 1290 ipsi
1522 1238 1721 1276 nobiscum
1742 1239 1906 1275 fatentur
1922 1269 1932 1286 ,
1962 1239 2076 1276 teneri
2099 1237 2290 1275 hominem
2321 1238 2360 1275 in
2383 1237 2452 1276 hoc
2472 1252 2536 1276 ca-

1419 1305 1459 1328 su
1491 1293 1664 1329 tutiorem
1689 1301 1832 1341 partem
1863 1293 1971 1341 sequi
1989 1292 2027 1327 vi
2056 1290 2209 1328 alterius
2226 1292 2430 1342 principii,
2460 1304 2537 1343 quo

1419 1345 1647 1383 vetamuriu
1677 1344 1795 1381 dubio
1825 1357 1934 1393 agere
1965 1343 2046 1391 (b):
2077 1345 2159 1394 pari
2191 1357 2277 1393 ergo
2307 1345 2450 1381 ratione
2466 1345 2537 1382 &c-

1476 1396 1538 1448 76.
1571 1396 1684 1434 Dices
1713 1396 1885 1434 secundo
1903 1422 1912 1433 .
1960 1395 2045 1434 Non
2075 1405 2249 1432 tenemur
2277 1395 2354 1432 fide
2383 1398 2536 1434 credere

1418 1449 1576 1501 aliquod
1605 1450 1741 1500 dogma
1759 1480 1769 1498 ,
1812 1451 1858 1487 de
1887 1461 1963 1501 quo
1991 1448 2154 1486 dubium
2185 1456 2264 1496 est,
2293 1463 2342 1486 au
2372 1449 2486 1487 fuerit
2515 1465 2538 1487 a

1419 1503 1503 1540 Deo
1533 1502 1769 1541 revelatum:
1818 1516 1905 1553 ergo
1934 1517 1956 1540 a
1985 1503 2069 1554 pari
2098 1515 2173 1539 non
2203 1510 2376 1539 tenemur
2412 1501 2537 1554 legem

1418 1569 1569 1594 servare
1590 1586 1601 1604 ‚
1631 1556 1784 1608 quando
1812 1556 1975 1594 dubium
2006 1564 2058 1592 est
2088 1555 2159 1593 &c-

1473 1624 1536 1660 77.
1568 1609 1681 1660 Resp.
1710 1609 1805 1660 Neg.
1835 1610 1972 1656 Cons.‚
2019 1622 2144 1659 neque
2187 1608 2289 1646 enim
2332 1610 2447 1647 tutius
2484 1618 2538 1649 est

1417 1663 1572 1700 credere
1591 1672 1775 1714 tanquam
1806 1661 2010 1699 articulum
2034 1661 2123 1699 fidei
2154 1661 2192 1698 id
2210 1690 2221 1709 ‚
2251 1663 2296 1699 de
2316 1676 2391 1714 quo
2419 1663 2536 1700 dubi·

1416 1723 1541 1761 tatur,
1571 1729 1619 1753 an
1649 1716 1695 1752 ad
1725 1716 1860 1766 dogma
1882 1714 1970 1752 fidei
2001 1716 2213 1766 pertineat,
2243 1728 2312 1752 nec
2342 1730 2412 1761 ue3
2444 1729 2534 1753 nam

1416 1768 1533 1805 fidem
1565 1769 1776 1819 corrumpit
1807 1769 1945 1805 nedum
1977 1769 2040 1818 qui
2071 1767 2221 1818 aliquid
2250 1767 2438 1816 detrahit,
2468 1769 2534 1806 sed

1416 1821 1450 1856 8<
1480 1823 1545 1872 qui
1576 1821 1702 1866 addit3
1735 1821 1831 1858 unde
1863 1820 1987 1869 illud,
2017 1822 2061 1858 de
2083 1820 2193 1870 cujus
2213 1820 2440 1858 revelatione
2460 1823 2531 1859 du-

1415 1874 1585 1922 bitatur,
1615 1876 1716 1911 credi
1747 1876 1906 1925 poterit,
1937 1875 1998 1911 sed
2029 1887 2103 1911 non
2133 1873 2209 1911 fide
2237 1874 2368 1911 divina
2397 1888 2529 1926 super-

1417 1927 1606 1966 naturali.
1654 1928 1783 1973 Quare
1813 1928 2050 1964 Innocentius
2080 1927 2149 1964 XI.
2182 1926 2276 1964 hanc
2305 1929 2531 1977 propositio-

1416 1994 1505 2017 nem
1527 1982 1743 2018 damnavit:
1775 1979 2079 2032 Assensusfitlej
2106 1980 2451 2031 supernaturalis,
2480 1981 2530 2021 <¹9-

1418 2034 1570 2071 utz'lllcis
1601 2034 1654 2071 ‹th
1684 2034 1854 2070 sulutem
1872 2064 1883 2082 ,
1913 2043 1993 2070 stat
2014 2047 2106 2070 cum
2135 2036 2276 2069 notitia
2305 2033 2429 2069 solum
2444 2046 2532 2083 pro-

1418 2085 1533 2124 babili
1562 2088 1841 2134 revelationis,
1888 2090 2013 2124 immo
2041 2099 2133 2123 cum
2150 2085 2374 2137 formidine
2394 2116 2405 2133 ‚
2453 2099 2534 2138 qua

1418 2144 1502 2190 quis
1519 2139 1752 2192 formidat,
1782 2153 1833 2177 ne
1863 2153 1944 2176 non
1973 2143 2021 2176 sit
2052 2140 2200 2176 locutus
2229 2138 2366 2176 Deus.
2395 2139 2533 2178 Contra

1416 2194 1455 2229 iu
1483 2194 1628 2240 dubio,
1659 2209 1706 2230 au
1737 2192 1868 2243 aliqua
1898 2193 1995 2229 actio
2025 2193 2069 2229 sit
2100 2191 2180 2242 lege
2210 2191 2432 2242 prohibita,
2481 2193 2531 2232 ab

1415 2245 1483 2283 illa
1513 2246 1701 2283 abstinere
1731 2247 1886 2282 omnino
1916 2254 2036 2282 tutum
2067 2254 2119 2282 est
2150 2244 2234 2295 (c).

1472 2298 1534 2350 78.
1566 2299 1680 2337 Dices
1709 2303 1848 2336 tertio.
1879 2297 1919 2336 Si
1953 2300 2002 2337 ita
2033 2312 2089 2335 res
2117 2312 2155 2335 se
2185 2297 2318 2336 habeat
2336 2329 2346 2346 ,
2376 2296 2531 2337 nullum

1415 2354 1484 2389 erit
1515 2354 1609 2390 iuter
1651 2351 1772 2403 legem
1804 2361 1974 2399 certam,
2022 2352 2055 2387 8<
2092 2351 2253 2389 dubiam
2294 2352 2536 2400 discrimen·²

1414 2405 1542 2443 ambae
1572 2407 1673 2444 enim
1703 2406 1903 2458 aequaliter
1931 2404 2184 2457 obligabunt.

2412 2471 2479 2511 79·

1414 2610 1439 2628 „
1465 2584 1538 2620 liud
1565 2595 1617 2619 est
1643 2584 1880 2631 promulgatio
1898 2605 1908 2625 ,
1936 2579 2030 2617 aliud
2058 2590 2173 2616 autem
2198 2581 2323 2615 notitia
2349 2581 2433 2626 legis
2451 2606 2459 2613 .
2486 2582 2534 2616 Et

1414 2655 1439 2674 ,‚
1466 2633 1626 2678 quamvis
1653 2634 1680 2665 is
1697 2654 1707 2673 ‚
1732 2632 1790 2676 qui
1818 2630 1956 2664 ‹lubitat
1982 2628 2022 2661 «le
2050 2631 2146 2672 lege,
2173 2641 2238 2660 non
2266 2628 2408 2661 haberet
2437 2629 2528 2661 noti-

1413 2702 1439 2720 „
1468 2681 1554 2712 tiam
1581 2680 1809 2712 sufficientem
1831 2678 1914 2719 legis
1931 2700 1942 2718 ‚
1967 2684 2063 2708 ntea
2089 2684 2294 2714 teneretur,
2320 2683 2438 2707 tamen
2458 2685 2528 2708 non

1413 2747 1439 2767 „
1463 2735 1574 2770 potest
1599 2724 1669 2758 (lici
1694 2735 1811 2757 carere
1836 2723 2017 2755 sufficienti
2045 2722 2320 2765 promulgatione
2349 2722 2457 2765 legis,
2500 2722 2530 2754 si

1412 2794 1439 2812 ‚‚
1467 2783 1585 2804 revera
1614 2773 1647 2804 in
1675 2770 1771 2804 curia
1799 2769 2018 2813 promulgata
2044 2768 2165 2800 fnisset
2185 2789 2196 2808 ,
2222 2766 2279 2800 sed
2306 2768 2431 2800 notitia
2456 2769 2532 2800 suf-

1417 2840 1443 2859 „
1470 2818 1597 2852 ficienti
1626 2818 1743 2850 illius:
1787 2827 1910 2848 verum
1936 2823 1973 2847 ut
1999 2812 2153 2846 diximus
2181 2825 2219 2846 ea
2245 2811 2420 2847 dubitatio
2445 2814 2532 2847 satis

1416 2886 1443 2905 5,
1469 2874 1520 2897 est
1537 2886 1546 2904 ‚
1590 2873 1628 2896 ut
1655 2863 1790 2895 ratione
1817 2861 1891 2904 ejus
1919 2860 2085 2892 tutiorem
2121 2869 2257 2904 partein
2284 2860 2381 2904 sequi
2408 2859 2534 2894 debeat

1416 2933 1442 2952 ‚‚
1469 2914 1533 2943 &c-
1549 2913 1568 2926 '’
1588 2932 1597 2940 .
1626 2911 1735 2941 lmruo
1760 2907 1793 2938 in
1821 2908 1919 2950 Disp.
1935 2906 1992 2939 65.
2009 2916 2075 2938 art.
2093 2906 2125 2940 6.
2152 2905 2312 2939 dixerat:
2340 2927 2366 2946 „
2391 2906 2531 2948 Absque

1418 2978 1444 2997 2,
1469 2956 1706 2989 controversia
1733 2965 1805 2985 esse
1831 2952 1980 2992 debere,
2006 2953 2140 2996 quoties
2166 2951 2374 2992 dubitatur,
2411 2960 2530 2983 utrum

1418 3025 1443 3044 ,,
1470 3002 1516 3034 sit
1542 3003 1597 3033 hx
1625 3002 1742 3044 aliqua
1760 3021 1769 3039 ‚
1796 3001 1850 3031 vel
1879 3011 1944 3032 non
1965 3022 1975 3040 ,
2002 3002 2033 3030 δε
2052 2999 2163 3031 solum
2190 2998 2305 3042 :igitur
2328 2997 2368 3029 de
2393 2996 2531 3040 pericu-
2561 3014 2562 3029 z

1417 3071 1442 3089 „
1472 3049 1504 3080 lo
1524 3045 1688 3091 peccandi
1708 3069 1717 3086 ,
1743 3044 1937 3089 eligendam
1956 3058 2027 3078 esse
2049 3054 2182 3089 partem
2200 3045 2360 3076 tutiorem
2376 3065 2386 3081 ‚
2415 3041 2531 3086 inqua

1416 3116 1443 3135 ‚,
1468 3102 1648 3138 peccatum
1668 3105 1740 3124 esse
1768 3105 1832 3125 non
1855 3093 2006 3136 possit
2034 3092 2170 3124 nullum
2191 3090 2355 3122 hactenus
2372 3088 2405 3120 in
2421 3088 2530 3121 Scho-

1417 3163 1443 3181 „
1470 3141 1601 3173 lasticis
1617 3139 1854 3182 scriptoribus
1874 3139 1988 3171 inveni
2005 3161 2015 3179 2
2042 3138 2100 3181 qui
2119 3135 2314 3180 oppositum
2341 3144 2471 3167 asserat
2486 3137 2525 3165 ”-

1416 3188 1470 3219 En
1495 3199 1564 3231 quo
1583 3185 1721 3219 tandem
1749 3183 1880 3218 recidat
1899 3185 2122 3217 decantatum
2148 3179 2234 3213 illud
2258 3180 2412 3224 primurn
2432 3181 2531 3224 prin-

1416 3233 1547 3278 cipium
1574 3233 1765 3265 reflexum.
1850 3260 1851 3263 ,
2128 3271 2134 3278 .

1465 3287 1509 3318 (c)
1544 3280 1712 3311 Praectare
1740 3275 1929 3309 Duramlus
1956 3288 1973 3308 a
1990 3276 2022 3307 S.
2043 3274 2202 3314 Porttano
2226 3272 2323 3317 prref.
2351 3273 2385 3305 in
2405 3272 2530 3304 Comm-

1416 3325 1453 3358 in
1479 3326 1558 3359 Lib.
1586 3326 1679 3357 Sent.
1707 3344 1731 3365 ‚,
1758 3324 1924 3355 Mensura
1944 3320 2047 3358 fidei,
2072 3322 2206 3360 inquit,
2232 3320 2267 3352 in
2293 3318 2428 3354 duobus
2446 3329 2530 3352 con-
