2570 3745
232 197 282 225 10
769 173 850 218 DE
887 173 1118 217 GRATIA
1155 173 1199 214 P.
1232 171 1265 213 Ι.
1298 169 1564 212 DISSERT.
1593 168 1626 211 Ι.
1661 171 1787 213 CAP.
1818 170 1894 213 iv.

164 261 315 298 tandein
345 257 414 294 visi
445 263 555 303 sunt,
586 253 636 292 ita
665 267 687 291 a
715 255 842 306 prima
863 255 1053 305 impietate
1077 251 1245 288 recedere
1263 279 1274 297 ,

167 324 207 350 ut
237 312 443 365 quamdam
473 310 656 346 internam
687 307 913 353 voluntatis,
945 305 975 340 8(
1007 305 1162 342 actionis
1189 316 1274 353 gra-

166 368 256 404 tiam
288 364 531 401 admiserint:
561 374 795 413 quamquain
828 362 865 397 in
895 359 966 396 hoc
997 360 1109 394 etiam
1136 364 1231 393 statu
1253 369 1277 392 a.

165 418 330 456 veritatis
357 416 509 454 tramite
536 428 655 466 quain
670 413 886 464 longissime
916 411 1097 457 aberant,
1140 417 1276 460 putau-

167 482 216 509 tes
236 499 245 518 ,
277 469 372 508 lianc
401 467 624 515 voluntatis,
654 467 686 502 8<
709 467 866 504 actionis
886 466 1044 516 gratiam
1063 492 1073 511 ,
1104 475 1174 500 nec
1193 475 1276 513 gra-

165 525 302 561 tuitam
334 537 437 569 esse,
481 535 548 559 nec
577 521 858 566 necessariam,
902 517 964 555 sed
1007 516 1130 553 solum
1167 513 1279 553 valde

163 576 322 624 utilem,
350 575 385 611 8(
415 576 545 613 nostris
575 575 718 611 meritis
750 569 1049 622 praecedentibus
1071 569 1279 606 redditam.

164 630 261 669 Haec
291 638 444 675 autem,
488 641 573 680 quae
617 624 886 663 nonnullorum
930 623 1166 660 eruditorum
1196 635 1277 659 seu-

164 685 279 722 tentia
309 693 359 720 est
379 712 388 729 ,
419 692 543 720 contra
573 679 665 716 alios
696 692 768 716 nou
786 690 924 730 paucos
941 676 1184 728 sequentibus
1201 687 1280 711 mo-

162 738 297 775 mentis
333 738 421 774 satis
463 731 744 787 probabiliter,
788 741 827 769 ut
869 739 985 782 put0,
1026 728 1170 766 ostendi
1214 740 1280 778 po-

162 799 230 828 test
261 790 323 841 (a)
341 815 352 826 .

217 844 283 888 45.
314 842 441 880 Primo
481 840 681 878 observatu
719 837 877 889 dignum
907 844 985 882 est,
1029 833 1070 871 S.
1100 832 1278 883 Augusti-

161 910 254 934 num
287 898 325 933 in
355 894 533 946 operibus
564 891 796 930 elucubratis
818 903 933 941 usque
954 887 1002 925 acl
1024 884 1280 925 universalem

161 949 271 987 illam
302 948 512 999 Pelagiauae
544 945 726 983 haereseos
754 941 1131 987 condemnationem,
1170 940 1210 977 in
1241 938 1279 975 id

158 1004 400 1054 potissimum
433 999 652 1045 insudasse,
694 1005 735 1034 ut
765 996 932 1046 gratiam
971 991 1202 1040 voluntatis,
1243 990 1279 1026 δε

161 1057 316 1093 actionis
345 1055 568 1098 adstrueret,
613 1057 694 1102 post
724 1057 848 1085 autem
893 1055 988 1084 totus
1022 1059 1100 1082 esse
1128 1044 1279 1083 videtur

162 1110 202 1146 iu
234 1107 425 1145 afferenda
443 1136 452 1153 ,
483 1105 697 1154 tuendaque
726 1115 769 1138 ea
796 1101 943 1152 gratia,
985 1111 1075 1150 quae
1104 1097 1277 1140 volunta-

154 1170 234 1199 ·tem
280 1161 486 1198 humanam
519 1186 530 1205 ,
572 1157 780 1206 omniaque
822 1162 949 1191 nostra
994 1152 1129 1189 merita
1173 1164 1276 1202 prae-

159 1214 292 1251 venit.
340 1212 399 1250 Ex
430 1223 506 1262 quo
533 1208 614 1247 solo
649 1207 863 1245 luculenter
898 1204 1118 1256 colligitur,
1161 1212 1276 1242 totam

157 1266 252 1305 belli
283 1277 477 1303 summam
505 1264 545 1300 in
576 1273 619 1299 eo
648 1269 776 1313 postea
792 1260 939 1308 fuisse,
969 1272 1040 1296 uon
1061 1266 1189 1295 utrum
1211 1256 1276 1293 ad-

155 1321 257 1357 mitti
286 1318 421 1356 debeat
449 1317 569 1368 gratia
612 1314 839 1361 voluntatis,
876 1314 945 1351 -sed
987 1326 1036 1349 an
1065 1312 1118 1350 ita
1144 1323 1276 1348 omnes

156 1372 358 1412 voluntatis
389 1379 518 1408 nostrae
549 1376 671 1406 motus
691 1367 929 1420 praeveniat,
961 1374 999 1402 ut
1019 1365 1176 1402 omniuo
1192 1376 1276 1414 gra-

158 1428 252 1464 tuita
282 1428 354 1462 sit.
382 1425 480 1461 Saue
502 1423 541 1460 S.
565 1422 792 1472 Augustinus
823 1421 862 1457 in
892 1419 964 1456 lib.
988 1418 1036 1455 cle
1052 1417 1153 1454 dono
1172 1429 1274 1465 pers.

156 1494 242 1531 cap.
275 1492 311 1516 2.
343 1487 455 1515 totam
484 1476 744 1526 disputationis
774 1471 915 1511 molem
945 1485 1034 1508 cum
1064 1469 1276 1519 pelagianis

156 1534 203 1570 ad
235 1532 317 1568 liaec
347 1531 418 1567 tria
447 1529 570 1579 capita
600 1535 776 1571 revocat,
819 1525 865 1561 de
894 1524 1090 1574 gratuitate
1119 1522 1275 1572 gratiae,

155 1587 203 1623 de
234 1586 310 1622 vita
325 1582 550 1619 Sanctorum
581 1579 659 1616 sine
687 1578 997 1630 quibuscumque
1018 1575 1211 1628 peccatis,
1242 1573 1277 1609 &

156 1637 202 1676 de
232 1644 386 1687 peccato
415 1632 622 1685 originali.
655 1661 688 1680 .‚,
720 1631 814 1668 Tria
843 1639 926 1667 sunt
944 1659 954 1676 ,
986 1639 1025 1665 ut
1054 1628 1154 1664 scitis
1176 1656 1186 1674 ,
1210 1629 1276 1663 Αἰη-

214 1694 314 1738 quit,
343 1701 431 1740 quae
464 1687 631 1723 maxime
659 1684 837 1722 adversus
857 1695 915 1718 eos
936 1678 1125 1718 catholica
1145 1679 1275 1716 defeu-

215 1744 269 1781 dit
292 1739 498 1786 Ecclesia,
539 1751 707 1790 quorum
737 1745 788 1773 est
819 1749 938 1772 unum
957 1764 966 1781 ,
1010 1734 1170 1785 gratiam
1200 1732 1275 1770 Dei

213 1795 418 1833 secundum
452 1793 586 1829 merita
616 1799 736 1828 nostra
765 1790 874 1826 dari:
917 1787 1081 1825 alterum
1119 1794 1195 1833 est,
1236 1786 1276 1823 in

215 1856 525 1901 quantacumque
555 1844 698 1895 justitia
715 1844 795 1880 sine
815 1841 1163 1893 qualibuscumque
1185 1852 1272 1890 pec-

215 1903 308 1941 catis
336 1902 375 1938 in
405 1900 474 1937 hoc
504 1896 748 1949 corruptibili
778 1908 935 1946 corpore
977 1894 1171 1931 neminem
1216 1892 1276 1930 vi·

159 1985 185 2005 „
216 1966 328 1993 vere:
368 1954 523 1991 tertium
563 1959 642 1998 est,
683 1949 894 1987 obnoxium
933 1949 1034 1985 nasci
1079 1946 1274 1984 homiuem

157 2038 184 2058 ,‚
216 2016 367 2060 peccato
397 2006 515 2057 primi
545 2003 779 2042 hominis&
809 2003 1004 2039 Omisisset
1028 2014 1080 2038 ne
1100 2000 1275 2049 Augusti-

155 2075 225 2099 nus
255 2060 352 2099 illud
380 2058 565 2098 Ecclesiae
596 2059 756 2108 dogma:
784 2059 922 2107 gratia
947 2067 1028 2091 non
1058 2053 1186 2091 solam
1216 2055 1275 2089 in·

153 2115 373 2160 tellectum,
402 2111 473 2149 sed
501 2115 627 2148 etiam
656 2112 897 2148 volicstaettem
926 2111 1090 2144 interius
1110 2104 1277 2157 adjuva·

156 2172 217 2216 ri,
247 2169 276 2206 si
306 2165 403 2204 illud
432 2164 559 2203 adhuc
587 2176 722 2215 negare
752 2162 1000 2213 perrexissent
1030 2157 1249 2210 Pelagiani?

212 2220 278 2265 44.
305 2220 441 2270 Neque
470 2230 560 2256 vero
588 2219 673 2269 quis
692 2225 872 2267 negaret,
894 2214 942 2252 ss.
964 2214 1167 2252 Doctorem
1183 2212 1274 2250 scri-

188 2274 275 2311 sisse
304 2271 451 2309 librum
482 2269 528 2307 de
559 2269 659 2307 dono
687 2271 993 2319 perseverantiae
1037 2280 1110 2304 uon
1144 2274 1275 2303 contra

157 2288 407 2378 ‘lielagianoQ
437 2323 499 2361 sed
528 2332 657 2360 contra
686 2322 1035 2374 semipelagianos.
1076 2320 1160 2357 >Hoc
1189 2320 1274 2371 qui-

158 2379 246 2417 dem
277 2390 350 2416 non
378 2389 586 2428 negamus,
624 2375 689 2412 <sed
722 2378 758 2413 iu
786 2374 853 2411 illo
882 2377 989 2413 initio
1031 2374 1273 2411 manifestum

162 2442 240 2480 est,
271 2445 358 2469 eum
389 2443 498 2481 agere
525 2429 572 2467 de
601 2429 697 2466 veris
727 2426 964 2478 Pelagianis,
1004 2427 1108 2480 quod
1137 2425 1199 2465 vel
1227 2439 1274 2463 ex

161 2499 206 2523 eo
234 2483 312 2522 solo
340 2483 486 2537 liquet,
515 2481 616 2534 quod
645 2489 774 2519 contra
801 2494 862 2518 eos
893 2491 1087 2531 peccatum
1110 2480 1273 2532 origina-

160 2538 198 2576 le
226 2538 445 2576 statuat-‚lut
466 2537 576 2574 enim
607 2533 821 2572 videbimus
850 2534 1033 2581 inferius,
1063 2533 1276 2586 Semipela-

161 2592 264 2643 glani
286 2597 494 2643 peccatum
522 2586 709 2639 originale
736 2600 812 2625 non
842 2587 1054 2638 negabant.

218 2643 284 2689 45.
313 2642 512 2680 Secundo.
540 2641 646 2678 Idem
676 2640 714 2678 S.
737 2640 834 2691 Aug.
867 2642 904 2677 in
932 2639 1002 2678 lib.
1032 2638 1080 2676 (le
1106 2640 1276 2691 gran&

167 2696 231 2734 lib.
259 2693 346 2732 arb.
365 2723 375 2743 ,
405 2707 519 2746 quem
548 2708 637 2731 ann.
667 2692 760 2738 426.
782 2723 793 2740 ,
822 2703 884 2730 aut
914 2708 993 2745 seq.
1024 2691 1276 2741 elucubravit,

168 2763 254 2800 cap.
289 2748 349 2792 14.
378 2747 424 2784 de
452 2745 663 2796 Pelagianis
698 2745 881 2796 loquens:
929 2777 953 2795 „
984 2760 1073 2784 cum
1107 2746 1276 2794 fuerint,

167 2831 192 2851 „
223 2803 366 2852 inquit,
389 2800 555 2837 ‘convicti
583 2811 656 2835 non
684 2799 895 2838 defensores
914 2830 924 2848 ,
966 2801 1030 2837 sed
1060 2798 1276 2848 inflatores,

171 2884 196 2904 υ
225 2850 699 2906 &praecipitatoresliberi
713 2852 884 2901 arbitrii,
911 2854 1006 2905 quia
1021 2866 1140 2904 neque
1157 2854 1278 2891 scien-

169 2937 195 2958 „
225 2908 277 2945 tia
305 2906 449 2945 divinae
479 2903 600 2956 legis,
620 2917 749 2955 ¹neque
778 2915 931 2954 natura,
962 2919 1085 2958 neque
1115 2905 1193 2943 sola
1221 2919 1279 2943 re-

169 2989 196 3010 ,‚
226 2959 354 2998 missio
381 2966 623 3010 peccatorum
653 2966 705 2994 est
733 2956 800 2995 illa
827 2960 946 3010 gratia
965 2989 975 3008 ,
1005 2973 1091 3011 quae
1121 2972 1188 3011 per
1217 2959 1277 2997 Je-

172 3043 199 3063 „
227 3027 312 3052 sum
339 3011 531 3050 Christum
551 3009 766 3049 Dominum
779 3010 958 3051 Nostrum
986 3012 1125 3061 datur,
1154 3012 1216 3051 sed
1244 3016 1276 3053 i-

156 1721 184 1741 >³

158 1774 185 1794 >²

156 1826 182 1847 5)

158 1880 185 1900 >9

158 1932 185 1952 :³

225 3177 276 3213 (a)
304 3172 542 3216 Rel'ragantnr
565 3178 694 3215 praeter
720 3170 804 3204 alios
823 3171 900 3203 'sere
926 3174 1156 3208 communiter
1179 3174 1286 3209 Moli-

171 3219 298 3259 nistae:
338 3228 551 3262 quamquam
579 3218 670 3249 inter
696 3228 752 3249 eos
778 3216 812 3248 P.
840 3217 938 3250 Joan.
965 3221 1182 3261 Garnerius,
1217 3233 1287 3266 quo

171 3266 320 3301 fortasse
345 3276 446 3297 nemo
471 3261 676 3308 profundius
716 3263 806 3295 inter
844 3265 1051 3298 recentiores
1087 3267 1286 3310 Pelagiano—

173 3322 255 3344 :rum
279 3309 474 3347 doctrinam
494 3309 722 3354 penetravit,
760 3309 913 3352 aliquam
940 3309 1140 3345 interiorem
1166 3315 1290 3346 volun-

178 3358 263 3390 tatis
287 3357 438 3401 gratiam
463 3368 481 3388 a
509 3355 702 3399 pelagianis
725 3353 916 3388 admissam
942 3356 1046 3387 fuisse
1072 3358 1177 3392 tradit
1209 3361 1290 3393 Dis-

179 3411 262 3437 sert.
277 3403 372 3438 Vlll.
396 3407 434 3439 s'n
444 3401 594 3438 Marium
611 3401 841 3438 mercatorem
865 3412 940 3446 cap·
959 3411 990 3435 2·
1010 3404 1041 3437 ὅ(
1056 3403 1086 3439 5.
1111 3403 1149 3438 ld
1173 3406 1289 3450 ipsum

1344 278 1369 297 ,,
1401 263 1468 300 psa
1498 248 1610 296 tacit,
1652 260 1691 286 nt
1720 249 1780 286 lex
1810 248 2045 300 iiiipleatm,
2083 255 2123 286 ut
2155 255 2289 288 tratura
2317 248 2457 288 libere-

1344 331 1370 350 „
1399 312 1459 338 tur
1477 331 1487 348 ,
1518 315 1565 337 ne
1593 312 1789 351 peccatum
1818 303 2058 347 dominetur3
2099 314 2189 339 cum
2217 315 2305 354 ergo
2333 305 2371 341 in
2401 303 2460 341 his

1348 384 1374 403 „
1403 354 1566 391 convicti
1597 355 1758 403 fuerint,
1788 356 1835 392 ad
1865 355 1934 392 hoc
1965 369 2001 391 se
2030 363 2275 404 convertunt,
2306 365 2344 395 ut
2364 370 2458 410 quo-

1348 437 1374 456 „
1404 419 1569 456 cunique
1599 407 1709 444 modo
1736 418 1918 447 conentur
1950 408 2162 455 ostendere,
2190 411 2350 458 gratiam
2385 410 2459 448 Dei

1348 490 1374 508 „
1405 459 1614 498 secuudum
1644 462 1779 500 merita
1808 471 1933 499 nostra
1961 461 2045 498 dari
2065 464 2092 482 ‘⁶
2112 487 2122 498 .
2153 460 2304 507 Quibus
2333 463 2460 500 verbis

1345 514 1581 564 significatur
1601 510 1818 563 Pelagianos
1838 513 2122 553 Catholicorum
2152 515 2384 565 argumentis
2411 515 2460 553 ad

1347 568 1481 603 incitas
1513 563 1631 603 veluti
1661 567 1852 615 redactos,
1894 581 1979 606 eain
2019 567 2173 605 demum
2201 570 2364 619 gratiam
2394 567 2459 606 ad-

1348 620 1493 656 misisse
1511 648 1521 665 ,
1551 630 1638 668 quae
1668 616 1816 668 aliquid
1845 619 1949 657 aliud
1978 629 2069 658 esset
2098 631 2235 672 praeter
2255 631 2430 659 naturam
2448 651 2460 668 ,

1347 671 1513 709 liberum
1553 671 1784 717 arbitrium,
1827 673 2085 712 remissionem
2119 683 2390 726 peccatorum,
2427 673 2462 710 &

1349 724 1469 776 legem
1500 726 1621 775 ipsam
1640 753 1650 770 ,
1680 735 1756 774 quo
1785 724 1938 760 nomine
1967 724 2007 760 S.
2029 729 2226 778 Augustiu.
2250 727 2461 778 intelligere

1346 779 1436 815 solet
1467 791 1540 814 nou
1571 776 1694 814 solum
1725 786 1922 824 externas,
1966 777 2028 813 sed
2070 781 2184 818 etiam
2215 784 2373 821 internas
2403 794 2461 818 re-

1348 830 1553 870 velationes
1583 833 1598 880 (
1634 828 1723 867 Vid.
1740 828 1786 866 de
1799 838 1906 881 grets.
1931 827 2019 867 Clzr.
2036 842 2071 868 c.
2090 843 2126 880 7.
2164 834 2196 868 ἃ
2213 834 2308 882 8.),
2351 847 2460 871 nem·

1347 898 1395 935 pe
1442 884 1635 921 admisisse
1682 897 1767 920 eam
1808 883 1996 934 gratiam,
2037 897 2126 934 quae
2165 885 2281 933 facit,
2325 896 2364 922 ut
2401 887 2465 925 lex:

1349 935 1582 988 impleatur,
1613 944 1652 972 ut
1682 946 1818 974 natura
1847 934 2052 984 liberetur,
2096 951 2142 974 ne
2171 949 2369 988 peccatum
2399 939 2463 976 do-

1346 992 1511 1027 minetur
1529 1019 1539 1036 ,
1572 1002 1647 1027 uno
1677 988 1792 1026 verbo
1820 990 1980 1040 gratiam
2011 989 2236 1039 voluntatis,
2266 990 2300 1027 δε
2329 1005 2462 1041 opera.-

1346 1044 1455 1080 tionis
1473 1072 1483 1088 ,
1513 1043 1547 1078 ἃ
1578 1045 1616 1080 in
1647 1041 1716 1079 hoc
1746 1041 1822 1079 solo
1843 1041 2062 1093 Pelagianos
2091 1059 2113 1081 a
2143 1056 2233 1082 vero
2258 1044 2465 1082 exorbitas-

1347 1110 1383 1134 se
1413 1096 1532 1143 dicit,
1562 1096 1663 1146 quod
1694 1095 1790 1133 lianc
1818 1096 1979 1146 gratiam
2009 1097 2217 1134 secundum
2240 1098 2373 1135 merita
2396 1110 2463 1133 no-

1347 1158 1421 1187 stra
1450 1150 1533 1186 dari
1562 1150 1836 1199 opinarentur.
1878 1150 2000 1185 lmmo
2029 1148 2235 1201 Pelagianix
2254 1164 2324 1188 nou
2355 1163 2464 1201 repo-

1345 1202 1484 1240 nebant
1514 1203 1649 1240 merita
1678 1202 1935 1254 praecedentia
1962 1204 2151 1253 gratiam,
2195 1205 2233 1242 iu
2267 1202 2464 1254 aliquibus

1345 1256 1455 1294 bonis
1482 1254 1660 1307 operibus
1691 1255 1796 1293 factis
1826 1256 1906 1292 sine
1934 1256 2075 1305 gratia,
2105 1257 2169 1294 sed
2200 1258 2238 1294 in
2266 1255 2345 1295 sola
2365 1256 2465 1294 bona

1343 1309 1532 1348 voluntate
1551 1338 1561 1356 ,
1605 1307 1638 1344 8t
1670 1309 1772 1346 fide.
1817 1337 1842 1355 „
1872 1307 2017 1346 Dicunt
2051 1310 2151 1347 enini
2170 1339 2180 1357 ,
2221 1312 2464 1361 prosequitur·

1345 1392 1370 1410 „
1402 1361 1443 1399 S.
1467 1362 1630 1413 August.
1663 1362 1740 1412 (de
1755 1371 1850 1413 grat.
1872 1361 1905 1397 Sc
1927 1360 1997 1398 lib.
2012 1361 2096 1401 arb.
2113 1374 2204 1413 cap.
2226 1362 2286 1407 14.
2308 1364 2322 1409 )
2342 1392 2352 1409 ,
2395 1361 2465 1399 etsi

1346 1444 1372 1462 „
1403 1427 1477 1451 non
1507 1416 1616 1451 datur
1645 1416 1852 1451 secundum
1885 1414 2022 1453 merita
2056 1415 2245 1453 bonorum
2275 1427 2466 1465 operum,

1346 1495 1372 1514 2>
1402 1467 1495 1517 (lilia
1525 1479 1592 1516 per
1623 1467 1745 1517 iPSalD
1773 1466 1872 1503 bene
1900 1479 2130 1516 ΟρθΓᾶΠΙΠΓ,
2173 1477 2300 1505 ῘᾶΠΙΘΠ
2331 1480 2464 1506 SGCUU‘

1346 1549 1373 1567 „
1403 1520 1494 1556 dum
1526 1519 1661 1557 merita
1686 1519 1801 1557 honae
1836 1517 2037 1557 voluntatis
2065 1520 2204 1568 datur,
2241 1521 2336 1572 quia
2362 1519 2464 1557 bona

1347 1601 1374 1620 „
1405 1571 1598 1618 voluutas,
1622 1572 1827 1621 inquiunt,
1850 1573 2031 1622 praecedit
2052 1574 2188 1610 orantis
2206 1603 2216 1620 ,
2232 1587 2348 1624 quam
2365 1585 2466 1624 prae-

1346 1653 1373 1673 „
1404 1625 1511 1662 cessit
1540 1623 1711 1662 voluntas
1741 1625 1948 1672 credentis,
1979 1634 2017 1662 ut
2047 1626 2256 1663 secuudum
2279 1625 2362 1665 liaee
2384 1639 2463 1663 me-

1345 1706 1372 1725 „
1403 1679 1473 1714 rita
1502 1678 1623 1727 gratia
1645 1687 1829 1728 sequatur
1859 1678 2096 1717 exaudientis
2126 1678 2199 1724 Dei
2215 1682 2266 1715 “t
2297 1679 2393 1716 unde
2422 1694 2462 1718 a-

1344 1730 1415 1768 lias
1443 1744 1541 1782 saepe
1573 1731 1673 1767 idem
1705 1731 1934 1781 Augustinus
1962 1731 2104 1778 refert,
2148 1730 2365 1783 Pelagianos
2394 1733 2468 1773 tria

1346 1785 1480 1821 merita
1508 1785 1668 1833 gratiam
1700 1783 1916 1834 praecedere
1946 1784 2143 1831 docuisse,
2173 1786 2340 1835 primam
2371 1783 2466 1822 boni

1345 1837 1592 1889 cupiditatem
1613 1866 1623 1883 ,
1653 1835 1770 1873 fidem
1794 1866 1804 1884 ,
1849 1834 1881 1871 8<
1906 1838 2115 1874 orationem
2148 1839 2162 1887 (
2195 1837 2284 1875 Vid.
2305 1837 2394 1875 Lib.
2416 1837 2466 1876 Il.

1342 1891 1390 1928 ad
1420 1890 1545 1927 Bonif.
1576 1902 1663 1941 cap.
1685 1889 1723 1927 8.
1756 1888 1788 1924 ἃ
1810 1889 1899 1928 Lib.
1918 1889 1988 1927 IV.
2018 1904 2104 1942 cap.
2128 1903 2186 1928 ii.
2208 1888 2247 1937 ).

1398 1942 1464 1988 46.
1487 1942 1620 1979 Tertio
1634 1969 1643 1980 .
1665 1943 1704 1980 S.
1722 1942 1862 1980 Doctor
1879 1944 1916 1981 in
1937 1942 2007 1981 lib.
2022 1942 2070 1981 <Ie
2087 1940 2328 1991 Haeresibzcs,
2350 1956 2466 1995 quem

1344 2006 1510 2034 extremo
1539 2010 1617 2033 suae
1646 1998 1736 2034 vitae
1762 2006 1936 2048 *tempore
1973 1998 2194 2048 conscripsit
2213 2027 2222 2045 ,
2266 1996 2463 2049 duplicem

1343 2051 1539 2101 distinguit
1569 2050 1728 2101 gratiam
1760 2064 1782 2087 a
1804 2049 2014 2102 Pelag'ianis
2043 2051 2270 2097 admissam,
2300 2050 2462 2090 alteram

1344 2103 1596 2156 probabiliter
1624 2113 1664 2141 nt
1694 2105 1974 2152 necessariam,
2016 2118 2156 2155 nempe
2192 2103 2312 2155 legis,
2350 2097 2463 2156 atque

1334 2158 1527 2194 doctrinae
1546 2186 1557 2205 ,
1593 2159 1692 2209 quia
1722 2170 1834 2195 nemo
1860 2158 1961 2196 bene
1992 2159 2143 2209 operari
2180 2166 2324 2209 potest,
2367 2170 2463 2208 quin

1342 2211 1451 2262 prius
1479 2211 1625 2248 bonum
1652 2221 1877 2263 cognoscat,
1921 2210 2078 2249 alteram
2123 2225 2210 2249 vere
2250 2219 2287 2248 ut
2316 2218 2465 2248 tantum

1343 2263 1478 2301 utilem
1496 2294 1506 2311 ,
1536 2263 1680 2302 scilicet
1710 2266 1871 2314 gratiam
1901 2266 2156 2315 operationi93
2187 2262 2220 2300 δε
2248 2262 2388 2301 dehac
2409 2277 2464 2300 se·

1343 2318 1469 2356 cunda
1497 2318 1622 2369 inquit
1653 2317 1816 2368 (haeres.
1833 2317 1955 2364 880:
1987 2316 2203 2368 „Pelagius
2232 2331 2254 2355 a
2283 2315 2466 2354 fratribus

1344 2399 1370 2419 „
1399 2371 1636 2421 increpatus,
1673 2371 1776 2422 qnod
1807 2369 1901 2408 nibil
1935 2370 2120 2408 tribueret
2158 2369 2347 2420 adjutorio
2379 2382 2465 2420 gra-

1343 2453 1369 2472 „
1399 2424 1461 2460 tiae
1493 2424 1538 2461 ad
1568 2421 1650 2474 ejus
1679 2424 1856 2462 mandata
1875 2423 2053 2460 facienda
2076 2426 2157 2475 (en
2172 2426 2353 2475 gratiam
2373 2434 2464 2473 ope-

1344 2507 1370 2527 „
1399 2478 1627 2526 rationis),
1670 2478 1899 2528 correptioni
1937 2489 2068 2513 eorum
2107 2476 2286 2513 hactenus
2324 2475 2461 2522 cessit,

1345 2560 1371 2580 „
1401 2539 1442 2567 nt
1471 2544 1545 2568 non
1575 2544 1660 2568 eam
1688 2530 1813 2567 libero
1840 2529 1999 2567 arbitrio
2025 2538 2292 2580 praepoueret,
2323 2528 2384 2565 sed
2406 2528 2464 2565 in-

1346 2612 1371 2634 „
1401 2583 1506 2621 fideli
1527 2583 1730 2622 calliditate
1751 2590 1976 2635 supponeret
1994 2610 2005 2628 ,
2030 2581 2164 2619 dicens
2179 2612 2190 2630 ,
2220 2581 2266 2619 ad
2289 2580 2358 2618 hoe
2382 2594 2466 2618 eam

1344 2668 1373 2689 ‚,
1402 2638 1484 2676 dari
1516 2636 1764 2686 hominibus,
1794 2646 1834 2674 ut
1864 2649 1950 2687 quae
1981 2635 2107 2673 facere
2129 2649 2194 2686 per
2213 2634 2382 2672 liberum
2403 2633 2465 2683 ju-

1348 2721 1374 2740 „
1404 2691 1541 2730 bentur
1570 2690 1804 2737 arbitrium,
1846 2688 1997 2727 facilius
2028 2690 2167 2740 possint
2205 2686 2368 2741 implere
2396 2700 2465 2738 per

1347 2774 1372 2793 ,‚
1403 2745 1565 2796 gratiam
1586 2746 1613 2765 ‘⁶
1631 2770 1642 2781 .
1681 2744 1754 2782 Hic
1784 2755 1934 2779 rursum
1965 2742 2005 2779 in
2034 2755 2078 2779 eo
2107 2741 2232 2780 solum
2261 2738 2464 2792 reprelien-

1345 2798 1447 2835 ditur
1470 2797 1667 2849 Pelagius,
1696 2795 1797 2847 qnod
1825 2797 1986 2846 gratiam
2007 2804 2233 2848 supponeret
2261 2793 2384 2833 libero
2403 2806 2465 2831 ar-

1345 2850 1460 2889 bitrio
1478 2881 1489 2900 ,
1520 2864 1590 2888 non
1618 2849 1718 2901 quod
1749 2862 1832 2885 eam
1862 2857 2035 2899 negaret.

1401 2905 1466 2956 47.
1497 2904 1629 2954 Neque
1657 2900 1786 2950 obest,
1816 2903 1917 2954 quod
1948 2902 2048 2940 idern
2078 2901 2118 2939 S.
2148 2900 2189 2940 P.
2219 2901 2264 2939 de
2293 2899 2462 2951 Pelagia-

1346 2959 1405 2996 nis
1436 2958 1540 2996 illico
1568 2954 1727 2992 subdat:
1753 2985 1781 3002 „
1803 2969 1846 2993 ac
1878 2969 1943 3008 per
1973 2954 2043 2993 hoc
2064 2955 2247 2993 divinitus
2268 2954 2379 2992 nobis
2399 2954 2463 2990 da-

1347 3042 1374 3061 „
1405 3013 1438 3049 ri
1466 3008 1660 3048 scientiam
1678 3009 1910 3047 ‘confitentur
1928 3039 1939 3059 ,
1969 3022 2045 3061 qua
2061 3009 2268 3061 ignorantia
2285 3006 2463 3059 pellitur,

2280 3088 2306 3109 „
2323 3057 2413 3097 clia-

1353 3172 1424 3210 {use
1450 3168 1599 3214 probant.
1622 3170 1880 3205 Contensonins
1908 3167 2070 3215 Theolog.
2097 3171 2246 3208 mentis,
2281 3168 2323 3200 (φ’
2348 3166 2483 3198 cordIS‘

1355 3220 1455 3254 Tom.
1471 3216 1513 3249 V.
1534 3217 1681 3250 Dissert.
1699 3219 1756 3249 lll.
1783 3218 1873 3250 Hist.
1893 3231 2015 3262 ‹Juaeres
2036 3220 2137 3250 tertio
2152 3236 2163 3255 ,
2182 3213 2354 3249 Antonius
2373 3214 2468 3245 Gou-

1352 3264 1412 3300 din
1437 3262 1490 3295 De
1515 3271 1607 3305 grrtc.
1634 3264 1725 3297 Part.
1742 3264 1784 3296 ll.
1812 3275 1870 3307 qu.
1888 3264 1912 3296 l.
1929 3285 1940 3303 ,
1966 3267 1997 3296 &
2025 3263 2083 3296 alii
2110 3269 2235 3306 praeter
2262 3259 2466 3292 Cornelium

1355 3309 1561 3395 gansenljum
1588 3310 1665 3344 Lib.
1692 3310 1752 3343 Vt.
1781 3308 1836 3343 De
1862 3309 1991 3345 Haeres.
2018 3309 2136 3353 Pelag.
2162 3307 2285 3353 primis
2312 3306 2466 3351 quinque

1381 3364 1472 3403 ιειμι]
1503 3367 1539 3393 us
1559 3376 1567 3386 .
