2562 3694
774 162 1156 206 REFELLITUR
1192 161 1671 209 PROBABILISMUS
1689 196 1701 208 .

582 290 623 344 ᾗ.
654 292 722 331 lV.

360 396 569 450 Resellilur
596 397 905 438 Probabiltsmus
926 427 939 440 .

145 502 213 550 48.
230 482 355 551 Cum
383 514 489 544 extra
517 508 813 545 controversiam
841 509 917 553 sit,
965 506 1013 545 ad
1042 514 1140 544 recte
1169 519 1210 543 o-

89 559 303 609 perandum
334 560 478 611 requiri
506 558 698 610 judicium
717 590 726 608 ,
757 575 820 598 seu
849 561 1040 599 dictamen
1071 561 1209 613 practi-

88 622 180 648 cum
197 640 207 658 ‚
238 612 386 650 saltem
414 613 622 651 moraliter
651 624 802 651 certum
820 644 831 662 ,
868 615 915 651 de
945 613 1134 652 honestate
1162 627 1204 651 a·

89 664 225 703 ctionis
254 668 270 716 (
300 666 377 703 vid.
407 679 519 717 supra
549 680 658 705 num.
685 666 744 705 18.
775 668 789 716 )
813 697 824 715 ‚
852 669 963 705 totius
983 667 1203 719 quaestionis

89 716 208 754 cardo
235 719 274 757 in
297 717 366 756 hoe
398 732 473 757 uno
503 720 740 768 revolvitur,
768 735 817 758 an
838 719 931 768 ille,
960 721 1027 772 qui
1056 720 1203 772 opinio-

72 782 176 808 ·nem
198 772 322 808 minus
350 781 467 809 tutam
488 774 660 826 sequitur
676 802 688 821 ‚
717 773 795 811 alia
826 773 958 810 relicta
976 802 986 820 ,
1017 786 1105 824 quas
1126 785 1204 810 non

87 822 214 860 sotum
245 826 384 872 tutior,
413 825 476 862 sed
506 840 642 877 aeque,
682 835 744 864 aut
775 826 890 864 etiam
921 827 1039 876 magis
1068 826 1206 878 proba-

88 874 182 915 bilis
211 886 290 926 est,
338 879 454 930 possit
481 880 555 917 eibi
585 879 805 929 huiusmodi
847 880 1038 917 dictamen
1070 880 1209 930 practi-

90 942 182 968 cum
212 931 420 969 moraliter
445 941 598 970 certum
634 931 681 968 de
712 931 901 970 honestate
930 932 1089 970 actionis
1119 945 1209 983 pru-

89 982 220 1021 denter
248 983 450 1022 efformare
467 1009 479 1022 .
507 984 772 1023 Probabilistae
794 986 924 1036 utique
953 984 1106 1031 vident,
1134 997 1208 1022 nou

89 1048 196 1087 posse
225 1037 300 1076 tale
326 1037 515 1075 dictamen
545 1036 739 1075 moraliter
767 1047 912 1075 certum
943 1037 1135 1075 efformari
1165 1050 1210 1074 ex

89 1090 293 1142 principiis
311 1090 470 1128 directis
485 1119 497 1139 ,
526 1104 666 1142 nempe
685 1103 731 1128 ex
751 1091 1007 1128 fundamentis
1024 1119 1035 1137 ,
1064 1091 1206 1142 quibus

89 1143 224 1194 opinio
251 1144 378 1182 minus
405 1151 483 1181 tuta
510 1144 686 1181 innititur
706 1172 717 1192 ,
748 1153 873 1195 utpote
901 1145 993 1197 quia
1024 1143 1105 1182 liaec
1135 1144 1206 1181 du-

88 1193 156 1233 bia
183 1203 294 1242 sunt3
341 1196 568 1235 contendunt
597 1205 721 1234 tamen
750 1199 849 1235 lianc
878 1196 1064 1235 moralem
1094 1198 1205 1235 certi-

86 1246 260 1286 tudinem
290 1249 331 1287 in
361 1251 474 1301 praxi
499 1249 665 1288 obtineri
687 1263 789 1302 posse
817 1263 861 1287 ex
893 1251 1094 1303 principiis
1127 1252 1205 1288 suis

84 1298 281 1352 reflexis,
328 1302 471 1354 quibus
498 1312 646 1341 certum
675 1316 752 1341 esse
780 1304 1012 1342 arbitrantur
1029 1333 1040 1351 ‚
1087 1304 1205 1341 licere

85 1353 248 1392 cuilibet
275 1355 495 1407 opinionem
527 1358 654 1394 minus
690 1365 809 1394 tutam
837 1355 1048 1408 amplecti,
1094 1357 1205 1394 dum-

85 1407 200 1444 modo
225 1407 273 1445 sit
301 1421 388 1445 vere
418 1408 627 1459 probabilis
644 1435 655 1447 .
687 1408 758 1448 Res
779 1409 988 1448 illustratur
1009 1409 1205 1461 exemplo.

85 1459 185 1497 Cum
206 1460 301 1498 inter
317 1459 528 1512 Tlieologos
547 1465 834 1500 controvertitur
849 1493 860 1511 ‚
889 1478 939 1501 an
955 1463 1095 1515 aliquis
1115 1475 1205 1500 con·

87 1519 228 1551 tractus
255 1515 302 1551 sit
332 1516 552 1563 usurarius,
583 1514 643 1553 vel
671 1517 926 1564 simoniacus,
955 1516 989 1552 &
1018 1518 1207 1554 contraria

84 1567 263 1618 utrinque
305 1565 476 1617 ejusdem
519 1568 696 1619 ponderis
738 1569 950 1606 afferuntur
979 1578 1204 1616 momenta,

82 1628 230 1656 certum
259 1628 333 1666 est,
361 1620 610 1670 opinionem,
651 1634 740 1672 quae
769 1622 862 1658 dicit
890 1630 1125 1658 contractum
1155 1620 1203 1657 li·

81 1672 157 1709 cite
187 1672 278 1710 iniri
307 1684 439 1723 posse,
469 1674 616 1710 attentis
647 1675 849 1725 principiis
878 1672 1063 1721 directis,
1094 1687 1202 1711 nem·

84 1737 133 1775 pe
162 1726 381 1762 auctoritate
403 1724 685 1778 'l'lieologorum
704 1757 714 1774 ,
744 1727 777 1763 ἃ
809 1729 999 1765 rationum
1030 1739 1202 1764 momen-

85 1777 160 1824 tis,
190 1790 267 1815 esse
295 1778 482 1824 dubiam3
518 1779 686 1832 adeoque
715 1783 863 1817 attentis
894 1780 950 1817 his
978 1779 1065 1817 solis
1097 1783 1201 1831 prin-

82 1830 198 1880 cipiis
225 1829 385 1869 directis
414 1831 527 1870 facile
555 1833 769 1870 concedunt
799 1833 1086 1881 Probabilistae,
1136 1846 1201 1869 ne-

83 1884 232 1922 minem
261 1883 351 1925 sibi.
376 1896 484 1936 posse
512 1885 558 1923 de
588 1884 781 1925 honestate
813 1896 1034 1929 ,contractus
1065 1887 1203 1938 practi-

84 1947 176 1974 cum
205 1937 396 1976 dictamen
437 1936 640 1977 efformare
676 1939 881 1978 moraliter
922 1950 1067 1978 certum
1090 1966 1099 1977 .
1156 1940 1206 1976 At

83 2002 176 2028 vero
203 1997 362 2042 putant,
411 1989 508 2031 lianc
537 1991 724 2031 moralem
751 1994 1016 2031 certitudinem
1046 2007 1069 2030 a
1097 1992 1202 2043 prin-

82 2043 198 2094 cipiis
225 2042 313 2082 aliis
340 2042 507 2096 reflexis
534 2046 706 2085 derivati
724 2059 860 2099 posse,
890 2046 961 2084 hoc
992 2047 1069 2083 fere
1097 2045 1200 2082 insti-

87 2103 168 2132 tuto
209 2097 432 2135 ratiocinio:
481 2127 509 2146 „
535 2099 648 2137 Certa
689 2109 910 2151 argumenta
952 2108 1064 2146 sunt,
1110 2111 1200 2149 quae

86 2175 114 2195 „
142 2146 258 2199 plane
279 2150 529 2200 persuadent,
559 2165 666 2202 posse
693 2165 758 2189 uos
787 2153 826 2189 iu
844 2154 951 2203 praxi
980 2151 1200 2203 opinionem

87 2229 113 2248 ‚‚
142 2200 270 2238 minus
298 2210 420 2239 tutam
448 2201 584 2255 sequi,
611 2205 819 2242 dummodo
847 2206 892 2241 sit
922 2217 1036 2252 vere,
1065 2204 1201 2240 solide-

86 2282 114 2301 „
141 2266 218 2305 que
259 2253 501 2305 probabilis;
547 2269 616 2294 seu
645 2266 684 2293 ut
712 2258 834 2306 aliqui
876 2258 978 2309 loqui
1019 2265 1166 2294 amant
1187 2269 1201 2293 .-

87 2334 113 2354 „
143 2307 255 2353 Quod
285 2315 365 2354 est,
412 2307 645 2358 speculative
676 2309 902 2361 probabile,
950 2320 1001 2348 est
1038 2312 1202 2361 practice

86 2387 112 2407 „
142 2367 294 2405 tutum;
340 2362 446 2412 atqui
488 2363 619 2413 opinio
658 2363 796 2401 docens
824 2372 1058 2402 contractum
1096 2363 1200 2401 hunc

81 2439 108 2460 „
140 2424 216 2450 non
239 2425 317 2450 esse
337 2416 555 2453 usurarium
574 2415 634 2452 vel
649 2416 901 2455 simoniacum
920 2446 932 2465 ‚
960 2430 1199 2469 quamquam

82 2493 109 2513 ‚‚
140 2466 266 2503 minus
295 2475 401 2513 tuta,
430 2476 483 2505 est
512 2476 637 2506 tameo
657 2483 772 2517 vere,
800 2470 997 2521 solideque
1018 2469 1199 2522 probabi-

79 2546 109 2566 „
139 2516 206 2556 lis:
234 2531 323 2571 ergo
345 2531 495 2571 possum
528 2521 624 2559 mihi
655 2521 845 2573 judicium
877 2524 1088 2574 practicum
1118 2536 1197 2560 rno-

80 2599 109 2618 ,‚
139 2571 268 2610 raliter
296 2581 442 2610 certum
473 2573 672 2613 efformare
699 2577 746 2613 dae
767 2575 880 2625 liujus
901 2585 1110 2614 contractus
1131 2575 1197 2613 lio-

83 2651 111 2671 „
140 2633 308 2674 nestate,
338 2628 885 2680 eumdemqueliciteinire’'.
916 2631 1108 2677 Quaenam
1129 2644 1196 2667 au—

76 2683 155 2714 tem
184 2679 257 2715 sint
286 2678 370 2717 liaec
399 2692 650 2732 argumenta,
696 2696 761 2720 seu
791 2683 985 2736 principia
1023 2682 1162 2721 reflexa
1184 2714 1196 2733 ,

79 2728 298 2770 videbimus
325 2733 428 2772 infra
444 2760 456 2772 .

473 2866 774 2910 PROPOSITIO
790 2896 802 2909 .

81 2993 183 3035 Cum
212 2997 302 3035 duoe
330 3007 421 3037 sunt
439 3004 640 3049 opiniones
666 3007 886 3042 contrariae
912 3016 1025 3054 oeque
1051 3002 1190 3054 proba·

130 3049 225 3090 biles
253 3056 295 3089 in
325 3058 498 3090 materia
519 3068 675 3093 morum
691 3086 703 3105 ,
733 3066 914 3094 tenemur
933 3063 1115 3095 tuti'orem
1131 3072 1190 3096 se·

131 3107 224 3151 qui:
271 3107 466 3157 multoque
496 3113 656 3161 magis,
702 3122 795 3146 cum
823 3114 953 3160 opinio
986 3117 1104 3149 tutior
1131 3121 1189 3149 est

131 3157 256 3194 etiam
282 3158 516 3209 probabilior
536 3188 546 3200 .

131 3259 197 3305 4¹·
218 3239 348 3306 Proh.
377 3269 612 3320 potissimum
643 3270 769 3320 prima
797 3283 910 3322 pars,
939 3283 1028 3308 nam
1059 3284 1189 3309 secun-

73 3313 122 3351 da
152 3328 195 3352 ex
227 3317 351 3367 prima
373 3325 572 3374 perspicue
603 3322 717 3362 ssuit.
747 3324 1070 3377 Quotiescumque
1099 3326 1186 3363 duae

70 3372 271 3408 contraria:
293 3373 487 3422 opiniones
515 3386 600 3417 sunt
621 3390 732 3429 aeque
762 3378 980 3431 probabiles
998 3408 1008 3428 ‚
1039 3393 1095 3419 res
1115 3380 1184 3417 du-

1275 241 1338 281 bia
1369 251 1446 288 est;
1476 245 1580 295 atqui
1611 253 1712 282 certa
1745 246 1873 297 regula
1902 256 1973 295 est,
2013 249 2050 287 in
2080 249 2164 299 jure
2191 249 2387 287 canonico

1275 298 1485 349 soepissime
1517 298 1698 348 repetita,
1731 308 1767 334 ut
1799 301 1837 336 in
1858 300 1985 338 dubiis
2014 304 2127 339 tutior
2156 316 2241 354 pars
2270 301 2388 354 eliga-

1278 359 1362 388 tur:
1392 363 1480 401 ergo
1509 350 1580 387 &m
1613 350 1781 403 Utraque
1802 355 1999 403 praeinissa
2028 356 2323 402 deirionstratur‚
2353 355 2387 392 ἃ

1276 406 1404 454 primo
1448 404 1531 441 loco
1568 404 1716 455 major.
1767 405 1932 443 Docente
1959 406 2000 444 S.
2030 406 2179 445 Tlioma
2208 410 2258 456 Q.
2280 408 2389 447 XlV.

1276 455 1324 493 tle
1352 460 1461 494 verit.
1491 466 1559 495 art.
1588 471 1619 495 ι.
1658 459 1861 509 propositio
1891 471 1963 496 non
1992 461 2121 498 minus
2147 461 2264 500 dubia
2293 463 2389 500 dici-

1276 519 1358 557 tur,
1395 524 1483 547 cuin
1513 510 1621 548 nulla
1650 519 1735 548 sunt
1766 520 1926 563 utraque
1954 525 1999 549 ex
2031 522 2135 564 parte
2166 524 2355 551 momenta
2376 545 2388 564 ,

1274 576 1394 615 quain
1424 577 1513 601 cum
1544 564 1711 617 aequalia
1739 574 1852 602 sunt.
1883 564 2128 614 Intellectus,
2159 567 2280 620 inquit
2312 569 2389 606 An-

1271 615 1444 668 gelicus:
1474 647 1501 665 „
1531 617 1615 656 Non
1638 617 1840 656 inclinatur
1869 620 1992 671 magis
2018 619 2066 658 ad
2096 633 2216 658 unum
2234 651 2244 668 ,
2272 634 2390 673 quam

1271 698 1298 718 ,‚
1328 669 1375 706 ad
1404 669 1536 718 aliud,
1566 671 1625 709 vel
1650 680 1800 723 propter
1819 671 2009 711 defectum
2032 675 2288 723 moventium,
2318 678 2392 714 sic-

1274 752 1302 771 „
1333 731 1372 760 ut
1409 725 1448 761 in
1492 724 1567 762 illis
1598 724 1928 777 problematibus,
1973 727 2021 764 de
2049 727 2192 780 quibus
2230 730 2392 767 rationes

1274 804 1302 824 ‚‚
1332 789 1405 813 non
1437 776 1622 816 babemus
1644 809 1654 827 ,
1685 777 1743 816 vel
1775 788 1928 830 propter
1955 790 2200 833 apparentem
2230 781 2393 834 aequali-

1276 858 1302 877 ,‚
1332 838 1443 867 tatem
1475 844 1605 869 eorum
1624 861 1635 878 ,
1681 845 1770 884 quae
1801 843 1951 871 movent
1993 835 2039 872 ad
2071 844 2274 888 utramque
2304 849 2392 888 par-

1277 911 1305 931 „
1335 890 1434 920 tem:
1480 883 1515 920 &
1544 886 1610 922 ista
1640 895 1692 923 est
1720 883 1929 924 dubitantis
1956 888 2179 940 dispositiO,
2218 890 2284 941 qui
2317 888 2390 927 ssu-

1276 964 1302 983 ,‚
1334 945 1434 974 ctuat
1464 937 1561 975 inter
1588 938 1680 976 duas
1710 947 1834 990 partes
1862 941 2168 979 contradictionis
2187 945 2229 980 “.
2286 943 2391 981 idem

1276 991 1392 1026 etiam
1423 991 1517 1027 ratio
1547 991 1658 1029 facile
1687 993 1908 1044 persuadet:
1937 997 2179 1047 nequeenim
2209 997 2334 1034 minus
2354 1011 2392 1034 e·

1277 1051 1361 1079 runt
1392 1045 1429 1080 in
1460 1045 1680 1095 aequilibrio
1708 1046 1797 1083 duae
1824 1058 1873 1098 op
1903 1048 2008 1086 ositae
2039 1048 2167 1088 lances
2195 1050 2232 1088 in
2261 1049 2359 1088 libra
2377 1080 2389 1100 ‚

1277 1098 1308 1132 si
1339 1095 1480 1144 nullis,
1527 1112 1644 1149 quam
1675 1099 1704 1136 si
1736 1100 1876 1151 aequali
1911 1115 1978 1149 us,
2010 1103 2186 1155 utrinque
2215 1117 2390 1155 preman-

1273 1158 1332 1185 tur
1363 1150 1620 1200 ponderibus3
1649 1165 1719 1189 nec
1747 1162 1847 1190 certe
1867 1155 1995 1191 minus
2014 1155 2153 1193 dubius
2175 1156 2303 1194 fuisset
2324 1157 2392 1195 Sa-

1276 1201 1405 1239 lomon
1424 1233 1434 1251 ‚
1481 1204 1528 1241 ad
1557 1217 1769 1256 quamtum
1798 1205 1962 1244 duarum
1993 1207 2201 1246 mulierum
2239 1209 2390 1261 litigan-

1273 1256 1369 1292 tium
1399 1266 1594 1308 spectasset
1625 1271 1721 1309 puer
1738 1287 1749 1305 ,
1778 1260 1808 1296 si
1830 1258 1956 1296 ambae
1977 1260 2081 1297 nulla
2099 1291 2110 1309 ‚
2140 1275 2258 1314 quam
2287 1265 2315 1300 si
2337 1277 2391 1301 ε-

1272 1309 1398 1359 qualis
1428 1311 1610 1347 momenti
1635 1323 1703 1361 pro
1730 1324 1798 1349 sua
1827 1324 1940 1350 causa
1969 1313 2391 1366 attulissentargumen-

1272 1370 1331 1399 ta:
1361 1360 1395 1398 ἃ
1424 1364 1454 1400 si
1486 1363 1636 1414 placet,
1668 1373 1705 1400 ut
1733 1363 1913 1415 pluribus
1943 1365 2089 1416 placet,
2120 1369 2289 1420 primum
2320 1371 2391 1408 du-

1273 1413 1383 1451 bium
1411 1416 1601 1467 appellari
1633 1426 1751 1468 potest
1779 1422 2009 1471 negativum
2031 1450 2042 1469 ,
2089 1421 2253 1460 alterum
2289 1428 2390 1474 posi-

1273 1475 1393 1504 tivum
1411 1494 1421 1504 .

1331 1522 1394 1559 50.
1426 1520 1535 1560 Prot).
1565 1531 1691 1561 autern
1733 1525 1859 1562 minor
1907 1527 2023 1576 primi
2071 1527 2282 1580 syllogismi
2333 1530 2389 1568 liis

1275 1575 1485 1625 praesertim
1515 1575 1607 1613 locis
1637 1589 1679 1612 ex
1709 1575 1794 1626 jure
1821 1579 2012 1616 Canonico
2041 1580 2302 1634 depromptis.
2347 1584 2390 1622 ln

1271 1639 1358 1676 cap.
1387 1626 1545 1664 Iuvenis
1564 1628 1609 1665 de
1638 1628 1879 1679 sponsalibus
1894 1631 1981 1668 Lib.
2005 1633 2033 1669 l.
2063 1632 2226 1673 Decrez.
2256 1635 2334 1674 Tit.
2357 1651 2389 1674 t.

1272 1690 1306 1714 c.
1330 1678 1366 1716 5.
1398 1680 1448 1716 ita
1478 1679 1661 1720 habetur:
1713 1680 1818 1730 Quiri
1847 1687 1979 1733 agitur
2008 1688 2050 1720 in
2079 1684 2163 1735 his,
2201 1701 2292 1736 quae
2319 1689 2390 1726 du-

1270 1729 1334 1768 bia
1363 1740 1481 1780 sunt,
1509 1731 1612 1783 quod
1639 1737 1783 1770 certius
1811 1738 2122 1785 existimamus,
2159 1749 2296 1778 tenere
2325 1742 2391 1780 de-

1269 1782 1405 1821 bemus
1434 1784 1506 1823 &c.
1537 1788 1576 1824 in
1605 1800 1693 1838 cap.
1722 1786 1779 1824 ad
1801 1787 2061 1827 Audientmm
2091 1791 2140 1829 tle
2169 1792 2312 1832 homic.
2344 1798 2389 1834 L.

1270 1836 1320 1874 V.
1352 1837 1512 1875 Decret.
1543 1838 1623 1877 Tit.
1651 1853 1683 1877 1.
1713 1853 1800 1892 cap.
1827 1854 1887 1879 12.
1918 1841 2017 1880 Cum
2047 1848 2089 1881 in
2118 1844 2241 1884 dubiis
2269 1855 2388 1886 serni—

1270 1898 1357 1927 tam
1388 1890 1604 1929 debeamus
1633 1893 1778 1944 eligere
1796 1898 1979 1932 tutiorem
2008 1897 2095 1937 (9¹0.
2127 1898 2271 1938 ibidem
2301 1915 2387 1953 cap.

1271 1942 1519 1995 Si'gnificosti
1546 1945 1639 1982 dum
1668 1945 1832 1983 dubium
1853 1957 1978 1986 ortum
2007 1959 2125 1999 esset,
2155 1966 2204 1992 an
2233 1955 2388 1993 sacrile-

1270 2010 1339 2047 gus
1368 1998 1457 2044 fur,
1504 2010 1619 2049 quem
1649 1997 1830 2036 Sacerdos
1860 2014 1934 2038 una
1961 2014 2052 2040 cum
2081 2003 2169 2042 aliis
2198 2020 2389 2058 percusse-

1269 2058 1352 2096 rat,
1382 2062 1425 2085 ex
1457 2051 1534 2088 ictu
1563 2065 1585 2087 a
1614 2050 1816 2088 Sacerdote
1846 2053 2018 2103 inflicto,
2055 2056 2115 2094 vel
2146 2071 2190 2096 ex
2219 2060 2387 2099 alioruin

1266 2101 1490 2140 vulneribus
1518 2104 1731 2150 interierit,
1760 2105 1998 2145 Innocentius
2025 2109 2096 2148 111.
2121 2113 2173 2150 ita
2201 2111 2385 2152 decrevit:

1268 2184 1294 2203 ‚‚
1325 2156 1367 2192 In
1411 2155 1482 2194 hoc
1509 2156 1626 2194 dubio
1667 2167 1849 2210 tanquam
1880 2159 2075 2200 homicida
2111 2165 2222 2204 debet
2251 2166 2384 2206 liaberi

1268 2238 1295 2257 ‚‚
1325 2208 1534 2255 Sacerdos,
1581 2206 1627 2250 &
1657 2213 1684 2248 si
1717 2212 1810 2250 sorte
1840 2212 2033 2253 homicida
2062 2229 2134 2254 non
2165 2221 2238 2267 sit,
2277 2235 2298 2258 a
2327 2235 2384 2258 sa-

1268 2291 1295 2310 „
1325 2262 1505 2300 cei-dotali
1533 2262 1660 2305 officio
1673 2265 1860 2304 abstinere
1887 2267 2022 2314 debet;
2052 2283 2140 2308 cum
2167 2272 2205 2310 in
2234 2272 2305 2312 hoc
2322 2287 2383 2312 ca-

1268 2345 1295 2364 „
1325 2329 1367 2354 su
1397 2330 1542 2354 cessare
1569 2318 1614 2354 sit
1643 2319 1784 2367 tutius,
1830 2334 1949 2372 quam
1978 2321 2199 2374 celebrare,
2243 2339 2311 2378 pro
2339 2340 2383 2363 eo

1268 2397 1294 2417 ,‚
1323 2370 1424 2421 quod
1446 2371 1487 2408 in
1507 2368 1624 2408 altero
1651 2371 1800 2410 nullum
1818 2403 1829 2422 ‚
1860 2375 1901 2412 in
1921 2374 2070 2429 reliquo
2089 2391 2179 2416 vero
2199 2393 2383 2431 magnum

1267 2451 1293 2470 „
1323 2423 1540 2473 periculum
1570 2425 1749 2463 timeatur
1769 2429 1824 2465 “.
1873 2427 2012 2466 lterum
2045 2431 2176 2469 eodem
2206 2432 2317 2470 titulo
2344 2447 2380 2470 c.

1265 2475 1400 2513 Petitio
1429 2486 1498 2514 tua
1526 2476 1767 2528 declaratur,
1814 2480 1989 2520 debuisse
2017 2483 2211 2524 Clericum
2241 2486 2279 2523 in
2308 2486 2378 2522 du-

1264 2528 1330 2566 bio
1357 2531 1757 2571 excommunicationis
1785 2547 1807 2571 a
1835 2536 1950 2573 sacris
1979 2536 2193 2586 abstinere,
2221 2550 2311 2575 cum
2329 2543 2377 2575 sit

1263 2584 1475 2621 consultius
1503 2586 1545 2620 ὶη
1574 2583 1798 2637 hujusmodi
1840 2585 1953 2624 <lubio
1980 2588 2204 2638 abstinere,
2251 2603 2375 2640 quam

1263 2644 1415 2675 temere
1442 2635 1672 2676 celebrare:
1716 2640 1830 2692 idque
1857 2641 1950 2677 adeo
1976 2654 2104 2692 saepe,
2134 2641 2167 2678 8t
2198 2643 2377 2696 frequen—

1263 2698 1318 2726 ter
1348 2692 1555 2743 repetitur,
1586 2701 1624 2729 ut
1650 2693 1764 2730 Card.
1795 2692 1902 2730 Petra
1930 2693 1978 2731 de
1998 2694 2128 2732 Sacra
2149 2694 2290 2734 Paenit.
2321 2700 2375 2735 A-

1264 2744 1403 2793 postol.
1430 2758 1467 2783 c.
1486 2758 1526 2797 9.
1556 2747 1604 2783 ita
1633 2746 1856 2783 concludere
1885 2760 1958 2784 non
1978 2747 2229 2787 dubitaverit:
2258 2749 2374 2789 Sum-

1266 2810 1421 2836 morum
1439 2798 1678 2852 Pontificum
1691 2797 1936 2850 semper-suit
1953 2830 1963 2848 ‚
1993 2802 2043 2842 (θ’
2057 2811 2113 2839 est
2128 2804 2240 2841 velun·
2253 2806 2374 2855 quod-

1265 2848 1362 2888 dam
1391 2856 1591 2896 axioma;
1620 2855 1660 2889 in
1689 2851 1810 2889 dubiis
1839 2856 1901 2889 νιίι
1930 2863 1988 2891 est
2016 2858 2133 2893 tuttor
2160 2857 2344 2909 eligenda
2361 2891 2372 2908 ,

1263 2903 1313 2942 (9·
1340 2905 1442 2953 quod
1470 2909 1612 2944 ertias
1640 2908 1947 2953 existimamus,
1994 2916 2129 2946 tenere
2156 2909 2341 2950 debemus
2363 2940 2373 2951 .

1260 2955 1364 2993 idem
1393 2959 1506 2996 (λιι-ἀ.
1536 2958 1674 3005 Petra,
1721 2958 1789 3009 qui
1833 2957 2010 3010 pluribus
2051 2963 2159 3001 aunis
2198 2969 2368 3017 supremi

1261 3007 1534 3049 Poeniteutiarii
1580 3023 1734 3047 munere
1762 3012 1910 3050 functus
1938 3023 2016 3062 est,
2063 3015 2173 3054 nobis
2212 3019 2369 3070 insuper

1257 3060 1372 3099 fidem
1391 3063 1479 3101 facit
1495 3063 1589 3101 ibid.
1602 3094 1612 3111 ‚
1644 3063 1826 3101 Romanas
1841 3065 1932 3104 duas
1945 3068 2252 3121 Congregationes
2271 3072 2368 3110 Con-

1255 3114 1336 3151 cilii
1355 3144 1365 3163 ‚
1395 3115 1428 3150 &
1446 3116 1740 3154 Poeniteutiariae
1770 3119 1812 3155 in
1838 3121 1915 3157 suis
1942 3134 2098 3161 casuum
2125 3126 2366 3162 conscientias

1256 3167 1510 3206 decisionibus
1537 3183 1683 3221 semper
1713 3172 1816 3208 viam
1835 3174 2008 3212 tutiorem
2038 3179 2174 3229 sequi3
2201 3179 2302 3230 quod
2330 3193 2366 3214 e-

1256 3222 1348 3258 tiam
1378 3229 1556 3260 testantur
1577 3221 1737 3275 Prosper
1765 3223 1970 3276 Faguanus
1987 3228 2138 3269 Comm.
2168 3232 2208 3270 in
2237 3245 2271 3269 c.
2300 3228 2365 3268 Ne

1258 3277 1470 3322 innitaris,
1499 3277 1565 3327 qui
1596 3276 1812 3328 complures
1839 3293 1952 3320 anuos
1979 3283 2200 3336 Congregat.
2227 3284 2362 3322 Conci—

1256 3327 1298 3365 lii
1321 3343 1341 3365 a
1361 3329 1511 3367 secretis
1526 3330 1596 3367 suit
1613 3360 1624 3378 ,
1652 3330 1765 3368 Card.
1795 3333 1842 3370 de
1856 3336 2018 3386 Aguirre
2039 3340 2150 3388 praef.
2179 3338 2222 3374 ad
2243 3335 2361 3373 Cone·

1254 3380 1466 3434 Hispaniae
1492 3396 1533 3422 n.
1551 3383 1615 3429 24.
1645 3383 1678 3421 ἃ
1694 3383 1917 3428 Benedictus
1929 3387 2038 3428 xlv.
2059 3388 2256 3428 Tom.1V.
2285 3387 2362 3425 No-

2247 3441 2308 3480 tif.
