2570 3745
730 135 960 179 GRA'HA

33 235 124 277 cap.
147 222 212 262 26.
240 221 368 260 Deum
386 248 397 266 ,
441 216 592 271 inquit,
631 216 698 269 pei·
726 218 884 267 gratiani
916 214 1148 254 habitualem

34 278 88 317 ita
116 282 245 316 sanare
273 274 444 311 animam
463 301 474 319 ,
514 283 595 308 non
624 271 751 308 solum
781 280 819 306 uc
849 270 978 306 deleat
997 298 1007 316 ‚
1051 267 1151 317 quod

33 330 306 383 peccavimus,
336 324 406 363 secl
435 332 475 362 ut
503 332 663 377 praestet
692 334 816 361 ettam
847 337 897 361 ne
916 334 1151 372 peccemus.

94 380 182 427 1-48.
213 379 325 431 Resp.
358 378 416 417 Ad
438 391 500 426 1.,
531 377 637 416 Duos
667 376 752 414 illos
780 376 898 414 libros
928 377 1042 414 fuisse
1069 374 1151 411 elu-

34 433 210 474 cubi-atos
237 442 369 472 contra
398 430 724 483 Semipelagianos
746 461 756 478 ,
801 431 867 482 qui
899 424 1152 468 necessitatem

22 499 136 527 νοτε
165 487 298 538 gratiae
326 486 374 523 ad
402 485 531 522 omnia
560 484 636 522 alia
671 498 787 536 opera
816 484 915 522 bona
943 481 1149 521 conceden-

34 548 114 590 tes,
144 539 319 578 eamdem
348 539 396 577 ad
425 539 579 576 initium
611 538 728 586 fidei,
768 536 801 573 8(
833 536 1149 589 perseverantiam

31 599 154 646 usque
180 594 220 631 in
251 592 369 632 finem
392 591 501 630 fateri
519 592 697 630 nolebant
715 617 725 628 .
754 591 828 628 Sed
859 593 897 628 in
926 589 1011 628 aliis
1041 588 1150 626 libris

34 655 166 685 contra
194 644 415 697 Pelagianos
445 646 594 698 scriptis
637 645 894 682 necessitatem
932 642 1063 696 gratiae
1103 641 1150 679 ad

33 701 92 739 sin
122 698 202 737 ulos
230 709 334 738 actus
362 707 509 737 strenue
540 711 608 750 pro
637 711 742 736 more
771 711 838 734 suo
868 696 1149 749 propugnavit.

31 752 86 792 Su
133 752 237 791 ciant
259 751 376 793 'nobis
405 765 450 789 ex
480 752 610 790 multis
638 765 681 788 ea
698 751 814 788 verba
835 763 877 787 ex
895 749 965 787 lib.
982 747 1030 786 de
1042 757 1151 801 grat.

34 805 86 847 <9⁴
115 804 178 844 lib.
207 806 294 846 arb.
323 820 409 858 cap.
433 819 520 856 27.:
565 833 590 853 „
620 804 753 850 Deus,
786 812 823 840 ut
854 803 1041 849 velimus,
1070 802 1152 840 sine

34 888 63 909 ,‚
91 859 202 898 nobis
229 869 442 914 operaturz.
460 872 549 896 cuin
579 855 928 904 autemyolumus,
958 854 991 892 8(
1012 856 1065 892 sic
1087 868 1150 892 vo-

21 924 63 962 '„
93 911 222 950 lumus
238 942 249 960 ,
279 921 319 950 ut
342 913 526 951 faciamus
542 939 552 957 ,
584 909 784 946 nobiscum
800 918 1043 960 cooperatur.
1074 908 1150 945 Ta·

37 994 65 1015 ,‚
95 979 184 1004 men
213 967 296 1004 sine
321 965 389 1004 illo
430 963 490 1001 vel
527 970 734 1014 operante,
779 970 818 998 ut
855 960 1045 1008 velimus,
1090 961 1151 998 vel

37 1046 66 1067 „
95 1028 338 1070 cooperante,
367 1029 457 1055 cum
487 1013 665 1053 volumus
686 1043 697 1061 ,
727 1014 774 1052 ad
802 1013 904 1050 bona
934 1014 1081 1064 pietatis
1111 1027 1151 1050 0-

36 1100 65 1120 „
94 1086 186 1124 pera
214 1064 308 1111 nibil
332 1069 506 1108 valemus
522 1070 577 1114 “3
605 1066 746 1119 quibus
775 1066 993 1113 indicatur,
1025 1065 1152 1102 Deum

34 1126 143 1162 toties
171 1126 208 1163 in
235 1123 346 1161 nobis
365 1122 516 1174 operari
532 1122 654 1172 gratia
668 1134 756 1168 sua,
786 1121 934 1172 quoties
950 1116 1152 1167 volumus,

37 1176 73 1214 ἃ
100 1178 207 1216 toties
234 1177 453 1228 cooperari,
483 1176 630 1227 quoties
657 1186 863 1225 operamur
881 1199 891 1211 .

100 1229 187 1282 149.
217 1229 275 1268 Ad
292 1242 330 1268 2.
359 1228 418 1267 Ea
448 1228 565 1273 yerba
593 1236 679 1265 sunt
700 1225 947 1278 intelligenda
961 1226 1006 1262 de
1027 1233 1155 1264 actua-

35 1282 65 1321 li
82 1311 94 1331 ,
121 1295 199 1322 nou
227 1283 273 1321 de
301 1281 516 1320 habituali:
544 1291 783 1334 quamquain
814 1281 916 1319 enim
948 1278 1098 1317 habitus
1119 1293 1155 1316 e-

12 1335 129 1374 sstiam
159 1336 199 1374 id
227 1337 269 1374 in
297 1336 405 1374 nobis
432 1343 641 1387 praestant,
673 1344 712 1371 ut
730 1333 880 1372 facilius
899 1333 1050 1385 operari
1073 1345 1156 1383 pos—

37 1389 185 1434 simus3
225 1391 358 1441 gratiae
389 1397 517 1426 tamen
547 1387 705 1426 actualis
737 1388 773 1425 id
804 1388 924 1437 magis
955 1388 1154 1438 proprium

38 1449 119 1486 est;
148 1441 245 1479 unde
268 1456 358 1480 -eam
388 1441 429 1480 S.
462 1442 619 1492 August.
649 1440 806 1477 definit:
846 1439 1155 1488 Inspirationem

37 1502 197 1533 sanctae
225 1494 463 1543 dilectionis,
493 1503 533 1531 ut
561 1496 725 1546 cognita
756 1501 898 1530 sancto
928 1490 1154 1543 amor-efu-

39 1551 224 1588 ciamus.

98 1603 185 1640 150.
215 1602 274 1640 Ati
305 1603 342 1641 5.
372 1603 457 1640 dist.
505 1600 555 1638 Ut
584 1609 745 1651 praestet
773 1600 861 1640 &a
893 1613 961 1651 per
989 1600 1153 1651 gratiam

39 1654 230 1694 actualem
251 1684 263 1702 ,
298 1668 417 1706 quam
445 1653 554 1705 justis
584 1653 688 1691 Deus
716 1666 792 1690 non
823 1653 1007 1702 denegat,
1046 1665 1152 1690 conc.

35 1721 106 1761 per
133 1707 252 1746 solam
281 1707 518 1746 habitualem
536 1736 547 1754 ,
579 1719 696 1758 nego.
740 1706 848 1744 Unde
877 1714 987 1743 antea
1017 1706 1154 1742 imme-

38 1761 139 1800 diate
157 1761 328 1799 dixerat:
357 1760 464 1801 Sicut
493 1760 628 1798 oculus
643 1762 816 1811 corporis
836 1759 923 1800 {9⁶0-
955 1758 1074 1811 (Vid.
1092 1772 1152 1797 su-

36 1827 108 1867 pra
136 1828 243 1852 num.
269 1813 407 1864 158.)-

98 1869 186 1906 151.
214 1867 308 1919 Obj.
338 1867 377 1914 4.
404 1867 446 1906 8.
469 1868 729 1921 Hieronymus
742 1866 833 1912 Lib,
854 1867 919 1906 ΙΙΙ.
949 1865 1045 1905 dial.
1062 1866 1152 1906 aelst.

36 1918 177 1974 Pelag.
205 1929 292 1973 cap.
322 1922 362 1968 4.
391 1923 587 1971 concedit,
617 1921 883 1974 possejustum
913 1920 1061 1959 viribus
1077 1921 1154 1959 suis

33 1972 145 2014 brevi
173 1973 306 2013 saltem
335 1977 520 2028 temporis
543 1975 745 2015 intervallo
759 1975 948 2014 abstinere
977 1989 998 2012 a
1019 1988 1154 2027 pecca-

36 2034 101 2077 to,
170 2041 379 2082 uamquam
407 2042 483 2067 non
513 2029 681 2081 jugiter,
723 2042 794 2067 nec
824 2030 864 2067 in
895 2037 1153 2081 perpetuum5

38 2079 73 2117 ἃ
102 2041 197 2120 alibi
225 2081 362 2131 dicit,
389 2080 532 2133 justum
553 2113 564 2131 ,
607 2084 637 2121 si
667 2085 831 2121 intentus
859 2083 935 2130 sit,
965 2081 1154 2143 nullaque

33 2136 232 2174 tentatione
258 2134 481 2174 sollicitatur
509 2137 557 2174 ad
588 2135 759 2185 malum,
789 2150 893 2188 posse
910 2149 975 2189 per
989 2138 1152 2187 gratiam

38 2187 156 2226 semel
184 2190 409 2241 acquisitam
441 2191 480 2228 in
509 2190 607 2228 bono
636 2203 791 2242 pergere
806 2205 818 2236 5
848 2202 936 2241 ergo
965 2187 1036 2228 ἃς.

99 2241 187 2280 152.
218 2241 329 2295 Resp.
358 2242 500 2296 Utique
529 2242 673 2294 justum
691 2273 702 2292 ,
731 2243 839 2282 nulla
868 2243 1071 2282 tentatione
1089 2255 1151 2280 ur-

36 2303 172 2346 gente,
201 2296 240 2334 in
266 2296 367 2334 bono
394 2295 620 2348 aliquandiu
651 2310 892 2349 perseverare
914 2310 1018 2349 posse
1034 2326 1044 2345 ,
1074 2309 1150 2334 non

36 2355 165 2387 tannen
192 2349 300 2386 omni
327 2350 449 2399 gratia
477 2349 618 2387 actuali
645 2360 813 2400 semota,
849 2351 913 2389 sed
942 2350 1066 2389 solum
1095 2364 1151 2388 se-

38 2409 142 2438 mota
167 2402 288 2452 gratia
316 2399 528 2452 peculiari,
557 2401 592 2436 8(
620 2403 798 2452 fortiori,
838 2418 915 2456 qua
943 2403 1064 2454 justus
1092 2404 1150 2441 in-

38 2452 141 2505 diget
170 2453 330 2504 longiori
357 2462 554 2505 tempore3
582 2455 674 2506 quia
702 2454 736 2490 8(
764 2465 899 2494 natura
928 2456 1088 2509 longiori
1119 2458 1150 2495 i-

37 2508 160 2545 tinere
187 2508 296 2559 quasi
323 2506 578 2557 defatigatur,
613 2507 648 2543 8(
677 2510 944 2548 tentationibus
972 2510 1148 2565 ingruen-

36 2559 141 2597 tibus
170 2559 332 2610 majores
359 2574 397 2597 se
437 2559 601 2598 offerunt
629 2560 870 2599 difficultates
897 2563 1119 2613 superandae
1138 2589 1149 2600 .

86 2613 187 2653 ⁷153.
222 2613 316 2665 Obj.
346 2613 386 2659 4.
428 2613 469 2651 S.
500 2613 726 2652 Athanasius
755 2617 793 2653 in
823 2616 897 2653 vita
926 2615 967 2654 S.
998 2615 1150 2654 Antonii

38 2665 201 2706 Abbatis
221 2667 354 2716 refert,
384 2665 486 2705 hunc
503 2667 578 2706 Dei
607 2681 758 2706 servum
791 2678 869 2720 post
886 2670 1151 2721 gravissimam

37 2722 280 2761 tentationem
309 2729 552 2772 superatam,
581 2723 690 2774 quasi
719 2731 1013 2774 conquerentem
1032 2723 1150 2762 dixis-

37 2786 78 2812 se
104 2773 275 2813 Christo:
304 2773 481 2813 Domine
509 2774 570 2812 ubi
599 2775 731 2813 eras?
773 2777 822 2814 ab
852 2789 897 2813 eo
923 2785 1049 2814 autem
1079 2776 1149 2815 hoc

37 2825 170 2866 tulisse
197 2841 447 2881 responsum:
490 2827 580 2867 Huc
609 2842 723 2867 eram
740 2859 750 2876 ‚
787 2829 856 2867 sert
884 2828 1150 2882 expectabam

40 2878 168 2919 videre
196 2891 404 2921 certamen
431 2893 540 2920 tuum
557 2898 572 2928 ;
601 2896 677 2920 non
709 2896 797 2934 ergo
826 2883 928 2920 Deus
959 2882 1038 2920 ulla
1066 2896 1150 2934 gra-

38 2934 93 2971 tia
121 2934 261 2973 actuali
291 2945 426 2987 praesto
454 2946 532 2975 erat
561 2938 724 2976 Antonio
766 2938 804 2974 in
841 2938 1046 2974 tentatione
1080 2950 1149 2987 pu-

37 2989 192 3040 guanti,
222 2988 284 3025 sed
312 2990 358 3026 ad
387 3004 580 3028 summum
609 2993 730 3043 gratia
761 2989 976 3028 habituali.

48 3043 53 3047 ⁴
98 3041 186 3086 154.
236 3041 348 3092 Resp.
378 3042 446 3080 His
475 3045 600 3082 verbis
627 3045 810 3083 duntaxat
839 3045 1004 3096 exprimi
1035 3052 1150 3081 tenta-

35 3095 150 3134 tionis
170 3096 271 3143 vim,
301 3095 335 3132 8(
364 3099 583 3136 certaminis
611 3097 905 3146 difficultatem,
936 3108 1150 3137 nouantem

8 3162 10 3166 ’
38 3149 196 3188 actualis
225 3147 360 3188 auxilii
389 3150 684 3192 subtractionem
706 3179 717 3191 .
766 3153 934 3204 lmpitnn
965 3153 1069 3191 enim
1098 3166 1152 3188 es-

40 3203 270 3242 set-eredere
290 3234 301 3251 ,
339 3202 466 3241 Deum
510 3204 699 3244 luctarum
730 3217 941 3245 nostrarum
971 3215 1151 3258 spectato-

20 3267 124 3315 *rem
154 3258 416 3296 tantummodo
444 3273 547 3307 esse,
578 3271 650 3298 non
677 3271 805 3299 autem
836 3275 912 3299 esse
942 3261 980 3298 in
1013 3262 1057 3298 iis
1086 3273 1150 3298 no·

41 3320 160 3348 strum
189 3311 482 3358 auxiliatorem3
513 3327 602 3351 cum
631 3314 679 3352 de
698 3329 744 3352 eo
770 3316 956 3368 scriptum
978 3315 1041 3352 sit·-
1073 3312 1152 3351 Ad-

34 3366 148 3418 jutor
175 3366 216 3400 ἰη
243 3365 590 3416 opportunitatibus
607 3394 619 3405 .
655 3368 756 3408 Hinc
787 3369 889 3408 idem
918 3368 959 3408 S.
989 3368 1154 3407 Ambro-

153 3416 390 3472 Gazzanzga
422 3419 551 3461 Theol.
582 3421 694 3462 Tom.
725 3421 794 3463 VI.

1005 135 1077 178 u)
1112 134 1417 178 simonos
1453 136 1679 178 Actus.
2209 141 2267 194 49

1219 216 1292 253 sius
1324 214 1419 251 ibid.
1448 215 1602 251 scribit:
1642 213 1734 251 Jleo
1764 214 1972 263 superabat
2003 217 2196 255 Antonius
2225 217 2329 255 Diu-

1220 268 1348 306 bolum
1372 297 1382 314 ,
1424 281 1517 315 qum
1547 280 1705 304 servum
1740 281 1855 305 suurn
1885 270 2099 315 ‹iljzwalnzz
2131 270 2330 310 Dominus

1221 320 1343 373 (vid.
1374 320 1499 358 listins
1531 321 1567 357 in
1590 321 1635 357 ll.
1665 320 1752 357 dist.
1777 320 1838 358 26.
1869 334 1907 371 ς).
1936 318 2002 360 18.
2033 324 2065 360 8(
2088 325 2221 376 seq.).

1253 375 1368 412 ·155.
1403 374 1497 423 Obj.
1532 372 1598 410 ult.
1628 372 1668 410 S.
1691 372 1858 411 Thomas
1889 374 1926 412 5.
1959 389 1995 424 p.
2038 391 2075 426 q.
2099 392 2162 427 7⁰·
2192 387 2260 416 art.
2291 378 2330 424 4.

1220 427 1349 467 docet:
1389 456 1414 475 „
1446 426 1650 464 minimam
1689 427 1850 476 gratiam
1881 426 2180 477 (habitualem)
2226 444 2334 482 posse

1219 509 1246 530 „
1276 483 1446 519 resistere
1475 478 1635 518 cuilibet
1656 481 1969 532 concupiscentias
1988 510 1999 528 ,
2029 480 2062 516 8(
2084 483 2201 519 vitare
2221 498 2336 524 omne

1218 564 1245 584 „
1275 542 1474 587 peccatum
1506 532 1663 570 mortale
1683 562 1695 580 ,
1738 534 1842 585 quod
1870 535 2120 572 committitur
2150 536 2187 571 in
2216 546 2335 576 trans·

1220 617 1246 638 „
1274 588 1462 640 gressione
1479 587 1743 625 mandatorum
1760 587 1851 639 legis
1869 613 1880 625 .
1910 585 1963 623 Et
1985 586 2334 628 azl;lc'ir.itione1rz.·

1220 671 1247 691 „
1276 642 1440 681 minima
1470 642 1573 679 euim
1603 639 1767 678 charitas
1788 640 1874 692 plus
1888 640 2013 692 diligit
2031 642 2157 678 Deum
2176 670 2186 688 ,
2217 655 2336 693 quam

1221 726 1248 744 ‚,
1277 696 1463 748 cupiditas
1494 693 1617 732 millia
1646 694 1758 742 auri,
1801 693 1835 730 &
1864 695 2009 745 argenti
2039 696 2092 732 “.
2139 693 2243 732 Idem
2273 695 2337 732 do-

1220 758 1349 787 cuerat
1379 761 1494 800 snpra
1521 762 1561 801 q.
1582 746 1649 786 62.
1678 756 1750 785 art.
1772 745 1810 785 6.
1840 747 1887 785 ad
1918 747 1978 795 3.,
2008 746 2042 783 8(
2079 761 2111 786 ι.
2134 760 2170 785 2.
2188 761 2227 799 q.
2250 761 2336 786 ιιι.

1220 812 1291 841 art.
1314 815 1350 841 2.
1379 803 1513 850 docet,
1556 814 1631 840 nou
1674 799 1798 838 solum
1826 801 1987 851 gratiam
2017 800 2207 839 actualem
2225 831 2235 849 ,
2273 802 2337 840 sed

1221 858 1335 894 etiam
1365 856 1528 907 gratiam
1559 853 1796 894 habitualem
1823 854 1947 894 dividi
1976 855 2018 894 in
2033 862 2268 905 operantem
2286 855 2336 896 (9·

1221 918 1502 960 cooperantem
1518 935 1530 948 .
2137 935 2143 942 ·

1281 963 1367 1002 156.
1413 963 1552 1016 Resp.,
1595 962 1771 1002 Gratiam
1799 962 2037 1003 habitualem
2074 958 2248 1002 sufficere
2289 961 2338 1001 ad

1221 1016 1445 1055 vincendam
1476 1017 1828 1068 concupiscentiam
1845 1047 1856 1065 ‚
1876 1041 1878 1043 >
1899 1019 1946 1056 ad
1983 1018 2217 1056 observanda
2247 1016 2339 1069 legis

1221 1070 1397 1106 mandata
1419 1099 1429 1116 ,
1460 1069 1493 1106 8(
1522 1071 1568 1107 ad
1599 1071 1751 1108 vitanda
1781 1080 1961 1121 peccata,
1998 1071 2060 1109 sed
2091 1084 2160 1108 suo
2191 1083 2255 1107 mo
2270 1070 2338 1112 lo,·

1222 1121 1367 1158 scilicet
1396 1134 1470 1159 uon
1502 1123 1692 1170 exclusis,
1722 1124 1783 1161 sed
1815 1124 2004 1175 adjunctis
2023 1126 2154 1175 gratiae
2177 1122 2352 1161 actualis¹

1222 1173 1378 1211 auxiliis
1395 1200 1404 1210 .
1436 1175 1548 1220 Quod
1567 1177 1605 1212 iu
1625 1177 1806 1214 omnibus
1820 1176 2015 1215 habitibus
2034 1179 2242 1226 contingit,
2270 1176 2338 1228 qui

1223 1227 1311 1265 dant
1341 1229 1545 1278 potentiani
1576 1229 1623 1264 ad
1652 1229 1867 1278 agendum,
1910 1231 1972 1267 sed
2002 1244 2074 1267 non
2107 1225 2339 1268 reducuntur

1223 1281 1269 1318 ad
1300 1283 1451 1328 aetum,
1482 1281 1554 1318 nisi
1576 1278 1753 1330 adjuncta
1781 1280 1982 1318 voluntatis
1997 1281 2340 1319 determinatione.

1225 1334 1321 1373 Haec
1350 1344 1477 1372 autem
1508 1333 1711 1373 voluntatis
1741 1334 2008 1372 determinatio
2038 1337 2076 1372 in
2109 1335 2240 1372 ordine
2281 1347 2341 1371 sn-

1225 1387 1460 1441 pernaturali
1492 1388 1637 1425 nonnisi
1669 1403 1691 1425 a
1719 1388 1840 1437 gratia
1870 1387 2008 1426 actuali
2038 1387 2172 1426 haberi
2204 1396 2341 1438 pots-st.

1224 1442 1427 1489 Quomodo
1457 1454 1546 1478 vero
1573 1442 1695 1492 gratia
1724 1441 1932 1479 habitualis
1960 1442 2153 1479 dividatur
2185 1442 2221 1478 isi
2253 1455 2340 1489 ope-

1223 1503 1372 1533 rantem
1391 1524 1401 1542 ,
1431 1493 1465 1530 8(
1494 1504 1759 1545 cooperantem
1777 1523 1786 1540 ,
1819 1496 1868 1532 ita
1885 1494 2048 1546 explicat
2071 1494 2244 1532 laudatus
2265 1495 2339 1532 ‚fin-

1223 1546 1369 1601 gelicns
1401 1548 1567 1586 Ductor:
1605 1576 1630 1594 „
1662 1546 1878 1584 Habitualis
1919 1551 2039 1598 gratia
2063 1577 2074 1595 ,
2112 1548 2341 1597 inquantum

1281 1602 1454 1639 animam
1484 1609 1614 1648 sanat,
1647 1599 1704 1637 vel
1727 1599 1935 1650 justificat,
1977 1603 2055 1638 sive
2084 1611 2228 1651 gratam
2259 1600 2341 1637 Deo

1281 1654 1403 1702 facit,
1441 1654 1582 1690 dicitnr
1610 1654 1730 1703 gratia
1760 1665 1949 1704 operans,
1992 1653 2220 1704 inquantum
2251 1665 2340 1690 vero

1281 1715 1334 1744 est
1364 1706 1601 1759 principium
1632 1706 1758 1756 operis
1780 1707 1992 1753 meritorii,
2022 1707 2121 1756 qnod
2144 1719 2188 1742 tx
2219 1705 2342 1742 libero

1280 1759 1438 1798 arbitrio
1468 1757 1635 1810 procedit
1666 1761 1821 1810 (utique
1851 1768 1955 1796 mozo
1985 1772 2012 1796 <z
2042 1762 2340 1810 griitiiraststiz-

1282 1814 1357 1862 li),
1387 1813 1528 1852 dicitur
1556 1825 1763 1864 cooperans
1792 1816 1818 1834 “
1836 1839 1847 1850 .

1283 1868 1371 1919 ¹57·
1400 1867 1562 1914 Quaeres
1591 1868 1747 1918 prim0,
1790 1865 1994 1918 cujusnam
2023 1866 2169 1918 generis
2199 1866 2243 1904 sit
2274 1864 2342 1904 {Ila

1221 1922 1368 1974 gratia,
1429 1933 1487 1958 uae
1517 1919 1566 1958 ad
1594 1919 1762 1972 singulos
1791 1929 1895 1958 actus
1923 1920 2056 1958 datur?

1282 1974 1370 2014 158.
1436 1988 1514 2026 esp.
1545 1972 1714 2020 Quidam
1746 1976 1817 2024 (ut
1844 1974 1958 2012 Card.
1977 1973 2230 2012 Bellarminns
2252 1972 2340 2011 Lib.

1223 2028 1289 2068 Vl.
1319 2027 1367 2066 de
1395 2036 1503 2080 grat.
1532 2027 1582 2066 (θ’
1613 2026 1676 2065 lib.
1705 2026 1799 2066 arb.
1819 2041 1907 2080 cap.
1939 2027 2006 2065 ult.
2039 2030 2075 2065 in
2107 2027 2218 2073 sine)
2256 2028 2339 2077 opi-

1222 2084 1300 2121 nati
1332 2090 1416 2119 sunt
1438 2111 1449 2129 ,
1488 2079 1606 2130 justos
1636 2082 1676 2118 in
1705 2079 1865 2132 singulis
1907 2081 2087 2131 operibus
2124 2080 2339 2117 exercendis

1222 2137 1390 2188 indigere
1408 2134 1575 2186 ‘quidem
1605 2135 1724 2183 gratia
1753 2133 1987 2184 adjuvante,
2026 2133 2059 2168 8(
2087 2141 2338 2182 cooperante3

1220 2203 1292 2228 non
1324 2198 1450 2227 tamen
1471 2187 1750 2239 praeveniente,
1781 2186 1815 2223 8(
1837 2188 2020 2224 excitante
2037 2213 2047 2223 .
2079 2185 2338 2224 lnnitebantur

1219 2253 1346 2281 autem
1377 2240 1617 2294 potissimum
1639 2240 1766 2278 verbis
1782 2239 1928 2292 Synodi
1947 2241 2192 2278 Arausicanae
2209 2268 2220 2286 ,
2248 2251 2337 2289 quae

1218 2311 1304 2335 can.
1336 2294 1404 2333 ult.
1433 2296 1486 2333 sic
1507 2293 1661 2332 definit:
1693 2293 1818 2342 „Hoc
1847 2293 1962 2330 etiam
1990 2293 2200 2330 secundum
2221 2290 2339 2329 sidem

1276 2348 1507 2389 catholicam
1536 2347 1730 2386 credimus
1747 2377 1757 2394 ‚
1799 2345 1903 2398 qnod
1931 2355 2087 2397 accepta
2115 2359 2183 2398 per
2213 2345 2336 2396 bapti-

1221 2435 1247 2454 „
1276 2417 1402 2442 smum
1431 2401 1552 2454 gratia
1579 2414 1710 2438 omnes
1738 2400 1916 2452 baptizati
1935 2399 2085 2437 Christo
2105 2397 2335 2445 auxiliante,

1220 2488 1246 2508 „
1276 2458 1310 2495 8(
1339 2464 1592 2507 cooperante,
1619 2467 1708 2506 quae
1737 2453 1784 2492 ad
1813 2452 1974 2491 salutem
2004 2453 2219 2504 pertinent,
2251 2464 2338 2502 pos-

1220 2543 1244 2561 ,‚
1275 2513 1366 2559 sint,
1396 2511 1430 2547 8(
1459 2508 1644 2556 debeant,
1669 2509 1700 2546 si
1730 2505 1895 2546 fideliter
1921 2506 2094 2544 laborare
2111 2505 2302 2545 voluerint
2322 2531 2334 2551 ‚

1277 2562 1490 2616 adimplere
1519 2564 1544 2584 ‘⁶
1563 2588 1575 2601 .

1281 2619 1368 2670 ¹59·
1400 2617 1675 2655 Verumtamen
1704 2630 1766 2654 eos
1802 2630 1823 2653 a
1853 2627 1941 2652 vero
1969 2625 2195 2665 magnopere
2223 2610 2333 2649 aber·

1222 2686 1333 2720 rare,
1378 2669 1491 2710 facile
1521 2680 1611 2708 esset
1641 2670 1770 2708 multis
1797 2670 2074 2711 demonstrare;
2117 2665 2180 2704 sed
2211 2678 2334 2716 pauca

1219 2726 1416 2764 brevitatis
1444 2739 1557 2763 causa
1577 2723 1693 2775 seligo
1715 2754 1717 2757 .
1748 2722 1788 2759 S.
1807 2722 1963 2770 August.
1994 2720 2071 2770 (L.
2091 2718 2136 2756 ll.
2156 2717 2204 2756 tle
2223 2730 2331 2768 pecc.

1218 2793 1319 2819 mer.
1362 2779 1412 2820 <J
1441 2782 1599 2817 remiss.
1629 2791 1715 2827 cap.
1742 2773 1836 2820 13.)
1859 2797 1870 2810 .
1915 2802 1942 2820 ,,
1972 2772 2084 2820 Quod
2114 2785 2230 2820 vern,
2271 2775 2332 2808 in-

1220 2863 1246 2882 „
1274 2837 1376 2885 quit,
1406 2833 1453 2871 ad
1481 2832 1607 2870 Deum
1638 2842 1704 2866 nos
1732 2826 1985 2865 convertimus
2007 2857 2018 2874 ,
2054 2827 2127 2864 nisi
2157 2827 2239 2878 ipso
2268 2838 2332 2862 ex-

1220 2916 1246 2935 „
1275 2888 1412 2925 citante
1429 2917 1439 2934 ,
1469 2893 1580 2936 atque
1596 2882 1797 2930 adjuvante
1816 2892 1893 2918 non
1910 2893 2108 2932 possumus
2124 2907 2134 2918 .
2157 2906 2168 2918 .
2186 2906 2196 2917 .
2226 2878 2332 2926 Quid

1219 2969 1247 2987 ‚‚
1277 2939 1482 2987 habemus,
1511 2936 1611 2989 quod
1641 2949 1719 2974 non.
1742 2934 1959 2987 accepimus
1989 2937 2038 2970 ‘⁵.
2069 2933 2178 2980 Quod
2208 2933 2238 2970 si
2268 2945 2330 2969 ex-

1219 2994 1372 3042 citatio,
1401 2993 1434 3029 &
1466 2993 1632 3042 primuni
1665 2987 1863 3026 voluntatis
1894 2988 2048 3025 initium
2079 2987 2118 3025 in
2147 2985 2256 3024 uobis
2276 2999 2331 3024 ea—

1219 3056 1272 3084 set
1299 3049 1380 3085 sine
1408 3045 1526 3096 gratia
1545 3073 1554 3090 ,
1595 3043 1726 3094 utique
1753 3040 1982 3080 haberemus
2011 3040 2188 3090 aliquid,
2228 3039 2329 3091 quod

1219 3112 1290 3137 non
1319 3100 1536 3150 accepimus
1557 3122 1568 3133 .
1600 3095 1766 3134 Ulterius
1795 3095 1871 3146 (L.
1895 3093 1960 3133 lV.
1991 3093 2046 3131 ‹tzl
2076 3092 2331 3144 Bonifacium

1219 3167 1254 3191 e.
1274 3152 1312 3192 6.
1331 3155 1374 3201 );
1413 3181 1438 3198 ,,
1469 3150 1508 3187 ln
1537 3148 1741 3197 omnibus,
1771 3153 1916 3199 inquit,
1945 3162 2034 3200 quae
2065 3150 2226 3199 quisque
2254 3149 2331 3197 agit

1218 3235 1245 3255 „
1275 3205 1484 3244 secundum
1523 3203 1674 3251 Deum,
1719 3202 1982 3241 misericordia
2024 3201 2106 3246 eius
2147 3202 2333 3253 praevenit

1220 3289 1246 3308 „
1277 3272 1386 3296 eum.
1416 3256 1471 3295 Et
1500 3261 1539 3295 in
1555 3255 1911 3306 Eucliiridio.c‹zpit.
1933 3255 1998 3294 33.
2029 3256 2158 3303 Deus,
2188 3257 2331 3305 inquit,

1221 3341 1245 3360 ‚,
1276 3312 1462 3350 nolentem
1478 3313 1663 3364 praevenit
1680 3341 1690 3359 ,
1723 3320 1759 3348 ut
1781 3311 1899 3358 velit,
1927 3309 2117 3347 volentem
2139 3311 2325 3359 sequitur,

1222 3397 1248 3417 :a
1277 3380 1322 3405 ne
1352 3367 1606 3407 frustraverit.
1634 3364 1678 3404 S.
1697 3363 1820 3417 Greg.
1850 3362 1916 3403 M.
1945 3361 2011 3416 (T.
2031 3359 2085 3403 X.
2098 3365 2140 3400 in
2155 3357 2326 3450 Ezeih.)

1786 3431 1809 3469 7
2187 3428 2214 3462 3,
2262 3432 2277 3442 ·

1224 1631 1250 1651 23

1224 1684 1249 1704 ’2

1224 1738 1250 1757 2³

1223 1791 1250 1811 79

1223 1845 1250 1864 ’7

1221 2382 1247 2402 ³⁷

1221 2596 1247 2615 >2
