2570 3745
213 207 294 256 178

148 289 283 332 guntur
315 279 387 329 (in
416 288 494 329 quo
514 284 640 324 tamen
669 275 827 314 illorum
857 276 974 314 trium
1004 272 1261 325 capitulorum

146 347 298 372 summa
327 331 600 379 continetur),
643 338 745 368 certo
782 329 942 367 definire
979 340 1052 365 non
1082 324 1260 372 valeant,

147 397 186 424 ut
216 399 312 438 pene
341 393 391 422 tot
419 384 493 422 sint
521 384 712 422 sententia>
730 412 741 431 ,
779 393 869 435 quot
897 390 983 419 sunt
1013 380 1168 417 illorum
1199 390 1261 414 ca—

177 439 357 478 itulorum
388 439 634 489 interpretes.
665 437 712 475 Et
742 436 824 474 haec
854 435 955 473 dicta
975 433 1073 478 sint,
1103 432 1196 481 quin
1217 444 1256 466 a-

145 455 274 545 liquid
301 493 348 530 de
376 490 683 529 doctissimorum
718 488 996 538 Theologorum
1015 514 1025 532 ,
1055 483 1122 535 qui
1151 482 1264 520 nobis

147 546 417 592 adversantur,
448 543 666 582 celebritate
682 573 692 591 ,
709 542 741 578 8(
758 540 913 594 publica
930 536 1180 577 aestimatione
1200 535 1263 573 de·

148 607 312 638 tractum
342 597 531 637 velimus.

449 699 849 746 DISSERTATIO
883 697 961 740 Vl.

146 810 213 850 De
240 813 478 848 necessitate
506 809 651 858 gratiae
692 803 747 841 ad
775 801 962 854 quoedam
990 812 1112 851 opera
1141 807 1258 837 natu-

200 866 298 902 ralis
326 861 473 900 ordinis
502 864 543 896 in
571 866 678 897 statu
706 865 868 894 natur-oe
897 856 1052 906 lapsae.

175 947 339 1010 =Vires
367 967 480 1005 nostri
511 964 624 1003 liberi
654 962 805 1001 arbitrii
837 962 952 1001 fuisse
994 960 1151 1013 quidem
1183 960 1258 997 fra-

144 1033 242 1070 ctas,
272 1034 342 1059 non
370 1029 495 1058 autem
525 1019 683 1057 omuino
712 1015 905 1063 sublatas,
948 1027 1102 1066 operose
1130 1015 1261 1052 statui-

144 1089 230 1113 mus
258 1076 298 1112 in
329 1071 531 1112 Tom.1V.
562 1072 663 1110 Diss.
684 1071 750 1109 lll.
781 1083 818 1107 n.
842 1069 933 1108 213.
964 1069 997 1104 &
1026 1081 1159 1121 sequ.;
1191 1081 1260 1104 un-

143 1130 190 1166 de
219 1128 413 1180 sequitur,
444 1138 550 1178 posse
578 1140 601 1163 a
629 1124 739 1163 nobis
768 1124 948 1175 quaedam
979 1120 1079 1160 effici
1102 1123 1139 1159 in
1158 1120 1261 1158 ordi·

142 1195 192 1220 ue
222 1195 316 1234 pure
345 1179 509 1218 naturali
538 1179 681 1231 absque
701 1175 979 1229 supernaturali
1001 1174 1147 1214 auxilio
1175 1187 1259 1227 gra-

145 1238 207 1273 tiae
237 1235 324 1272 Jesu
351 1234 492 1272 Christi
521 1233 713 1280 sanantis,
742 1244 832 1269 cum
862 1228 940 1268 solo
968 1240 1155 1268 concursu
1192 1227 1264 1266 Dei

146 1288 313 1327 naturali
344 1287 512 1340 praevio,
541 1285 576 1322 δε
603 1284 860 1322 simultaneo.
890 1283 1084 1331 Quaenam
1114 1295 1204 1321 vero
1233 1281 1265 1318 i-

149 1352 200 1380 sta
232 1343 336 1389 sint,
364 1354 439 1378 non
469 1340 623 1377 omnino
651 1339 826 1377 convenit
847 1338 943 1375 inter
963 1336 1174 1388 Theologos
1192 1365 1202 1383 ,
1232 1333 1267 1370 8c

147 1395 304 1448 quidem
335 1403 411 1432 tam
442 1393 586 1431 ratione
615 1392 839 1443 cognitionis
861 1392 962 1438 veri,
992 1402 1080 1441 quae
1101 1389 1147 1426 ad
1170 1390 1269 1427 vires

147 1448 360 1486 intellectus
383 1449 573 1498 pertinet,
603 1458 719 1497 quain
743 1446 886 1481 ratione
901 1442 1152 1480 observantiae
1171 1452 1269 1492 prae-

147 1511 344 1552 ceptorum
363 1530 373 1548 ,
403 1513 492 1551 quae
523 1513 544 1535 a
573 1497 764 1536 voluntate
792 1496 998 1547 dependet,
1029 1494 1076 1532 Et
1106 1493 1190 1532 haec
1212 1493 1269 1531 di-

148 1554 292 1592 stinctis
321 1551 512 1606 capitibus
542 1551 582 1589 in
612 1550 682 1589 hac
713 1550 870 1589 Dissert.
902 1548 1068 1589 breviter
1097 1545 1268 1600 comple-

148 1616 295 1646 ctemur
312 1632 322 1645 .

591 1710 764 1750 CAPUT
794 1710 824 1748 1.

152 1819 381 1858 Ostenditur
396 1848 406 1863 ‚
437 1817 641 1856 hominem
670 1820 711 1854 in
730 1824 837 1854 statu
859 1823 1020 1852 naturae
1041 1814 1166 1863 Iapsae
1185 1825 1272 1863 pos·

205 1887 248 1912 se
279 1872 437 1925 quidem
467 1872 624 1923 aliquas
653 1874 838 1909 veritates
880 1868 1088 1905 naturales
1127 1865 1273 1918 absque

206 1926 370 1978 speciali
398 1926 551 1964 auxilio
569 1928 716 1977 gratioe
736 1935 998 1975 cognoscere,
1028 1934 1110 1959 non
1131 1929 1273 1958 tamen

204 1993 345 2018 ornnes
361 2006 372 2017 .

210 2101 244 2125 1.
275 2060 487 2137 Theologi
517 2082 660 2137 duplex
681 2083 886 2122 veritatum
903 2080 1138 2121 naturalium
1158 2093 1275 2132 genus

153 2141 383 2192 distinguere
412 2139 558 2186 solent,
602 2150 734 2176 earum
766 2151 931 2188 nempe,
975 2148 1064 2188 quae
1093 2147 1165 2187 ope
1194 2147 1273 2172 sen—

151 2208 263 2232 suum
295 2193 589 2244 percipiuntur,
635 2190 668 2227 8<
698 2191 745 2229 ad
775 2190 893 2228 solam
924 2190 1047 2228 animi
1076 2189 1274 2227 curiosita-

152 2256 230 2285 tem
260 2247 478 2299 pertinent,
522 2254 561 2283 ut
591 2244 790 2297 pleraeque
819 2252 906 2282 sunt
935 2244 1110 2282 veritates
1139 2241 1272 2293 physi-

152 2314 209 2338 οἵη»
233 2330 243 2347 ,
286 2301 526 2351 geometricae
545 2328 556 2346 ,
599 2298 790 2337 liistoricae
822 2297 892 2335 διε.
923 2296 956 2332 8(
987 2310 1118 2334 earum
1143 2325 1153 2344 ,
1183 2308 1272 2346 quae

154 2354 200 2391 ad
222 2352 421 2390 hominum
442 2351 570 2390 officia
592 2353 809 2389 referuntur
826 2382 837 2399 ,
866 2359 908 2389 ut
924 2360 1008 2389 sunt
1029 2349 1099 2389 illa
1114 2350 1246 2387 onmia
1261 2376 1273 2397 ,

155 2421 243 2459 quae
275 2408 314 2444 in
347 2405 486 2444 Ethica
514 2404 630 2443 solent
660 2404 871 2457 explicari.

211 2474 248 2498 2.
278 2460 338 2498 De
367 2461 494 2511 primo
522 2460 723 2496 veritatum
755 2467 893 2510 genere
923 2457 1032 2496 nulla
1054 2465 1106 2496 est
1126 2463 1276 2496 contro·

154 2515 305 2562 versia,
342 2526 470 2550 omnes
499 2514 644 2565 quippe
675 2512 788 2549 facile
816 2513 1084 2559 consentiunt,
1128 2510 1175 2548 ad
1214 2523 1277 2547 eas

153 2567 428 2619 cognoscendas
447 2565 586 2605 Christi
617 2566 778 2616 gratiam
808 2566 970 2603 minime
999 2580 1076 2603 esse
1105 2578 1276 2603 necessa-

152 2623 280 2666 riam3
311 2629 349 2657 ut
379 2622 479 2658 enim
510 2618 655 2657 alicubi
679 2619 802 2670 inquit
822 2619 860 2657 S.
881 2619 1133 2670 Augustinus,
1162 2617 1275 2656 Chri-

154 2683 228 2712 stus
258 2675 361 2712 venit
389 2675 430 2712 in
460 2673 563 2711 hunc
592 2672 782 2710 mundum
805 2701 815 2719 ,
859 2684 934 2708 non
975 2682 1012 2709 ut
1042 2686 1106 2710 nos
1137 2674 1276 2709 faceret

158 2726 430 2779 Philosophos,
452 2727 513 2765 sed
536 2735 574 2764 ut
597 2726 735 2763 faceret
751 2725 983 2764 Christianos
1000 2751 1010 2762 .
1040 2725 1275 2776 Quanquam

156 2794 271 2818 nemo
300 2779 481 2819 hactenus
510 2778 569 2817 vel
600 2779 778 2817 acumine
805 2779 978 2830 ingenii,
1016 2778 1075 2816 vel
1119 2779 1243 2816 studio
1264 2807 1275 2825 ,

159 2847 204 2871 ac
232 2832 363 2871 labore
393 2835 486 2872 adeo
514 2835 554 2872 in
584 2831 831 2884 Philosophia
860 2833 1050 2884 profecit,
1082 2840 1121 2869 ut
1148 2832 1279 2869 omnia

160 2894 306 2924 naturae
336 2900 475 2926 arcana
504 2886 616 2926 nobis
643 2887 817 2937 detegere
845 2887 1035 2938 potuerit3
1064 2886 1111 2922 ad
1140 2884 1211 2923 hoc
1240 2899 1279 2921 e-

159 2941 242 2978 nim
272 2942 526 2978 necessarium
565 2949 656 2978 esset
684 2939 1005 2991 specialissimum
1035 2938 1191 2991 aliquod
1219 2938 1280 2976 ‹li-

159 2993 244 3032 vini
271 2991 431 3030 luminis
458 2993 597 3032 donum
615 3024 626 3043 ,
655 2994 803 3032 nemi-ni
832 2992 958 3031 adhuc
986 3005 1203 3031 concessum
1221 3017 1231 3029 .

215 3045 254 3084 3.
285 3044 453 3093 Rursus,
488 3049 631 3085 tametsi
661 3047 839 3096 dicatur,
882 3047 931 3084 ad
958 3044 1182 3095 hujusmodi
1212 3059 1280 3083 ua·

161 3098 301 3138 turales
329 3099 504 3137 veritates
532 3112 607 3136 non
636 3112 732 3153 opus
761 3114 838 3139 esse
866 3115 956 3141 vera
975 3098 1114 3138 Christi
1134 3100 1278 3152 gratia,

218 3237 267 3277 (α)
295 3235 346 3267 Ita
373 3234 477 3267 sentit
494 3233 681 3277 Gregorius
698 3237 930 3270 Ariminensis
952 3237 985 3270 in
1006 3238 1047 3270 ll.
1070 3236 1168 3270 Sent-
1188 3235 1283 3269 Dist-

165 3281 301 3315 XXVl.
328 3293 361 3324 q.
394 3293 422 3312 1.
463 3288 528 3312 art.
555 3291 582 3311 1·
606 3302 617 3320 ‚
654 3283 683 3311 ἃ
709 3283 796 3314 Dist.
818 3286 956 3317 ΧΧΙΧ.
994 3295 1053 3327 qu.
1078 3295 1106 3315 ι.
1133 3292 1199 3316 art.
1223 3293 1252 3314 2.
1272 3303 1282 3322 ,

165 3335 245 3372 post
283 3339 386 3371 quem
423 3338 441 3359 a
467 3323 573 3358 eard.
601 3326 811 3360 bellarmino
838 3330 913 3361 Lib.
940 3330 984 3362 V.
1023 3329 1077 3361 De
1102 3331 1216 3372 gratia
1243 3333 1287 3360 (Τ

167 3375 229 3406 lib.
250 3374 318 3406 arb.
338 3384 415 3416 cap.
440 3384 469 3405 1.
496 3371 627 3404 citatur
653 3382 771 3405 noster
789 3374 842 3406 Jo.
862 3376 1052 3418 Capreolus
1068 3372 1160 3408 init.
1182 3376 1282 3407 Sent-

169 3420 261 3454 Dist-
283 3420 451 3455 xxviii.
477 3429 535 3464 qu·
562 3429 620 3451 un-
649 3426 715 3453 art,
737 3421 770 3453 ὅ.
802 3420 875 3464 Ego
901 3430 1018 3455 tamen
1043 3422 1154 3464 magis
1181 3421 1285 3454 credo

692 196 771 240 DE
807 196 1039 240 GRATIA
1075 195 1122 237 P.
1157 195 1191 235 Ι.
1236 188 1502 234 DISSERT.
1536 189 1614 233 VI.
1662 192 1789 236 CAP.
1824 193 1945 237 V111.

1330 276 1560 306 nontamen
1603 270 1817 309 excluditur
1857 271 2089 323 adjutorium
2120 269 2194 308 Dei
2231 269 2270 307 in
2307 268 2438 307 ordine

1329 319 1513 358 naturali:
1543 323 1642 359 unde
1672 332 1770 361 recte
1798 325 1936 363 dicitur
1956 324 2213 363 Ecclesiastici
2236 323 2263 360 Ι.
2295 322 2441 360 Omnis

1329 377 1530 423 sapientia
1558 387 1585 411 a
1615 373 1791 414 Domino
1818 374 1907 416 Deo
1935 386 2026 421 est,·
2070 376 2104 413 ἃ
2133 376 2271 414 Psahn.
2300 375 2440 414 CXIII.

1335 426 1412 476 Qui
1440 425 1551 464 docet
1581 425 1782 465 hominem
1810 434 2019 468 scientiam
2036 456 2046 468 .
2078 430 2281 480 Angelicus
2311 437 2438 467 autem

1331 479 1545 531 Praeceptor
1573 478 1643 517 hoc
1673 482 1797 532 ipsum
1826 483 1990 521 mirifice
2008 482 2174 521 declarat
2200 496 2232 520 ι.
2251 496 2286 521 2.
2303 490 2441 534 quaest.

1336 546 1424 584 109.
1454 540 1525 570 art.
1548 544 1586 570 2.
1615 533 1813 584 inquiens:
1855 564 1882 582 „
1913 536 2018 574 Actio
2046 536 2284 584 intellectus,
2314 538 2347 572 ἃ
2377 548 2443 572 cu-

1333 619 1358 639 „
1392 598 1622 637 Juscumque
1651 588 1744 624 entis
1759 588 1879 624 creati
1892 588 2233 639 dependetaDeo,
2261 596 2445 641 quantum

1331 671 1358 692 „
1389 638 1438 677 ad
1465 639 1564 676 duo:
1608 651 1681 675 uno
1723 639 1835 675 modo
1864 639 2092 690 inquantum
2127 642 2176 680 ab
2218 644 2299 694 ipso
2329 641 2442 679 habet

1331 724 1357 744 „
1388 691 1680 744 perfectionem,
1710 692 1790 730 sive
1820 691 1982 729 formam
2001 722 2011 740 ‚
2042 706 2108 744 per
2135 709 2252 746 quain
2273 697 2371 746 agit:
2401 709 2442 733 a·

1388 745 1442 783 lio
1470 744 1602 794 modo,
1634 745 1859 797 inquantum
1889 743 1940 782 ab
1969 746 2050 796 ipso
2081 756 2250 785 movetur
2264 749 2310 786 ad
2331 761 2441 798 agen-

1388 798 1480 836 dum
1504 824 1513 836 .
1531 824 1542 836 .
1563 823 1575 836 .
1617 797 1682 837 Sic
1725 799 1839 850 igitur
1870 796 2081 836 intellectus
2110 797 2299 837 humanus
2328 799 2442 838 habet

1329 885 1354 905 „
1385 851 1557 904 aliquam
1589 851 1779 897 formam;
1808 850 1954 889 scilicet
1974 852 2100 903 ipsum
2121 848 2363 902 intelligibile
2384 853 2443 890 lu·

1330 938 1356 958 ,‚
1387 919 1503 953 men,
1532 905 1635 957 quod
1664 914 1715 943 est
1743 906 1790 943 de
1818 918 1856 943 se
1885 903 2078 943 sufficiens
2105 904 2152 942 ad
2182 905 2358 956 quaedam
2387 906 2443 943 in-

1386 958 1606 1010 telligibilia
1633 958 1911 1011 cognoscenda,
1941 958 1989 996 ad
2018 972 2062 995 ea
2091 956 2263 1005 scilicet,
2293 958 2331 995 in
2352 970 2446 1009 quo-

1331 1045 1358 1066 „
1387 1025 1473 1049 rum
1504 1012 1675 1050 notitiam
1698 1026 1763 1064 per
1783 1011 1976 1050 sensibilia
1994 1024 2190 1063 possumus
2207 1011 2384 1049 devenire
2406 1036 2446 1049 ...

1330 1099 1356 1118 „
1387 1065 1452 1104 Sic
1482 1066 1597 1116 igitur
1626 1065 1832 1104 dicendum
1862 1074 1946 1114 est,
1988 1065 2089 1118 quod
2118 1063 2164 1102 ad
2194 1064 2448 1116 cognitionem

1331 1152 1357 1172 υ
1387 1117 1665 1171 cujuscumque
1695 1120 1774 1159 veri
1805 1119 1918 1157 homo
1947 1119 2089 1170 indiget
2117 1117 2263 1155 auxilio
2290 1117 2450 1166 divino,

1332 1205 1359 1225 9,
1389 1182 1429 1210 ut
1459 1171 1669 1210 intellectus
1698 1187 1720 1210 a
1742 1172 1823 1210 Deo
1852 1180 2048 1211 moveatur
2077 1171 2124 1209 ad
2153 1184 2265 1208 suum
2294 1179 2448 1208 actum.

1333 1259 1358 1278 ,‚
1389 1225 1471 1265 Non
1500 1235 1627 1263 autem
1657 1226 1799 1276 indiget
1836 1226 1883 1264 ad
1920 1224 2221 1278 cognoscendam
2251 1225 2449 1263 veritatem

1334 1312 1360 1331 „
1390 1281 1430 1317 in
1459 1279 1639 1316 omnibus
1669 1292 1765 1317 nova
1795 1278 2043 1317 illustratione
2071 1278 2311 1329 superaddita
2339 1285 2461 1315 natu-·

1338 1364 1363 1384 „
1393 1331 1466 1369 rali
1497 1331 1771 1379 illustrationi‚
1809 1333 1871 1369 sed
1902 1332 1940 1369 in
1968 1331 2199 1383 quibusdam
2218 1362 2228 1379 ,
2271 1344 2359 1382 quae
2390 1342 2453 1368 ex·

1339 1417 1365 1436 „
1393 1386 1530 1422 cedunt
1559 1383 1774 1421 naturalem
1804 1384 2085 1435 cognitionem.
2115 1383 2163 1420 Et
2192 1393 2317 1422 tamen
2333 1397 2452 1435 quan-

1339 1469 1365 1489 „
1394 1439 1520 1490 doque
1553 1437 1655 1474 Deus
1683 1435 1913 1475 miraculose
1957 1448 2026 1489 per
2055 1449 2163 1476 suam
2192 1438 2354 1488 gratiam
2384 1433 2456 1473 ali-

1340 1523 1367 1542 „
1396 1504 1490 1543 quos
1520 1491 1668 1529 instruit
1697 1491 1744 1528 de
1773 1489 1852 1539 liis,
1883 1504 1971 1543 quae
2002 1502 2069 1542 per
2098 1489 2313 1528 naturalem
2341 1489 2455 1527 ratio-

1339 1576 1366 1596 „
1396 1558 1484 1582 nem
1515 1544 1689 1595 cognosci
1718 1552 1901 1596 possunt,
1939 1545 2035 1583 sicut
2063 1543 2098 1581 ἃ
2126 1543 2355 1596 quandoque
2384 1542 2458 1580 mi·

1339 1628 1365 1649 „
1397 1596 1566 1637 raculose
1595 1599 1686 1636 facit
1714 1597 1894 1649 quaedam
1913 1627 1923 1644 ,
1953 1609 2041 1649 quae
2072 1605 2209 1636 natura
2237 1598 2363 1635 facere
2394 1608 2458 1648 po-

1339 1682 1366 1702 „
1395 1659 1461 1689 test
1491 1650 1513 1666 ’'
1535 1676 1545 1689 .
1590 1650 1714 1703 Atque
1744 1650 1828 1689 haec
1856 1651 1950 1688 adeo
1979 1649 2084 1689 clara
2112 1659 2230 1699 sunt,
2261 1649 2295 1686 &
2323 1658 2425 1688 certa
2446 1678 2458 1698 ,

1338 1715 1378 1744 ut
1407 1703 1585 1756 pluribus
1614 1705 1849 1755 argumentis
1879 1703 2100 1742 confirmari
2131 1717 2202 1741 non
2233 1704 2446 1754 indigeant.

1392 1757 1430 1805 4.
1462 1756 1535 1795 Sed
1564 1758 1726 1809 quaestio
1755 1766 1835 1796 orta
1865 1765 1915 1795 est
1945 1756 1991 1794 de
2013 1757 2233 1796 veritatibus
2255 1757 2458 1808 practicis,

1340 1812 1373 1849 8<
1404 1810 1635 1858 moralibus,
1666 1825 1730 1849 seu
1760 1811 1806 1849 de
1837 1811 2113 1861 cognoscendis
2135 1811 2254 1858 recti,
2297 1809 2458 1847 honesti·

1340 1880 1415 1918 que
1444 1865 1672 1917 praeceptis,
1704 1863 1980 1916 hominumque
2011 1877 2099 1915 erga
2120 1864 2247 1902 Deum
2265 1893 2277 1911 ,
2305 1862 2339 1899 &
2370 1874 2458 1914 erga

1341 1920 1478 1972 seipsos
1506 1917 1643 1956 officiis
1667 1948 1677 1968 ,
1707 1919 1764 1956 sin
1797 1919 1925 1956 minus
1954 1918 2154 1966 omnibus,
2185 1917 2217 1952 ἃ
2247 1919 2326 1954 sine
2356 1928 2459 1952 erro-

1341 1986 1382 2011 re
1426 1971 1535 2023 (hoc
1578 1972 1683 2009 enim
1727 1973 1809 2010 sine
1837 1972 1971 2010 divina
2001 1970 2231 2010 revelatione
2261 1969 2345 2007 fieri
2389 1980 2462 2006 non

1341 2040 1474 2078 posse,
1503 2025 1797 2063 demonstratum
1829 2033 1880 2063 est
1910 2023 2033 2063 Temo
2054 2024 2083 2062 1.
2114 2023 2285 2062 Diss.11.
2316 2037 2351 2060 c.
2382 2021 2458 2070 4.)

1342 2079 1475 2118 saltem
1506 2092 1550 2116 ex
1581 2087 1687 2130 parte
1709 2106 1718 2116 .
1770 2077 1901 2131 Aliqui
1932 2079 2035 2115 enim
2067 2076 2272 2128 specialem
2304 2076 2340 2113 id
2376 2088 2462 2126 gra-

1341 2134 1433 2171 tiam
1462 2133 1635 2185 requiri,
1665 2132 1837 2170 arbitrati
1866 2140 1973 2177 sunt3
2015 2133 2211 2183 praecipue
2240 2131 2268 2167 si
2301 2128 2370 2166 illa
2398 2141 2461 2166 co·

1341 2188 1458 2238 gnitio
1487 2185 1716 2224 voluntatem
1747 2186 1794 2223 ad
1823 2185 1968 2224 bonum
1998 2184 2232 2234 operandum
2249 2182 2379 2234 aliqua
2400 2196 2459 2218 ra-

1341 2241 1443 2279 tione
1473 2247 1690 2292 permoveat
1721 2239 1813 2288 (a).
1843 2238 1998 2285 Quibus
2026 2245 2152 2274 tamen
2182 2236 2250 2274 alii
2273 2233 2459 2286 Theologi

1341 2295 1581 2346 refragantur
1598 2317 1609 2330 .
1638 2291 1777 2329 Nostra
1806 2304 1896 2330 vero
1924 2292 2104 2330 sententia
2133 2289 2218 2328 liaec
2247 2298 2327 2328 est.

1332 778 1359 798 72

1328 831 1357 851 θ’

1329 992 1356 1011 7)

1743 2404 2049 2465 Paoposrrio
2065 2451 2076 2465 .

1346 2534 1393 2574 In
1422 2543 1528 2573 statu
1557 2541 1718 2572 naturae
1747 2533 1875 2584 lapsae
1909 2540 2035 2583 potest
2076 2530 2192 2569 homo
2227 2543 2260 2568 ι.
2303 2530 2464 2581 aliquas

1397 2588 1607 2627 naturales
1651 2591 1863 2635 veritates,
1907 2589 2032 2623 ett'am
2069 2588 2273 2637 practicas
2309 2583 2464 2621 divisim

1399 2654 1636 2696 cognoscere
1664 2645 1750 2679 sine
1777 2643 1914 2693 gratia
1943 2638 2269 2689 supernaturali,
2311 2650 2348 2675 2,
2378 2649 2461 2674 non

1398 2706 1540 2734 tamen
1568 2708 1711 2733 ornnes
1751 2695 1977 2731 collectis-e:
2023 2693 2061 2731 3.
2092 2692 2290 2742 multoque
2329 2694 2464 2727 minus

1398 2764 1471 2789 eas
1500 2753 1685 2787 veritates
1706 2778 1717 2796 ‚
1759 2760 1848 2799 quae
1877 2745 1931 2784 ad
1953 2747 2063 2799 juste
2090 2749 2229 2798 pieque
2258 2743 2466 2783 vis-endum

1399 2813 1490 2842 sunt
1520 2805 1761 2841 necessariae
1779 2826 1790 2839 .

1403 2938 1439 2978 5.
1470 2913 1623 2980 Prima
1653 2932 1771 2986 liujus
1798 2934 2065 2986 propositionis
2093 2947 2179 2987 pars
2201 2946 2375 2986 expresse
2402 2931 2465 2969 do·

1347 3001 1452 3030 cetur
1480 3006 1501 3028 a
1530 2990 1571 3028 S.
1588 2987 1739 3026 Thoma
1768 2987 1851 3025 loco
1881 3000 1969 3025 mox
2000 2990 2136 3037 citato,
2168 2988 2234 3025 ubi
2266 2996 2467 3039 postquam

1346 3047 1526 3091 dixisset,
1556 3043 1603 3079 ad
1634 3040 1852 3092 hujusmodi
1885 3043 2086 3080 veritatum
2118 3043 2368 3094 cognitionem
2400 3037 2465 3074 ho-

1346 3100 1493 3137 minem
1522 3096 1693 3147 indigere
1706 3093 1854 3132 auxilio
1868 3094 2000 3134 divino
2016 3126 2027 3146 ,
2058 3109 2136 3149 quo
2154 3093 2365 3133 intellectus
2386 3104 2465 3127 ino·

2325 3159 2411 3183 vea-

1354 3233 1498 3267 Tliomoe
1525 3229 1568 3264 ‹le
1594 3230 1741 3271 Lemos,
1779 3230 1841 3275 qui
1867 3232 1901 3264 in
1930 3230 2094 3275 Panoplia
2122 3229 2198 3263 Lib.
2219 3229 2277 3261 lli.
2306 3227 2342 3260 P.
2361 3228 2402 3259 ΙΙ.
2429 3237 2463 3258 n.

1357 3281 1411 3322 14.
1438 3280 1539 3312 aliter
1567 3278 1726 3321 Capreoli
1754 3287 1906 3310 mentem
1945 3279 2196 3322 interpretatur
2215 3299 2222 3307 .
2265 3276 2366 3307 Certe
2393 3275 2461 3305 Ca-

1355 3327 1491 3371 preolus
1518 3323 1684 3358 ‹loeti-inre
1713 3325 1746 3356 S.
1768 3323 1912 3357 'thomae
1942 3323 2025 3357 adeo
2043 3323 2211 3355 tenaciter
2229 3320 2372 3353 adha‘sit
2389 3343 2398 3361 ‚
2425 3325 2462 3351 ut

1352 3371 1542 3417 aliquando
1565 3369 1733 3413 Princeps
1759 3368 2006 3404 Thotnisearztm
2030 3369 2198 3414 appellari
2224 3366 2415 3402 meruerit·
