2562 3694
795 167 874 213 DE
908 166 1159 212 AETERN.
1194 165 1341 211 POEN.
1375 166 1621 211 INFERN.

59 259 137 300 est,
169 251 319 290 nullum
348 256 426 302 post
455 253 616 285 mortem
647 261 722 286 esse
753 248 1014 300 peccatoribus
1043 248 1168 299 poeni-

57 307 184 344 tennae
206 305 331 343 locum
348 328 358 339 .
388 301 428 340 S.
443 301 663 353 Cyprianus
692 303 732 340 in
749 303 856 354 epist.
885 302 933 339 ad
956 302 1167 338 Demetria-

57 372 152 397 num
180 365 377 410 postquam
407 368 607 407 poenarum
645 358 893 394 aeternitatem
935 354 1072 392 diserte
1101 353 1165 390 ‹lo-

54 413 160 456 cuit,
189 411 240 447 ita
267 408 415 446 subdit:
459 407 549 446 Erit
579 419 670 447 tunc
699 414 784 447 sine
802 408 945 460 fructu
971 410 1164 458 poeniten·

53 467 137 510 tia,
166 461 215 501 <9-
244 461 437 510 inefficax
467 461 717 512 deprecatiO.
747 461 787 500 S.
808 461 1007 500 Anselmus
1028 459 1163 497 Enar-

51 523 129 553 ναΐ.
159 518 200 551 in
230 513 390 567 Evang.
417 517 464 553 de
495 515 646 553 homine
674 516 856 554 damnato
884 516 1024 566 iuquit:
1058 514 1165 563 Quia

50 580 128 605 non
172 576 295 618 potest
335 582 404 618 per
443 573 722 618 pcenitentiazm
744 599 754 616 ,
799 570 848 608 (³)
877 566 982 604 bona.
1009 579 1130 616 opera
1152 596 1163 614 ,

50 619 153 672 quod
181 621 289 658 male
315 625 436 674 gessit
458 651 468 670 ,
499 621 717 661 emendare
735 652 745 670 ,
775 630 982 673 propterea
1009 632 1165 668 semper

50 678 200 726 cogitur
228 687 369 725 poenas
397 679 590 714 sustinere
607 702 618 714 .

105 726 194 766 262.
227 729 394 766 Breviter
424 729 459 766 id
492 730 617 781 ipsum
647 728 812 781 explicat
843 727 942 765 idem
965 725 1168 777 Angelicns

48 780 88 818 in
121 780 361 830 compendio
391 781 572 835 Theolog.
602 796 637 822 c.
664 783 750 833 ¹75·
779 781 925 819 dicens:
973 810 999 828 „
1031 779 1167 818 Dolent

50 861 76 882 „
106 846 194 885 ergo
223 834 314 872 mali
347 838 418 886 (in
449 835 650 887 injermo)
680 837 771 887 quia
791 842 944 887 peccata
964 834 1165 871 commise-

50 916 76 935 „
108 896 217 935 runt,
248 901 322 927 non
354 897 503 941 propter
533 888 630 938 hoc,
658 890 751 941 quia
782 896 934 940 peccata
963 887 1010 924 iis
1028 885 1163 936 displi—

49 968 76 988 ,‚
106 949 212 978 ceant
229 971 239 989 ,
269 943 360 994 quia
381 943 494 979 etiam
516 951 605 980 tunc
629 941 784 980 mallent
806 950 957 993 peccata
973 937 1041 976 illa
1060 952 1163 975 com-

50 1022 77 1042 „
106 995 279 1043 mittere,
324 996 354 1032 si
386 995 544 1033 facultas
572 995 750 1041 daretur,
792 1006 910 1045 qnam
940 992 1066 1029 Deum
1099 992 1163 1029 lia-

47 1075 74 1095 „
104 1046 222 1092 bere3
253 1047 314 1085 sed
345 1057 497 1100 propter
518 1047 588 1086 hoc
604 1078 614 1096 ,
644 1047 743 1100 quod
765 1045 862 1083 illud
879 1075 889 1093 ,
921 1045 1021 1097 quod
1043 1044 1163 1096 elege-

44 1127 72 1148 „
104 1109 212 1149 runt,
243 1099 384 1138 habere
403 1114 479 1139 non
499 1110 678 1152 possunt,
707 1099 742 1135 δι
764 1098 858 1136 illud
879 1099 980 1150 qnod
1012 1111 1162 1150 respue·

47 1181 73 1200 „
106 1162 192 1190 runt
216 1183 226 1200 ‚
256 1162 402 1204 possent
423 1152 592 1191 habere.
623 1153 687 1191 Sic
715 1153 829 1204 igitur
858 1150 891 1186 8(
913 1150 1086 1190 voluntas
1103 1165 1163 1188 eo-

44 1234 71 1254 „
100 1218 186 1242 rnm
215 1214 400 1257 perpetuo
427 1206 599 1244 manebit
625 1205 812 1243 obstinata
842 1205 881 1243 iu
903 1203 1031 1251 malo,
1061 1205 1093 1240 &
1110 1215 1163 1243 ta-

40 1286 66 1305 ,‚
97 1270 185 1294 men
214 1259 438 1309 gravissime
465 1259 645 1297 dolebunt
664 1260 710 1296 (le
731 1258 845 1309 culpa
865 1259 1067 1296 commissa
1087 1288 1096 1306 ,
1129 1258 1161 1294 &

44 1339 69 1358 „
98 1311 144 1348 de
171 1309 293 1361 gloria
321 1314 486 1351 amissa:
516 1313 549 1349 δε
579 1311 642 1350 hic
671 1310 778 1349 dolor
797 1319 953 1348 vocatur
975 1324 1161 1349 remorsus

43 1392 70 1411 „
100 1365 340 1403 conscientiae
359 1395 369 1412 ,
399 1366 465 1416 qui
497 1364 751 1417 metaphorice
781 1366 821 1403 in
849 1363 1057 1416 Scripturis
1078 1379 1161 1403 ver-

41 1445 67 1463 „
98 1418 172 1455 mis
202 1426 357 1456 vocatur
386 1422 412 1439 “
430 1445 441 1456 .

96 1469 186 1508 263.
215 1469 389 1510 Ulterius
431 1471 501 1510 hoc
530 1473 658 1524 ipsum
692 1470 858 1509 declarat
888 1470 1089 1523 Angelicus
1119 1473 1160 1511 in

38 1521 241 1572 Supplem.
269 1538 336 1576 qn.
357 1524 423 1576 98.
452 1533 522 1562 art.
541 1539 578 1563 2.
609 1526 809 1576 inquiens:
842 1554 868 1572 ‚,
898 1524 1083 1562 Poenitere
1112 1527 1158 1563 de

39 1603 66 1623 ,‚
97 1575 201 1614 malo
227 1579 407 1628 contingit
426 1578 649 1629 dupliciter:
682 1592 756 1614 uno
786 1581 897 1614 modo
925 1590 993 1624 per
1013 1591 1055 1615 se
1073 1608 1083 1624 ,
1111 1594 1153 1616 a·

35 1656 64 1676 „
94 1628 147 1666 lio
173 1629 287 1667 modo
311 1641 381 1679 per
408 1629 617 1667 accidens.
651 1630 726 1667 Per
753 1643 796 1666 se
824 1630 979 1679 quidem
1001 1630 1048 1666 de
1068 1645 1155 1681 pec-

36 1710 64 1729 „
94 1690 178 1720 cato
205 1684 387 1734 poenitet,
415 1684 484 1736 qui
514 1691 725 1734 peccatum,
743 1683 969 1733 inquantum
998 1691 1049 1718 est
1067 1697 1153 1732 pec-

34 1763 62 1782 „
92 1744 219 1773 catum
237 1765 248 1782 ‚
276 1735 544 1775 abominatur:
572 1749 640 1787 per
660 1734 849 1773 accidens
878 1746 992 1781 vem,
1022 1736 1088 1785 qui
1108 1735 1153 1772 il-

35 1816 61 1835 „
93 1787 157 1826 lud
186 1789 264 1827 odit
293 1790 437 1827 ratione
465 1789 632 1842 alicujus
657 1788 858 1840 adjuncti,
906 1796 1028 1839 utpote
1068 1803 1153 1840 poe-

35 1869 62 1888 „
91 1854 180 1890 nae,
220 1841 279 1879 vel
309 1841 473 1894 alicujus
503 1842 751 1895 hujusmodi.
798 1838 900 1879 Mali
930 1842 1044 1892 igitur
1074 1855 1149 1879 non

35 1922 63 1941 „
94 1895 354 1946 poenitebunt,
383 1909 452 1946 per
479 1909 522 1934 se
550 1896 740 1949 loquendo
768 1895 814 1933 de
845 1896 1029 1946 peccatis,
1059 1897 1152 1947 quia

34 1974 60 1994 ,‚
92 1947 263 1987 voluntas
291 1949 451 1988 malitiae
479 1952 625 2002 peccati
654 1952 695 1988 in
723 1949 779 1987 eis
806 1956 1000 1994 remanet3
1032 1950 1155 1998 poeni-

35 2028 63 2048 „
94 2000 225 2039 tebunt
246 2010 375 2040 antem
393 2015 462 2054 per
480 2004 694 2050 accidens,
723 2003 954 2054 inquantum
974 2001 1152 2051 affligen-

32 2081 58 2100 „
89 2061 149 2091 tur
177 2055 223 2093 de
252 2069 387 2106 poena,
416 2070 533 2109 quam
564 2071 632 2109 pro
661 2065 817 2109 peccato
845 2055 1025 2094 sustinent
1055 2058 1082 2074 “
1100 2080 1111 2091 .

88 2105 179 2152 264.
211 2109 322 2147 instat
343 2108 482 2148 l3aelins
497 2136 508 2147 .
540 2111 620 2148 Hoc
637 2112 739 2162 ipsc,
759 2109 860 2159 quod
880 2106 1050 2145 damnati
1067 2119 1155 2159 pro-

30 2166 116 2210 pter
145 2163 385 2210 caecitatem,
414 2163 695 2200 indurationem
712 2190 723 2209 ,
753 2161 787 2195 ὅ(
815 2159 1099 2197 derelictionem
1127 2174 1150 2198 a.

30 2213 150 2262 gratia
181 2215 403 2266 resipiscere
426 2227 502 2252 non
532 2222 712 2266 possunt,
755 2221 956 2265 peccatum
992 2213 1049 2250 eis
1074 2226 1151 2252 non

32 2265 316 2318 impin-abitum
360 2276 399 2305 ut
427 2280 503 2307 non
531 2269 742 2320 imputatur
770 2266 1010 2315 amentibus,
1056 2268 1153 2318 quia.

28 2317 129 2356 illud
160 2321 280 2358 vitare
307 2334 379 2359 non
409 2330 590 2372 possunt.

88 2371 179 2410 265.
211 2373 350 2425 ἢθη-κ,
398 2375 435 2412 id
467 2388 600 2413 verum
628 2387 707 2413 esse
745 2374 793 2412 de
821 2374 1013 2421 amentia,
1058 2387 1151 2426 quae

27 2425 186 2464 omnino
210 2428 256 2465 sit
286 2426 546 2467 involuntaria
567 2457 579 2476 ,
607 2441 696 2480 quae
726 2429 773 2467 ad
802 2438 999 2479 peccatum
1022 2427 1150 2480 impu-

28 2480 98 2516 tari
129 2491 204 2517 non
235 2488 373 2532 potest3
410 2495 483 2519 non
510 2490 636 2520 autem
664 2482 711 2520 de
741 2482 933 2530 amentia,
975 2493 1063 2533 quae
1091 2495 1150 2520 es-

27 2540 78 2569 set
108 2531 255 2571 homini
286 2533 525 2582 voluntaria3
568 2534 635 2573 tali
670 2548 838 2587 namque
876 2535 1017 2572 amenti
1046 2543 1150 2574 recte

25 2585 308 2636 imputaretur,
337 2589 439 2640 quod
467 2602 489 2626 a
519 2588 710 2641 prioribus
738 2589 814 2626 suis
833 2588 960 2639 culpis
976 2601 1043 2640 per
1063 2603 1149 2640 pce-

24 2639 224 2678 nitentiam
254 2654 326 2678 non
356 2642 619 2694 resipisceret,
668 2641 756 2681 licet
785 2642 946 2679 durante
975 2643 1144 2681 amentia.

23 2691 242 2742 resipiscere
270 2706 345 2733 non
375 2703 522 2748 posset.
552 2695 736 2734 Damnati
767 2696 805 2732 in
837 2694 934 2732 hanc
955 2696 1144 2746 poeniten-

24 2743 64 2780 di
95 2744 356 2797 impotentiam
376 2762 415 2787 se
434 2751 591 2802 propria
612 2748 803 2787 voluntate
817 2778 827 2796 ,
857 2748 891 2784 8t
912 2747 1037 2786 libere·
1051 2762 1142 2787 con-

19 2794 195 2847 jecerunt
210 2813 221 2844 ;
252 2802 389 2839 merito
414 2803 528 2854 igitur
556 2816 672 2856 poena
701 2801 918 2854 plectuntur
947 2810 1114 2840 aeterna.

79 2849 168 2888 266.
199 2852 288 2891 Inst.
318 2854 482 2894 ultimo.
524 2857 691 2894 Omnino
719 2855 904 2894 credibile
934 2864 1014 2903 est,
1043 2855 1144 2893 San-

19 2911 98 2940 ctos
129 2903 293 2954 Angelos
316 2909 482 2946 custodes
510 2908 741 2958 hominum,
786 2909 916 2946 Beatos
953 2910 991 2945 in
1030 2907 1146 2947 eoelis

18 2956 104 2995 Deo
131 2959 359 3007 assistentes,
407 2975 451 2998 ac
491 2964 734 3013 potissimum
762 2962 1022 3001 beatissimam
1051 2961 1145 3000 Vir·

17 3011 147 3060 ginem
166 3040 176 3058 ,
206 3021 369 3050 nostram
389 3014 608 3053 advocatam
626 3046 638 3064 ,
659 3015 692 3051 ἃ
712 3025 907 3068 patronam
927 3046 938 3063 ‚
959 3014 1137 3067 jugibus,

20 3062 337 3118 ferventibusque
360 3066 540 3118 precibus
568 3081 641 3119 prov
665 3069 742 3106 istis
770 3069 992 3107 infelicibus
1011 3078 1139 3106 oratu-

19 3126 103 3153 ros:
131 3131 202 3156 cur
230 3132 318 3171 ergo
346 3120 575 3171 sperandum
606 3133 682 3158 non
699 3123 796 3170 eri-t,
826 3122 1057 3160 flectendum
1079 3136 1139 3159 es-

18 3179 58 3205 se
98 3170 245 3209 tandem
288 3171 495 3225 aliquando
526 3173 693 3223 Deum„
723 3183 764 3211 ut
806 3174 901 3225 ipsis
938 3174 1128 3225 ignoscat?

18 3250 48 3270 „
79 3220 244 3262 Donabit
264 3239 324 3264 eos
354 3226 601 3278 (damnatos
629 3227 774 3264 scilicet
791 3228 808 3276 )
827 3226 1026 3264 Dominus
1046 3241 1131 3278 pre-

18 3303 51 3323 „
76 3273 184 3313 cibus
213 3276 436 3318 Sanctorum
466 3294 619 3318 suorum
637 3310 647 3327 ,
677 3281 790 3318 etiam
821 3289 909 3317 tunc
930 3289 1030 3318 tanto
1049 3294 1130 3318 ina-

17 3356 50 3377 „
73 3329 130 3379 gis
158 3331 347 3370 orantium
376 3347 446 3384 pro
475 3335 644 3371 inimicis
673 3335 748 3371 suis
767 3363 777 3380 ,
807 3342 946 3385 quanto
975 3343 1058 3370 sunt
1090 3347 1132 3371 u·-

17 3408 45 3430 „
73 3382 182 3434 tique
205 3385 432 3437 sanctiores,
461 3400 669 3440 eorumque
698 3386 887 3427 efficacior
916 3395 968 3427 est
987 3388 1136 3439 oratio,

2222 191 2301 230 ¹¹7

1290 245 1324 283 &
1354 246 1594 285 exauditione
1623 246 1696 286 Dei
1725 246 1900 300 dignior,
1932 250 2009 300 jam
2039 251 2192 290 nullum
2209 253 2353 292 haben-

1236 277 1262 350 ΞΖ
1293 302 1390 338 tium
1418 300 1577 337 omnino
1606 311 1802 350 peccatum
1821 330 1830 340 .
1872 305 1947 341 Cur
1979 319 2064 356 ergo
2093 307 2224 344 eadem
2278 321 2349 345 ›er-

1236 384 1262 403 ,‚
1294 354 1495 391 sectissiuta
1524 354 1717 390 sanctitate
1735 385 1744 400 ,
1775 355 1808 390 &
1838 367 1972 394 cuncta
1995 360 2196 409 impetrare
2217 322 2347 398 valen·

1235 437 1261 456 „
1291 407 1390 445 tibus
1419 406 1678 444 mundissimis
1695 436 1705 454 ‚
1735 406 1769 442 ἃ
1791 409 2152 449 misericordissimis
2172 415 2350 464 precibus

1291 462 1403 498 etiam
1434 472 1503 520 pro
1530 458 1676 511 angelis
1700 472 1774 498 non
1802 460 1990 508 orabunt,
2028 465 2168 514 quibus
2201 477 2350 517 paratus

1290 523 1340 550 est
1370 515 1465 565 ignis
1493 522 1680 560 aeternus,
1711 520 1748 549 nt
1778 512 1883 549 Deus
1903 518 2119 552 senteutiam
2142 532 2247 557 suain
2270 522 2341 556 mi-

1235 596 1258 613 „
1289 567 1373 618 tiget
1392 595 1402 614 ,
1431 566 1465 602 ἃ
1497 565 1661 603 reflectat
1691 567 1730 603 iu
1759 567 1921 614 melius,
1953 580 2090 619 eosque
2109 571 2158 607 ab
2179 570 2246 607 illo
2267 574 2350 622 igne

1237 649 1263 666 ,‚
1295 620 1406 657 faciat
1435 619 1576 656 alienos
1606 618 1663 657 “?
1694 619 1748 657 Ita
1781 619 2147 671 philosophabantur
2177 625 2346 662 nonnulli

1236 672 1517 710 mesericordes
1545 672 1646 724 apud
1675 671 1716 710 S.
1746 672 2004 724 Augustinum
2036 674 2123 712 Lib.
2152 674 2261 715 XXI.
2303 678 2352 716 άε

1241 725 1319 763 civ.
1349 725 1426 763 Det
1455 740 1540 778 cap.
1564 725 1629 771 24.

1290 778 1379 830 267.
1413 779 1623 831 Respondet
1654 787 1779 817 antem
1809 779 1848 818 S.
1872 780 2030 818 Doctor:
2063 812 2087 829 „
2119 781 2199 821 Hoc
2228 785 2352 821 nemi-

1290 846 1375 870 nem
1403 846 1507 870 sanae
1535 832 1625 870 fidei
1654 834 1818 880 dixisse,
1849 836 2042 872 neminem
2073 837 2265 874 dicturum
2295 851 2351 875 es-

1290 899 1348 923 se.
1392 885 1576 938 Alioquin
1619 886 1726 925 nulla
1768 901 1880 925 causa
1911 896 1990 935 est,
2033 903 2101 926 cur
2131 902 2205 927 uon
2235 892 2350 928 etiarn

1234 967 1260 987 „
1290 953 1390 977 nunc
1421 952 1488 990 pro
1514 938 1688 986 diabolo,
1720 939 1751 975 8(
1781 940 1923 992 angelis
1952 941 2035 992 ejus
2055 951 2134 980 oret
2155 942 2350 994 Ecclesia,

1234 1021 1260 1040 „
1289 1006 1405 1044 quani
1439 991 1617 1043 Magister
1647 993 1750 1030 Deus
1781 1007 1849 1045 pro
1877 996 2043 1032 inimicis
2071 997 2146 1033 suis
2175 996 2282 1047 jussit
2310 1010 2349 1033 o-

1234 1073 1259 1093 „
1291 1059 1399 1083 rare.
1430 1045 1525 1083 Haec
1556 1046 1669 1097 igitur
1699 1060 1839 1094 causa,
1871 1062 1946 1099 qua
1976 1048 2044 1096 stt,
2075 1058 2113 1086 nt
2143 1063 2245 1087 nunc
2275 1050 2348 1087 Ec-

1289 1099 1403 1136 clesia
1432 1111 1505 1136 non
1533 1109 1610 1136 oret
1641 1112 1709 1152 pro
1737 1100 1850 1138 malis
1878 1101 2046 1152 angelis,
2076 1115 2170 1154 quos
2190 1117 2274 1142 suos
2294 1118 2350 1141 es-

1289 1166 1324 1189 se
1355 1153 1457 1190 novit
1487 1152 1688 1200 inimicos,
1732 1154 1865 1191 eadem
1894 1155 1975 1205 ipsa
2005 1168 2117 1193 causa
2146 1165 2223 1201 est,
2270 1171 2349 1209 qua

1289 1205 1379 1253 fiet,
1423 1207 1463 1242 in
1491 1203 1558 1242 illo
1586 1214 1675 1242 tunc
1703 1205 1849 1256 judicio
1876 1208 1988 1245 etiam
2032 1221 2099 1260 pro
2130 1209 2353 1249 hominibus

1287 1268 1431 1296 aeterno
1448 1259 1533 1309 igne
1554 1259 1771 1296 cruciandis
1787 1289 1797 1306 ,
1817 1262 1993 1311 quamvis
2015 1262 2180 1312 perfecta
2200 1265 2244 1301 sit
2265 1278 2350 1300 san-

1231 1341 1257 1360 „
1286 1314 1439 1360 ctitate,
1470 1325 1540 1349 non
1569 1320 1674 1349 oret.
1705 1311 1816 1350 Nunc
1847 1313 1950 1350 enim
1979 1324 2175 1366 propterea
2205 1329 2272 1368 pro
2303 1331 2349 1354 us

1231 1393 1257 1412 ,‚
1286 1375 1392 1413 orat,
1435 1378 1530 1417 quos
1560 1366 1598 1402 in
1626 1378 1760 1416 genere
1788 1364 1959 1404 humano
2001 1366 2112 1406 habet
2142 1370 2317 1407 inimicos
2335 1400 2346 1418 ,

1285 1421 1377 1470 quia
1407 1428 1554 1469 tempus
1584 1427 1636 1456 est
1666 1419 1899 1470 poenitentiae
1931 1420 2132 1459 fructuosae
2151 1452 2161 1470 ,
2192 1422 2261 1461 &c.
2293 1426 2318 1444 “
2337 1449 2349 1462 .

1285 1471 1375 1510 268.
1405 1471 1532 1509 Solent
1561 1474 1674 1509 etiam
1703 1471 1822 1522 objici
1852 1472 2036 1511 nonnulla
2057 1475 2231 1527 exempla
2251 1476 2348 1514 San-

1227 1532 1372 1562 ctorum
1391 1554 1401 1572 ,
1443 1525 1512 1577 qui
1542 1524 1720 1562 dicuntur
1747 1527 1824 1563 suis
1866 1527 2045 1576 precibus
2075 1527 2344 1567 liberationem

1224 1578 1481 1628 quorumdam
1510 1577 1776 1615 damnatorum
1807 1593 1828 1616 a
1860 1579 1940 1616 Deo
1971 1581 2215 1632 impetrasse.
2258 1581 2346 1620 Ma-

1224 1633 1326 1666 xime
1355 1631 1448 1668 olim
1480 1630 1658 1681 vulgata,
1689 1630 1722 1666 8<
1753 1631 1899 1682 ubique
1930 1633 2007 1668 fere
2036 1634 2175 1671 credita
2209 1636 2276 1672 fuit
2299 1635 2345 1671 li-

1222 1681 1367 1719 beratio
1403 1685 1543 1720 animae
1574 1681 1735 1731 'I'rajzsni
1765 1683 2008 1733 Imperatoris
2037 1684 2217 1734 Ethnici,
2263 1701 2347 1738 pre·

1221 1734 1336 1772 cibus
1361 1734 1404 1772 S.
1433 1736 1609 1785 Gregorii
1639 1734 1795 1785 Magni.
1829 1735 1905 1772 Alii
1936 1745 2063 1786 postea
2085 1749 2345 1777 memorantur

1219 1787 1396 1826 similiter
1416 1788 1590 1834 liberati,
1607 1796 1646 1825 nt
1668 1786 1883 1826 Falconilla
1906 1790 2085 1839 precibus
2104 1790 2144 1829 S.
2163 1791 2343 1837 Theclae,

1219 1840 1440 1880 Dinocrates
1469 1841 1649 1893 precibus
1677 1840 1717 1878 S.
1734 1839 1954 1892 perpetuae-5
1985 1851 2063 1880 tum
2095 1853 2200 1895 pater
2230 1846 2268 1883 S.
2291 1851 2344 1881 ‹J-

1221 1893 1316 1930 tiliae
1349 1895 1545 1944 Virginis,
1587 1907 1707 1945 quam
1737 1893 1904 1932 Thomas
1936 1895 2215 1947 Argentiuensis
2248 1902 2282 1936 in
2312 1902 2344 1938 l.

1222 1946 1397 1985 Distinet.
1413 1948 1478 1993 [μ.
1501 1947 1614 1984 refert
1630 1976 1641 1994 ,
1672 1946 1803 1984 tandiu
1826 1946 1973 1985 flevisse
1988 1979 1997 1995 ,
2019 1962 2217 2004 quousque
2239 1952 2347 1992 Deus

1221 1998 1347 2049 ipsum
1377 2015 1397 2037 a
1429 2001 1550 2050 poenis
1581 1999 1717 2036 inferni
1749 2001 1948 2037 extraxerit
1968 2026 1979 2038 .
2023 2001 2152 2041 Plures
2188 2019 2345 2058 quoque

1220 2063 1481 2091 memorantur
1503 2082 1513 2100 ,
1544 2053 1613 2105 qui
1642 2051 1730 2090 licet
1758 2051 1841 2103 jam
1869 2053 2037 2092 damnati
2059 2087 2069 2104 ,
2110 2057 2261 2095 fuerunt
2292 2060 2341 2097 ad

1220 2103 1318 2143 lianc
1348 2108 1468 2144 vitam
1495 2106 1688 2153 revocati,
1720 2114 1758 2143 nt
1789 2114 1936 2157 possent
1958 2122 2111 2147 suarum
2134 2111 2341 2162 culparum

1219 2160 1482 2209 poenitentiam
1498 2172 1609 2210 agere
1624 2185 1635 2196 .
1651 2157 1691 2196 S.
1709 2160 1941 2210 Augustinus
1955 2160 2080 2200 Serin.
2096 2164 2343 2203 cccxxiii.

1217 2213 1359 2260 refert,
1387 2212 1591 2251 mulierem
1620 2228 1643 2250 a
1671 2212 1713 2250 S.
1728 2211 1921 2265 Stephano
1950 2218 2199 2268 impetrasse,
2230 2229 2269 2256 ut
2299 2233 2339 2256 e-

1217 2263 1280 2316 j-us
1308 2267 1412 2305 filius
1441 2267 1489 2304 ad
1511 2265 1643 2304 horam
1663 2266 1933 2304 suscitarentur
1950 2298 1961 2317 ,
1991 2278 2032 2306 ut
2054 2279 2172 2321 posset
2193 2270 2241 2308 ba
2270 2272 2337 2310 tis-

1217 2332 1329 2358 mum
1342 2322 1533 2373 suscipere
1548 2345 1559 2357 .
1579 2319 1717 2358 Simile
1733 2319 1965 2358 miraculum
1983 2322 2127 2361 factum
2142 2339 2163 2362 a
2180 2324 2240 2363 S.'
2271 2324 2337 2362 ho-

1218 2386 1282 2411 ma
1303 2403 1313 2421 ,
1343 2375 1456 2411 refert
1484 2374 1528 2412 S.
1556 2373 1773 2411 Antoninus
1803 2375 1841 2411 in
1871 2373 1976 2413 Hesi.
1993 2390 2009 2420 ‚·
2040 2377 2117 2414 imo
2145 2391 2220 2416 non
2243 2393 2336 2431 pau-

1216 2441 1262 2465 ca
1290 2426 1459 2478 ejusdem
1489 2428 1640 2478 generis
1665 2435 1868 2464 narrantur
1897 2443 1919 2465 a
1946 2430 2128 2480 gravibus
2160 2431 2334 2468 Auctori-

1215 2480 1314 2529 bus,
1345 2490 1383 2518 ut
1413 2480 1573 2533 proinde
1598 2479 1776 2518 concludi
1797 2482 1936 2532 possit,
1965 2481 2227 2520 damnatorum
2249 2497 2336 2535 poe-

1214 2547 1280 2571 nas
1308 2548 1383 2572 non
1411 2548 1487 2572 esse
1515 2532 1686 2571 absolu-te
1706 2563 1717 2581 ,
1747 2533 1780 2569 ἃ
1808 2535 1968 2571 omnino
1996 2546 2178 2574 aeternas.

1268 2586 1360 2639 269.
1389 2586 1464 2626 Sed
1491 2587 1540 2625 de
1557 2586 1780 2625 liberatione
1800 2585 1960 2636 Traiani
1977 2616 1988 2634 ‚
2019 2588 2052 2623 ἃ
2073 2589 2333 2639 quorumdam

1211 2640 1378 2679 anorum
1405 2654 1560 2693 agemus
1588 2641 1630 2678 in
1658 2654 1736 2691 seq.
1765 2639 1919 2686 Tmen,
1951 2640 2016 2678 nbi
2047 2642 2093 2678 de
2114 2643 2334 2680 necessitate

1210 2693 1302 2732 fidei
1330 2695 1377 2732 ad
1406 2694 1568 2733 salutem
1596 2706 1718 2730 sermo
1747 2693 1846 2728 erit.
1892 2692 1976 2731 Non
2005 2703 2130 2731 autem
2161 2704 2246 2733 sunt
2273 2697 2333 2734 fa-

1209 2747 1283 2785 cile
1310 2750 1439 2787 oin-nia
1468 2746 1678 2792 credenda,
1714 2758 1803 2796 quae
1831 2745 1881 2782 de
1908 2745 2126 2796 hujusmodi
2158 2750 2331 2787 miracu-

1207 2800 1257 2838 lis
1282 2802 1630 2839 circumferuntur.
1658 2798 1699 2835 Si
1729 2811 1818 2849 quae
1847 2808 1978 2837 tamen
2004 2813 2093 2838 vera
2114 2802 2206 2849 sint,
2236 2811 2331 2841 tunc

1208 2854 1336 2891 dicere
1360 2854 1574 2907 oportebit,
1604 2865 1664 2888 eas
1693 2855 1838 2888 animas
1867 2865 1938 2888 non
1969 2853 2082 2891 fuisse
2110 2854 2247 2904 finali,
2291 2856 2330 2893 ἃ

1209 2909 1450 2946 irrevocabili
1480 2907 1661 2945 sententia.
1688 2905 1735 2941 ad
1770 2906 1958 2942 infernale
1990 2906 2225 2960 supplicium
2259 2910 2325 2948 da—

1208 2962 1437 3008 rnnatas,sed
1453 2961 1656 3010 adtempns
1676 2958 1886 2995 secundum
1907 2970 2130 3008 praesentem
2152 2964 2323 3013 proprio-

1207 3027 1293 3051 rum
1324 3015 1545 3051 meritorum
1575 3012 1760 3062 justitiam
1782 3040 1794 3058 ,
1824 3021 1863 3048 nt
1893 3011 2005 3051 habet
2033 3012 2073 3051 S.
2095 3013 2262 3053 Thomas
2284 3018 2326 3055 ir»

1205 3067 1271 3105 IV.
1301 3066 1481 3106 Sentent.
1511 3066 1690 3103 Distinet.
1711 3063 1834 3103 XLV.
1863 3079 1929 3117 qu.
1949 3079 1987 3104 2.
2015 3076 2088 3106 art.
2103 3067 2265 3106 2.solut.
2287 3081 2326 3108 ι.

1205 3121 1251 3158 ad
1274 3133 1306 3157 1.

1252 3174 1438 3222 Quaeres,
1465 3188 1510 3210 an
1540 3182 1771 3210 aeternarum
1802 3187 2002 3225 poenarum
2031 3177 2072 3214 in
2100 3175 2252 3214 inferno
2274 3175 2322 3212 sit

1198 3227 1330 3279 aliqua
1359 3227 1571 3277 mitigatio,
1603 3226 1661 3263 vel
1693 3226 1890 3265 remissio?

1255 3294 1347 3330 270.
1380 3279 1516 3333 ἢθη»,
1560 3292 1636 3316 non
1667 3294 1781 3318 unam
1812 3283 1926 3319 fuisse
1953 3280 2047 3320 olim
2083 3281 2130 3318 de
2166 3280 2236 3317 hac
2273 3293 2316 3316 re

1200 3335 1446 3372 sententiam.
1492 3333 1661 3381 Quidam
1704 3333 1803 3372 enim
1845 3337 1953 3387 quasi
1992 3335 2105 3372 ferias
2131 3333 2314 3384 quasdam

1200 3388 1470 3426 constituerunt
1487 3418 1499 3438 ,
1529 3389 1568 3428 in
1595 3387 1737 3440 quibus
1756 3389 1926 3429 damuati
1945 3387 2115 3440 aliquam
2136 3385 2317 3426 habereut

2200 3451 2260 3477 xe-

1234 490 1260 508 ’9

1234 542 1259 561 ²2

1235 861 1260 880 ³,

1235 915 1260 934 >9

1234 1127 1258 1146 95

1233 1181 1258 1199 :u

1233 1234 1258 1253 5>

1230 1287 1255 1306 9>

1231 1446 1256 1465 ³9
