2562 3694
702 114 783 164 DE
822 115 1166 165 PRAECEPTO
1201 120 1448 166 CHARIT.
1480 125 1745 172 AC'I'UAL.

58 230 89 257 5,
115 209 158 243 nt
186 209 310 251 totum
333 214 397 241 cor
416 199 583 239 hominis
613 210 761 252 semper
788 200 985 239 actualiter
1005 203 1041 238 in
1058 201 1185 239 Deum

64 288 92 308 2,
124 259 292 302 feratur3
323 255 440 293 &ista
468 263 520 292 est
552 254 733 305 perfectio
761 256 923 306 patriae.
957 255 1044 293 Atio
1075 255 1186 292 modo

62 339 91 361 ,‚
122 321 161 349 ut
193 306 436 349 liabitnaliter
465 315 583 345 totum
612 320 676 345 cor
706 306 870 357 hominia
898 310 938 345 in
970 308 1097 345 iheum
1130 307 1184 344 fe·

61 394 89 413 ,‚
118 373 248 409 ratur,
287 360 339 398 ita
367 360 540 409 scilicet,
582 355 683 412 quod
714 359 808 398 nihil
830 369 958 399 contra
987 361 1059 398 Ilei
1089 361 1185 399 «tite-

64 446 93 466 ,‚
123 417 286 454 ctionem
316 425 380 451 cor
409 412 576 452 hominis
619 414 798 464 recipiat,
839 414 874 450 8<
905 412 987 452 liaec
1017 423 1070 451 est
1101 427 1185 459 per-

59 496 89 518 „
118 469 232 506 sectio
261 468 362 513 viae3
406 469 468 505 cui
499 480 573 514 iio-n
603 469 854 504 contrariatur
892 477 1090 518 peccatum
1121 481 1185 505 ve-

61 550 88 570 „
118 519 248 568 niale,
278 522 370 573 quia
410 533 486 558 non
515 518 615 557 tollit
645 518 818 556 habitum
850 520 1067 567 charitatis,
1096 534 1186 558 cum

60 603 88 624 „
119 586 192 611 uon
223 575 347 611 tendat
376 575 415 612 in
445 573 661 624 oppositum
700 573 924 625 objectum2
972 574 1034 610 sed
1063 571 1186 612 solum

61 656 89 676 „
121 627 282 678 impedit
311 626 505 666 charitatis
536 638 645 663 usmn
667 626 687 641 ''
710 652 720 663 .
749 627 882 663 (lenset
900 628 1012 678 igitur
1036 626 1187 677 Angeli-

57 692 152 728 cus‚
181 682 225 718 ad
260 679 534 733 perfectionem
565 677 756 717 charitatis
788 681 826 717 in
856 681 918 716 via
950 678 1047 717 nihil
1078 679 1184 717 aliud

91 734 276 781 ertinere,
305 733 375 771 nisi
407 741 446 770 ut
475 731 574 769 nihil
604 743 734 770 contra
756 732 827 770 Dei
857 732 1094 770 dilectionem
1118 733 1184 770 lia·

59 744 250 825 {nitatem
280 798 346 824 cor
375 784 542 824 hominis
563 787 746 838 recipiat,
776 799 840 824 seu
857 796 895 824 ut
914 787 1088 824 mandata
1108 799 1183 824 ser-

59 849 223 879 ventur·

114 894 178 932 52.
210 891 352 945 ἢθη-ὴ,
380 890 421 930 S.
451 890 645 931 Thomam
674 907 695 931 a
725 894 957 945 perfectione
986 890 1183 930 charitatis

58 944 135 985 viae
164 959 241 985 non
271 945 473 985 excludere
491 958 620 985 omnes
648 955 753 984 actus
782 948 947 984 internos
964 976 975 994 ‚
1004 946 1038 981 δι
1060 945 1181 997 expli-

54 1000 150 1039 citos
179 997 388 1037 affectionis
418 998 519 1048 Dei,
562 1000 625 1038 sed
654 999 778 1038 solum
808 1008 914 1038 actus
956 1008 1180 1050 perpetuos,

57 1052 93 1089 8<
122 1066 320 1105 nunqnam
351 1054 605 1105 interruptos,
641 1055 708 1105 qui
740 1054 870 1104 utique
904 1052 948 1089 ad
980 1052 1181 1104 perfectio-

55 1118 144 1144 nem
175 1108 309 1157 patriae
340 1115 536 1157 spectant.
577 1106 662 1144 Sibi
694 1107 795 1143 enim
823 1106 1005 1143 duntaxat
1044 1119 1181 1158 propo-

55 1161 181 1198 suerat
197 1158 401 1210 Angelicus
422 1158 564 1196 Doctor
591 1159 798 1196 discrimen
831 1157 967 1195 afferre
984 1159 1078 1196 inter
1099 1172 1179 1196 mo-

56 1211 150 1250 dum
173 1240 184 1259 ‚
226 1223 303 1263 quo
328 1210 436 1249 Beati
465 1211 506 1249 in
534 1211 657 1263 patria
684 1210 812 1249 Deum
849 1220 1006 1260 amant,
1044 1225 1180 1264 nempe

52 1264 204 1304 acubus
232 1263 448 1312 continuis,
477 1263 511 1301 8t
533 1276 743 1317 numquam
761 1265 1008 1317 interruptis3
1038 1263 1071 1300 ἃ
1100 1279 1180 1303 mo·

55 1316 150 1355 dum
169 1345 180 1365 ‚
210 1318 277 1370 qui
307 1315 415 1367 justis
444 1317 654 1355 viatoribus
681 1319 887 1366 convenit,
916 1331 1080 1370 quornm
1115 1332 1180 1357 cor

57 1368 311 1408 habitualzter
331 1398 343 1418 ,
379 1369 429 1411 (9‘
458 1370 674 1408 virtualiter
702 1372 740 1408 in
772 1369 896 1409 Deum
926 1385 1075 1424 semper
1107 1373 1180 1410 fer-

55 1424 90 1461 ri
120 1422 256 1472 debet,
286 1425 338 1461 ita
369 1432 409 1461 ut
438 1422 537 1463 nihil
567 1437 740 1476 unquam
770 1434 901 1462 contra
921 1424 1180 1464 Deidilectio-

53 1487 142 1515 nem
172 1484 300 1528 agant,
331 1475 364 1513 8t
381 1479 537 1530 insuper
564 1479 694 1516 omnia
719 1490 834 1530 opera
855 1492 920 1518 sua
948 1478 1077 1526 bona,
1107 1483 1180 1516 vir-

51 1530 214 1568 tualiter
241 1529 374 1568 saltem
391 1560 402 1579 ,
433 1533 470 1568 in
496 1532 621 1569 Deum
651 1532 843 1583 dirigant;
874 1545 950 1570 non
979 1541 1031 1570 est
1051 1542 1179 1570 autem

52 1595 202 1621 necesse
222 1612 234 1631 ,
271 1592 335 1622 aut
365 1582 570 1634 possibile,
609 1592 648 1621 ut
670 1597 826 1636 ‘semper
854 1595 939 1623 actu
971 1586 1112 1624 seratur
1141 1587 1180 1623 in

54 1634 183 1675 Deum
201 1649 268 1689 per
282 1636 476 1674 charitatis
504 1637 681 1682 ardores;
710 1640 886 1688 quamvis
907 1636 941 1674 &
972 1637 1179 1689 possibile,

53 1688 390 1736 &necessarium,
419 1690 464 1727 sit
479 1697 518 1726 ut
533 1689 571 1726 id
600 1688 835 1741 aliquando,
865 1690 899 1725 δι
929 1693 1069 1741 saepins
1090 1692 1178 1729 fiat.

109 1743 175 1782 53.
204 1743 291 1781 Inst.
307 1740 354 1780 S.
371 1741 512 1780 Doctor
541 1741 636 1781 ibid.
666 1741 714 1780 ad
745 1742 807 1782 3.:
829 1772 854 1791 ‚,
876 1740 1061 1781 Perfectio
1089 1743 1180 1781 cha-

55 1825 82 1846 „
111 1796 257 1844 tinnis,
304 1797 429 1846 inquit
449 1825 460 1843 ‚
501 1796 549 1833 ad
577 1807 695 1848 quam
735 1797 958 1834 ordinantur
987 1797 1180 1845 consilia,

55 1878 82 1898 „
114 1857 166 1887 est
197 1848 322 1887 media
352 1850 449 1886 iuter
477 1848 571 1887 duas
600 1850 851 1902 perfectiones
881 1851 1110 1901 praedictas,
1141 1859 1181 1887 ut

53 1929 81 1952 ,‚
109 1901 255 1941 scilicet
271 1900 406 1950 homo,
426 1911 616 1954 quantum
634 1902 812 1955 possibile
828 1911 900 1951 est,
931 1917 967 1940 se
988 1902 1179 1941 abstrahat

55 1961 84 2004 ‘‚,
114 1970 135 1994 a
164 1954 278 1993 rebus
307 1955 611 2007 temporalibus,
641 1957 756 1994 etiam
786 1955 902 1994 licitis
920 1987 929 2003 ‚
959 1969 1047 2008 quae
1065 1968 1178 1994 occu-

53 2035 83 2058 „
112 2007 238 2065 pando
266 2008 438 2046 animam
468 2008 681 2062 impediunt
709 2008 899 2048 actualem
930 2017 1073 2046 motum
1095 2021 1178 2047 cor-

54 2089 83 2110 „
111 2062 169 2100 dis
182 2061 224 2099 in
241 2061 368 2100 Deum
383 2061 424 2099 ”:
453 2070 574 2101 totum
604 2074 692 2114 ergo
719 2062 914 2111 charitatis
943 2070 1178 2115 praeceptum

54 2116 98 2153 in
128 2127 172 2153 eo
194 2114 312 2154 situm
338 2122 421 2163 est,
459 2124 506 2153 ‘ut
535 2129 578 2152 ea
603 2125 872 2153 ¹removeantur
893 2145 904 2163 ‚
947 2129 1035 2167 quie
1066 2127 1129 2153 uos
1157 2129 1180 2153 a

56 2167 139 2206 Deo
166 2177 335 2206 avertere
360 2175 540 2218 possunt,
565 2167 670 2220 quod
685 2167 727 2205 fit
747 2169 930 2208 servando
960 2177 1152 2221 praecepta
1169 2197 1180 2218 ,

56 2220 90 2258 ἆ
119 2219 278 2258 consilia
306 2219 439 2258 divina
456 2245 467 2258 .
689 2235 692 2238 ·

110 2273 177 2320 54.
208 2272 348 2325 Resp.‚
379 2272 490 2322 haec,
526 2272 626 2312 dicta
655 2286 760 2323 esse,
797 2288 870 2314 non
897 2288 967 2327 per
997 2276 1182 2314 exclusio—

56 2339 148 2365 nem
178 2326 339 2365 actualis
382 2327 569 2366 interioris
612 2341 702 2380 erga
730 2328 858 2367 Deum
887 2329 1070 2378 affectus,
1114 2330 1183 2382 qui

59 2382 162 2420 statis
192 2379 426 2434 quibusdam
460 2381 698 2434 temporibus
740 2382 962 2420 excitandus
997 2391 1076 2430 est;
1118 2383 1183 2421 sed

53 2434 260 2486 suppositis
276 2433 469 2473 charitatis
485 2434 633 2473 actibus
661 2437 805 2488 saepius
835 2437 1027 2487 repetitis,
1066 2436 1184 2488 signi-

54 2486 220 2536 ficatur,
250 2487 527 2539 perfectionem
557 2486 752 2527 charitatis
780 2490 939 2541 positam
970 2491 1185 2528 esseinab·

54 2540 230 2579 atinentia
259 2554 281 2578 a
310 2539 423 2579 rebus
452 2541 752 2594 temporalibus,
782 2544 896 2581 etiam
928 2543 1067 2591 licitis,
1091 2555 1186 2595 ‘quae

55 2594 225 2632 nimium
258 2602 488 2647 occupantes
525 2596 698 2634 animum
737 2596 957 2648 impediunt
994 2597 1185 2635 actualem

57 2656 207 2686 motum
235 2647 361 2686 cordis
390 2649 430 2686 in
453 2648 582 2688 Deum
598 2663 609 2695 3
638 2662 728 2701 quae
758 2659 946 2700 postrema
975 2649 1016 2688 S.
1047 2649 1185 2688 Docto-

58 2701 112 2738 τῖς
141 2701 258 2740 verba
287 2701 376 2740 satis
405 2701 621 2741 luculenter
642 2704 888 2757 exprimunt,
906 2704 958 2741 'in
978 2702 1087 2754 justis
1107 2716 1185 2742 esse

60 2761 234 2805 oportere
263 2754 453 2793 actualem
484 2765 628 2794 motum
658 2756 783 2794 cordis
804 2757 841 2794 in
864 2756 989 2794 Deum
1009 2787 1019 2805 ‚
1049 2771 1186 2808 quam-

58 2820 178 2896 }1uam
208 2807 468 2860 frequentius,
505 2808 566 2850 vel
596 2810 718 2848 rarius
735 2823 803 2862 pro
816 2810 965 2849 diverso
994 2809 1186 2849 charitatis

80 2871 238 2899 ervom·
534 2881 543 2890 ⁹

117 2912 185 2952 35.
214 2913 304 2953 Inst.
334 2913 534 2956 secundo.
563 2914 670 2956 Idem
693 2913 734 2955 S.
757 2914 898 2956 Doctor
928 2915 1023 2955 ibid.
1054 2925 1124 2955 art.
1139 2915 1186 2956 ’6.

59 2965 108 3005 ad
127 2978 182 3004 2.:
216 2966 365 3016 „Sicut
393 2969 527 3020 miles,
558 2974 702 3022 inquit,
733 2972 801 3023 qui
830 2971 1001 3022 legitime
1023 2980 1185 3023 pugnat,

62 3049 90 3068 „
120 3020 209 3058 licet
238 3033 315 3059 non
335 3023 460 3061 vincat
477 3054 488 3072 ‚
520 3037 591 3063 non
611 3023 813 3076 culpatur,
843 3037 913 3062 nec
936 3038 1089 3076 poenam
1107 3039 1186 3062 mc-

60 3101 90 3121 „
120 3083 245 3122 retur,
275 3075 327 3113 ita
356 3076 468 3114 etiam
498 3078 568 3129 qui
598 3079 637 3116 in
666 3078 731 3116 via
760 3076 831 3121 lch
860 3087 1095 3130 praeceptum
1113 3091 1186 3116 non

64 3153 91 3174 ,‚
120 3127 281 3180 implet,
311 3127 410 3166 nihil
439 3139 570 3168 contra
597 3131 768 3169 divinam
784 3130 1024 3169 dilectionem
1050 3145 1186 3182 agens,

64 3207 93 3227 2,
120 3192 194 3218 non
226 3180 356 3234 peccat
385 3182 621 3229 mortaliter3
649 3184 701 3225 <90
730 3192 810 3221 art.
835 3195 868 3222 ι.
899 3183 954 3221 ad
975 3184 1013 3222 5.
1043 3185 1187 3225 Omnia

60 3260 88 3281 2,
120 3245 314 3288 praecepta
334 3235 517 3288 Decalogi
541 3267 551 3283 ‚
581 3240 702 3286 inquit
719 3252 734 3281 ;
762 3237 985 3275 ordinantur
1014 3238 1062 3276 ad
1090 3237 1188 3276 dile-

67 3314 95 3333 „
124 3286 287 3326 ctionem
305 3289 404 3338 Dei,
436 3289 469 3326 &
500 3291 694 3343 proximi,
724 3289 758 3327 8<
779 3290 862 3328 ideo
877 3298 1069 3344 praecepta
1097 3290 1187 3330 cha-

63 3366 90 3386 „
120 3339 243 3379 sitatis
266 3355 346 3381 non
374 3344 529 3384 fuerunt
556 3344 867 3385 connumeranda
909 3345 1007 3385 inter
1043 3357 1188 3397 praece·

2228 142 2312 194 175

1255 210 1372 251 „pta
1404 202 1604 253 Decalogi,
1651 209 1714 245 sed
1746 209 1784 246 in
1826 210 2004 250 omnibns
2047 212 2366 257 includuntur-⁹.

1255 306 1279 316 ..
1307 254 1372 313 36.
1402 253 1536 316 isit-sp„
1567 260 1607 295 S.
1638 259 1827 300 'rhomam
1860 264 1899 301 in
1930 267 2045 316 priori
2077 269 2158 306 loco
2188 270 2292 324 loqui
2321 272 2371 311 d·

1254 321 1300 346 m
1329 316 1462 368 justis,
1504 323 1572 360 qui
1601 315 1779 361 quamvis
1809 329 1876 367 per
1905 319 2092 368 internos,
2123 317 2373 377 externosquo

1252 374 1393 399 amoris
1422 370 1524 400 actus
1553 375 1789 414 pracceptum
1819 368 2010 409 charitatis
2031 373 2161 426 aliquo
2189 378 2302 416 modo
2329 393 2370 416 a·

1252 414 1492 465 dimpleant,
1527 427 1601 453 non
1625 417 1833 469 adimplent
1850 430 1973 461 tamen
1992 428 2177 476 perfecte,
2207 432 2298 482 quia
2328 433 2370 471 iu

1254 467 1422 505 venialia
1452 477 1605 519 peccata
1632 483 1734 521 xrpe
1764 472 1955 523 incidunt,
1998 480 2138 529 quibus·
2178 481 2290 520 homo
2319 484 2370 523 ab

1254 520 1386 558 ordine
1415 522 1460 558 ad
1492 521 1608 559 finem
1640 536 1710 560 non
1741 526 1908 574 recedit,
1938 532 2003 566 etsi
2034 533 2078 568 :nl
2102 535 2217 572 tinem
2243 538 2372 589 ipsum

1254 575 1519 625 praecipientis
1560 588 1634 613 non
1667 578 1871 629 pertingit.
1915 579 1996 618 [Non
2034 595 2159 622 autem
2200 589 2370 640 loquitur

1258 626 1461 678 Angelicns
1477 629 1522 664 de
1544 629 1737 680 iisjustis,
1766 633 1834 682 qni
1865 634 2082 674 interiorem
2112 639 2301 680 charitatis
2331 656 2371 681 a·

1253 688 1355 717 ctum
1386 694 1599 731 numquam
1629 683 1811 721 eliciunt:
1849 686 1948 725 nulli
1979 688 2079 726 enim
2110 706 2185 729 esse
2221 704 2373 744 poscunt

1253 731 1368 780 hujus
1396 736 1545 784 generis
1574 733 1688 786 justi.

1307 787 1372 836 57.
1404 788 1445 824 ln
1475 787 1551 824 alio
1579 798 1706 827 autem
1737 790 1818 829 lo'eo
1847 805 1919 831 non
1950 793 2017 832 ille
2045 810 2172 836 sensus
2200 808 2252 837 est
2275 799 2375 840 Saa-

1251 839 1302 876 cti
1331 840 1529 888 Doctoris,
1575 850 1613 879 nt
1644 843 1794 881 nullum
1824 848 1870 883 sit
1906 860 2141 902 praeceptum
2185 853 2374 905 diligendi

1251 891 1378 931 Deum
1408 909 1430 931 a
1468 896 1600 932 ceteri·
1634 896 1884 944 distinctum;
1928 914 2017 939 nam
2056 908 2291 944 contrarium
2331 909 2374 947 in

1251 954 1324 983 toto
1353 946 1515 984 articulo
1543 947 1886 998 demonstraverat3
1916 954 1980 992 sed
2039 956 2276 998 nodnecesse
2295 973 2374 1000 non

1249 1008 1353 1047 erat,
1384 999 1453 1038 lioc
1483 1012 1720 1054 praeceptum
1741 1005 1913 1044 distincte
1929 1008 1978 1045 ab
1997 970 2084 1047 :iliis
2105 1012 2223 1061 poni,
2253 1027 2375 1066 quan·

1249 1052 1455 1104 doqnidetn
1485 1054 1589 1104 alia,
1619 1056 1750 1094 saltem
1780 1069 1967 1109 quantum
1998 1062 2044 1099 ad
2075 1064 2260 1114 modum,
2295 1079 2375 1105 uer·

1250 1108 1332 1144 vari
1362 1120 1436 1144 non
1460 1118 1639 1158 possunt,
1671 1112 1738 1147 nisi
1770 1112 1908 1151 elicitis
1936 1118 2079 1166 saepius
2109 1117 2303 1157 charitatis
2332 1135 2376 1159 a·

1248 1159 1400 1208 ctibus,
1446 1161 1542 1198 unde
1574 1163 1745 1201 virtualis
1775 1168 1950 1205 omnium
1977 1182 2139 1220 operum
2170 1173 2208 1209 in
2242 1172 2374 1213 Deum

1249 1212 1384 1251 relatio
1413 1216 1621 1266 consurgit5
1651 1216 1750 1268 quod
1784 1218 1883 1257 idem
1914 1222 2116 1272 Angelicus
2147 1226 2185 1262 in
2206 1239 2304 1278 resp.
2326 1227 2377 1265 ad

1254 1278 1287 1304 1.
1317 1265 1457 1306 clarius
1487 1268 1692 1317 docuerat,
1723 1270 1876 1310 dicem:
1907 1273 2056 1322 „Sicut
2084 1290 2199 1329 supra
2229 1280 2376 1318 dictum

1250 1348 1276 1368 „
1306 1329 1358 1357 est
1389 1323 1402 1371 (
1432 1334 1463 1359 ι.
1483 1333 1519 1359 2.
1549 1335 1615 1374 qu.
1640 1336 1726 1361 ιοο.
1757 1333 1828 1363 art.
1851 1329 1948 1377 ιο.)
1979 1341 2068 1367 cum
2096 1331 2143 1368 de
2173 1334 2378 1384 praecepti..

1252 1400 1277 1421 ,,
1307 1383 1507 1424 ageretur,
1553 1375 1685 1414 modus
1713 1376 1924 1418 dilectionis
1955 1394 2026 1420 non
2056 1383 2156 1421 cadit
2197 1385 2268 1423 sub
2297 1385 2379 1424 itti«

1251 1455 1277 1474 ,‚
1310 1430 1538 1480 praeceptis,
1581 1443 1668 1480 qum
1699 1431 1837 1469 dantur
1873 1433 1919 1471 de
1953 1434 2038 1473 aliis
2072 1437 2219 1476 actibus
2254 1440 2376 1477 virtu-

1250 1507 1276 1527 „
1307 1489 1386 1517 tum
1405 1511 1415 1529 ,
1447 1483 1622 1532 pnta‘sub
1641 1482 1710 1521 hoc
1728 1496 1936 1539 praecepto:
1968 1488 1988 1503 '’
2019 1484 2189 1528 Honora
2215 1500 2379 1541 patrem

1248 1541 1358 1570 tuum
1378 1563 1388 1581 ‚
1421 1536 1471 1574 Θ
1503 1544 1677 1573 matrem
1709 1547 1851 1587 tuom,
1896 1554 1967 1578 non
2000 1544 2128 1590 cadit,
2166 1545 2269 1596 qnod
2306 1544 2379 1583 ho·

1249 1599 1294 1623 ex
1310 1586 1494 1626 charitate
1515 1587 1606 1634 fia‘t3
1637 1589 1745 1628 cadit
1774 1602 1914 1631 tamen
1929 1604 2044 1634 accus
2073 1595 2289 1636 dilectionis
2310 1596 2379 1637 sih

1248 1644 1457 1700 praeceptis
1486 1642 1746 1691 specialibus.
1783 1644 1874 1685 Vid.
1895 1649 2009 1686 etiam
2029 1677 2040 1697 ‚
2069 1663 2158 1703 quae
2190 1652 2290 1690 infra
2317 1652 2381 1690 di-

1249 1701 1346 1730 cturi
1377 1707 1508 1731 sumus
1536 1708 1621 1745 cap.
1644 1696 1684 1741 4.

1304 1744 1371 1782 58.
1401 1745 1495 1796 Obj.
1517 1756 1660 1796 quarto
1677 1772 1688 1786 .
1717 1748 1829 1788 Joan.
1850 1750 1998 1789 Get-son
2030 1754 2068 1792 iu
2092 1754 2290 1804 Opusculo
2309 1761 2381 1796 tri·

1247 1800 1423 1847 partito,
1465 1799 1514 1836 ab
1543 1809 1628 1837 octo
1659 1801 1773 1853 plane
1802 1803 1947 1842 Galliae
1976 1806 2162 1846 Conciliis
2196 1811 2382 1861 probato:

1251 1878 1274 1899 ,‚
1305 1849 1478 1888 Primum
1509 1863 1748 1904 praeceptum
1770 1864 1855 1903 est,
1884 1861 2035 1907 inquit,
2067 1859 2214 1913 Diliges
2243 1864 2382 1903 Domi-

1249 1932 1275 1951 „
1306 1916 1402 1941 num
1425 1903 1550 1941 Deum
1573 1914 1681 1943 tuum
1703 1907 1774 1945 ἃς.
1793 1937 1804 1955 ,
1835 1907 1905 1947 hoc
1935 1920 1988 1948 est
2017 1925 2093 1950 non
2125 1917 2227 1953 voles
2255 1918 2379 1957 scien-

1247 1984 1274 2004 „
1303 1964 1359 1992 ter
1388 1968 1470 1994 rem
1500 1968 1789 2012 quamcumque
1810 1975 1963 2009 amare,
1994 1965 2080 2017 plus
2100 1981 2217 2018 quam
2237 1969 2379 2018 Deum,

1248 2037 1275 2057 „
1303 2020 1380 2060 quo
1395 2009 1468 2047 Dei
1500 2024 1670 2050 amorem
1699 2014 1855 2064 perdas.
1887 2017 1968 2054 Hoc
1989 2029 2114 2056 autem
2167 2033 2382 2076 raeceptum

1249 2090 1274 2110 „
1304 2064 1571 2102 convenienter
1612 2065 1663 2104 ab
1689 2064 1849 2106 homine
1877 2079 2078 2120 servatur,
2122 2035 2162 2110 ἐ
2200 2088 2278 2115 non
2306 2076 2380 2116 ali-

1249 2143 1276 2164 „
1307 2123 1389 2176 ter,
1433 2118 1463 2154 si
1493 2116 1618 2169 legem
1648 2117 1748 2169 Dei,
1793 2120 1826 2158 8<
1869 2123 1947 2161 alia
1977 2135 2170 2179 praecepta
2198 2129 2381 2182 operibus

1252 2197 1278 2218 ‚‚
1307 2168 1494 2221 tmpleat.
1537 2171 1617 2219 Qui
1647 2174 1751 2212 enim
1782 2176 1991 2216 mortaliter
2028 2189 2186 2231 peccat,
2230 2197 2380 2236 praece-

1252 2251 1278 2271 „
1309 2230 1416 2273 ptum
1448 2222 1516 2262 Ιιοο
1536 2225 1738 2279 infringit,
1768 2228 1861 2281 qnia
1881 2229 2112 2271 voluntatem
2142 2249 2249 2275 suam
2279 2238 2382 2276 divi·-

1252 2304 1278 2324 ,‚
1308 2289 1370 2313 1)ae
1400 2275 1584 2316 voluntati
1613 2282 1830 2332 oppositum
1861 2286 2102 2338 praecipienti
2126 2292 2382 2340 anteponit&

1306 2326 1372 2380 59.
1394 2327 1535 2383 Resp.‚
1564 2331 1774 2373 Gersonem
1804 2349 1879 2375 non
1907 2351 1985 2376 esse
2014 2334 2308 2393 intelligendum
2337 2348 2382 2381 in

1253 2394 1372 2421 sensu
1393 2384 1615 2434 exclusivo,
1631 2389 1742 2439 quasi
1759 2390 1805 2428 ad
1832 2400 2070 2445 praeceptum
2091 2393 2284 2434 charitatis
2299 2425 2309 2445 ‚
2341 2406 2384 2436 ut

1251 2449 1323 2488 par
1352 2445 1430 2486 est,
1474 2439 1766 2491 adimplendum
1797 2443 1875 2482 sola
1909 2455 2066 2485 externa
2109 2449 2381 2488 mandatorum

1253 2490 1493 2529 observantia
1523 2492 1691 2540 sufficit3
1715 2496 1784 2534 sed
1813 2501 1855 2534 in
1883 2512 2003 2537 sensu
2023 2505 2181 2550 positis-0
2199 2533 2209 2550 ,
2239 2516 2382 2554 nempe

1256 2543 1304 2581 ad
1320 2557 1449 2582 veram
1471 2545 1543 2584 Dei
1559 2545 1784 2587 charitatem
1813 2552 2024 2603 pertinere,
2055 2564 2093 2592 ut
2124 2555 2227 2594 Deus
2255 2557 2382 2595 omni-

1254 2595 1326 2653 bus
1355 2596 1665 2652 quibuscumque
1695 2603 1808 2640 rebus
1851 2615 2131 2656 praeponatur,
2174 2606 2208 2644 ἃ
2250 2611 2381 2648 omnia

1255 2664 1337 2701 ejus
1366 2661 1558 2704 praecepta
1576 2663 1706 2693 exacte
1726 2666 1944 2703 serventur3
1974 2661 2075 2710 qnod
2096 2663 2162 2713 qni
2185 2674 2258 2700 non
2281 2676 2381 2714 prae-

1252 2712 1323 2742 etat
1340 2734 1351 2752 ,
1367 2718 1498 2744 veram
1512 2734 1522 2754 ,
1540 2706 1572 2744 8(
1596 2709 1802 2759 perfectam
1819 2710 1892 2748 Dei
1913 2711 2135 2751 charitatem
2155 2727 2228 2753 non
2245 2715 2380 2755 liabet-

1310 2759 1378 2805 40.
1407 2758 1501 2809 Obj.
1531 2761 1696 2800 ultimo.
1742 2763 1956 2802 Commune
1999 2775 2050 2803 est
2095 2766 2380 2820 Tlieologorum

1253 2810 1432 2850 effatum:
1465 2811 1557 2850 Non
1574 2813 1664 2851 dari·
1684 2825 1926 2867 proeceptum
1947 2818 1996 2857 cle
2013 2818 2132 2871 fine;
2161 2821 2223 2859 sed
2254 2821 2381 2860 chari-

1253 2872 1309 2903 tas
1338 2874 1391 2904 est
1420 2867 1596 2905 omnium
1626 2868 1809 2907 virtutum
1841 2869 1957 2919 finis,
2002 2882 2040 2909 ut
2078 2875 2218 2912 centies
2248 2878 2380 2927 repetit

1254 2917 1296 2956 S.
1326 2918 1523 2968 Thomas,
1554 2921 1765 2959 secundum
1796 2922 1893 2962 illud
1924 2925 2093 2976 Apostoli
2123 2926 2154 2966 Ι.
2169 2927 2274 2967 Tim.
2292 2930 2321 2966 1.
2341 2930 2380 2966 5·

1258 2968 1366 3010 Finis
1394 2977 1580 3024 praecepti
1608 2982 1666 3012 est
1695 2974 1906 3014 charitas:
1936 2991 2024 3031 ergo
2053 2976 2124 3019 ἃς.

1309 3025 1375 3070 4¹·
1408 3025 1550 3077 Resp.‚
1592 3026 1692 3065 illud
1723 3028 2001 3083 Tlieologicum
2031 3031 2186 3072 effatum
2216 3047 2292 3071 esse
2322 3034 2378 3073 in-

1254 3076 1505 3130 telligendum
1533 3080 1581 3117 de
1609 3080 1686 3118 fine
1714 3081 1877 3132 ultimo,
1906 3085 1973 3138 qui
2003 3094 2054 3124 est
2072 3086 2142 3124 Dei
2172 3087 2376 3137 possessio,

1255 3130 1289 3168 ἃ
1323 3132 1454 3171 fruitio
1492 3134 1529 3170 iu
1562 3135 1712 3185 patria,
1749 3135 1967 3188 cujusmodi
2007 3150 2106 3178 certe
2138 3138 2288 3177 nullum
2324 3147 2378 3178 est

1255 3194 1514 3238 praeceptum:
1542 3194 1686 3225 atvero
1700 3187 1866 3229 charitas
1893 3200 1945 3230 est
1973 3193 2127 3244 quidem
2150 3191 2236 3230 finis
2252 3206 2377 3244 respe-

1255 3247 1319 3276 ctu
1347 3238 1513 3277 aliarum
1544 3240 1758 3291 virtutum,
1801 3255 1889 3297 quae
1919 3257 2049 3282 omnes
2076 3243 2299 3283 ordinantur
2326 3243 2377 3283 ad

1256 3292 1404 3344 ipsam:
1444 3301 1498 3330 est
1527 3301 1654 3334 tamen
1685 3295 1717 3331 8(
1747 3296 1828 3349 ipsa
1857 3299 2024 3336 medium
2056 3297 2103 3336 ad
2132 3295 2376 3349 justificatio·-

1255 3359 1343 3386 nem
1360 3374 1372 3396 ,
1402 3354 1516 3398 atque
1543 3357 1726 3389 aternam
1758 3350 1918 3394 salutem
1945 3351 2277 3442 consequendaml.
2315 3351 2376 3391 De

2265 3418 2339 3446 ιιι-
