2570 3745
865 153 943 197 DE
979 151 1254 196 JttsfrtFtC.
1287 147 1589 195 ESSENTIA
1610 177 1620 187 .

98 249 127 287 ⁹,
156 237 473 290 interruinpitur5
501 243 612 289 prout
641 233 782 273 scilieet
815 234 862 271 :ib
886 234 964 285 ipsa
985 235 1212 286 quitidoquc

97 318 125 340 a,
154 293 381 338 deficimus,
411 289 445 325 &
474 290 702 342 quandoque
744 291 878 325 itt-rum
923 300 1210 340 recuperamus.

97 372 125 392 ‚,
153 344 319 384 Effectus
347 350 472 380 autem
501 344 645 381 divina:
675 341 887 380 illectionis
920 342 955 378 in
984 341 1116 388 nohis,
1145 339 1211 391 qui

98 425 126 446 ,‚
155 411 222 451 per
255 405 452 449 peccatum
485 396 657 444 tollitur,
689 405 739 433 est
768 395 910 447 gratia,
941 408 1016 447 qua
1034 394 1146 431 homo
1175 392 1216 429 fit

96 477 124 498 ‚,
151 451 285 502 dignus
314 451 390 488 vita
419 458 583 499 aeterna,
613 465 633 488 a
662 463 737 502 qua
760 459 954 501 peccatum
979 447 1134 485 mortale
1154 458 1216 482 ex·-

97 531 125 551 ,‚
154 502 295 541 cludit.
332 502 380 541 Et
401 503 484 541 ideo
504 517 575 541 non
597 515 714 556 posset
745 501 905 552 intelligi
938 502 1108 540 remissio
1135 498 1217 537 cul-

97 583 125 604 „
155 569 245 608 pae,
280 557 309 594 si
339 569 414 595 ιιοιι
444 557 585 595 adesset
617 558 756 594 infusio
783 556 975 607 gratiae’'.

155 622 242 648 ιο).
271 610 480 662 Scripturis
512 612 666 663 itaque,
710 611 742 646 8(
774 611 920 647 Sanctis
951 607 1124 646 Patribus
1153 619 1212 644 sa·

94 674 161 700 cra
180 663 406 702 Tritlentina
426 663 601 716 Synodus
633 663 833 702 inliaerens'
852 664 901 700 ita
921 661 1093 700 definivit
1115 658 1212 697 Sess-

99 715 169 755 Vi.
198 731 284 770 cap.
309 731 344 768 7.
383 747 409 765 ‚‚
430 717 658 756 Justificatio
751 732 823 755 non
853 726 904 754 est
933 715 1011 753 sola
1042 722 1213 766 peccato-

96 799 124 819 „
154 783 239 831 rum
259 772 465 831 fontasio,
495 772 557 809 sed
588 771 621 807 8(
649 770 896 809 sanctificatio
914 798 923 816 ,
958 768 991 803 8(
1021 766 1216 805 renovatio

96 852 126 873 „
157 826 346 862 interioris
378 823 541 862 hominis
571 838 637 877 per
666 824 917 862 voluntariam
940 821 1215 873 susceptionem

99 905 127 926 „
156 879 287 927 gratiae
305 907 314 925 ,
345 877 378 914 8(
407 879 620 924 donoruin;
659 878 759 915 unde
789 877 901 914 hoino
929 888 973 912 ex
1004 876 1147 919 iniusto
1173 872 1217 910 fit

99 959 128 979 „
158 939 298 982 justus,
336 931 370 968 8(
397 944 442 968 ex
472 932 631 969 inimico
660 932 828 977 amicus,
874 938 910 965 ut
945 930 988 965 sit
1019 927 1140 964 haeres
1160 939 1231 963 sem

99 1011 128 1032 „
156 984 324 1022 cundum
355 986 578 1036 spenrvitae
615 992 769 1020 :eternae
891 981 1009 1019 Unica
1044 979 1217 1017 formalis

102 1065 130 1086 „
159 1051 272 1076 cansa
306 1036 698 1094 (justificationis),
742 1046 795 1073 est
832 1034 977 1086 justitia
1005 1033 1102 1081 Dei,
1145 1044 1216 1070 non

99 1119 128 1138 „
157 1104 234 1143 qua
263 1091 341 1142 ipse
368 1099 487 1140 justus
519 1099 595 1138 est,
637 1090 698 1127 sed
728 1103 804 1141 qua
843 1101 908 1126 nos
944 1087 1062 1138 justos
1099 1086 1218 1131 facit3

99 1172 128 1192 „
157 1158 232 1196 qua
262 1142 439 1204 yidelicet
476 1141 526 1180 ab
570 1155 614 1181 eo
648 1143 773 1182 donati
812 1154 1038 1180 renovamus
1081 1140 1218 1192 spiritu

99 1225 127 1245 „
158 1206 292 1234 inentis
321 1205 485 1244 nostrae,
528 1196 563 1233 8(
607 1210 678 1235 non
722 1196 834 1233 modo
863 1204 1112 1247 reputamur,
1154 1193 1218 1231 sed

97 1276 127 1296 „
157 1262 244 1310 vere
270 1251 361 1301 Justi
392 1251 658 1298 nominamur,
696 1249 729 1286 8(
768 1263 923 1297 sumus,
964 1248 1149 1300 justitiam
1179 1247 1219 1284 iii

97 1329 126 1350 „
155 1301 263 1340 nobis
292 1305 537 1355 recipientes,
582 1306 843 1357 unusquisqne
872 1317 979 1340 suam
1011 1300 1220 1339 secundum

98 1380 127 1402 ‚,
155 1369 402 1405 mensuram,
432 1371 549 1408 quam
580 1357 744 1409 Spiritus
773 1359 813 1394 5.
845 1356 1006 1407 partitur
1036 1353 1219 1405 singulis,

101 1435 129 1455 ,‚
161 1417 284 1469 prout.
301 1409 409 1458 vult,
439 1412 472 1446 &
494 1412 698 1449 secundum
724 1412 916 1462 propriam
948 1407 1134 1460 cujusque
1163 1407 1221 1444 di-

101 1488 129 1509 „
159 1471 429 1524 montionem,
459 1463 835 1516 &cooperationem.
865 1463 1101 1514 Quanquam
1118 1461 1221 1498 enim

100 1541 129 1562 ,‚
158 1527 269 1576 nemo
298 1526 411 1578 possit
440 1531 515 1554 esse
544 1527 689 1569 pistus,
720 1519 791 1555 nisi
823 1518 883 1554 cui
918 1525 1053 1553 merita
1082 1515 1223 1567 passio·

101 1596 130 1616 ‚,
159 1581 218 1629 rtis
249 1569 406 1606 Domini
437 1573 550 1608 nostri
580 1571 668 1608 Jesu
689 1571 829 1608 Christi
861 1569 1222 1611 cominunicantur;

101 1649 129 1669 „
159 1621 197 1677 id
226 1631 351 1659 tamen
383 1624 420 1660 in
453 1622 521 1660 hac
552 1623 663 1675 impii
684 1623 952 1674 justificatione
975 1621 1039 1669 fit,
1070 1621 1161 1657 dum
1181 1633 1222 1655 e-

101 1701 130 1722 „
158 1675 306 1726 jusdem
338 1676 585 1714 sanctissimae
616 1677 800 1730 passionis
831 1677 965 1713 merito
1002 1687 1070 1726 per
1099 1672 1224 1724 Spiri-

102 1755 129 1775 „
157 1737 238 1766 tum
267 1727 308 1767 S.
339 1728 504 1787 charitas
526 1730 597 1768 Dei
627 1729 857 1769 diffunditur
886 1730 926 1767 in
956 1726 1135 1765 cordibus
1164 1738 1226 1764 eo—

102 1809 130 1829 „
160 1794 274 1843 rum,
303 1784 369 1842 qui
391 1784 664 1840 justificantur,
694 1793 806 1837 atque
827 1783 918 1835 ipsis
939 1780 1123 1819 inhaeret:
1153 1794 1226 1818 un-

102 1862 131 1883 „
160 1834 206 1872 de
237 1848 273 1873 in
303 1848 385 1887 ipsa
413 1837 682 1888 justificatione
710 1852 798 1876 cum
831 1837 1054 1875 remissione
1092 1848 1226 1887 pecca·

101 1896 284 1937 „torum
315 1889 398 1928 haec
426 1892 558 1929 omnia
599 1892 715 1929 simul
759 1892 886 1929 infusa
929 1890 1071 1941 accipit
1109 1887 1224 1926 homo

102 1970 130 1991 „
161 1955 228 1994 per
247 1941 377 1981 Jesum
397 1943 614 1994 Christum,
635 1945 699 1984 cui
714 1945 891 1995 inseritur
909 1975 920 1993 ,
941 1943 1057 1981 fidem
1071 1972 1082 1991 ,
1103 1955 1226 1995 spem,

101 2023 130 2046 „
160 1994 194 2032 8(
221 1994 444 2036 charitatem
465 1998 509 2037 ''.

163 2049 250 2112 10‘3.
280 2049 340 2112 Et.
358 2049 517 2090 ulterius
545 2066 629 2090 can.
651 2065 711 2091 ιο.
742 2083 768 2101 ,,
789 2051 830 2090 Si
852 2053 938 2106 quis
958 2051 1125 2098 dixerit,
1155 2047 1222 2086 ho-

104 2130 133 2151 „
162 2111 393 2164 mines-sine
412 2105 551 2144 Christi
581 2105 753 2158 justitia,
783 2121 851 2159 per
880 2119 998 2159 quain
1018 2104 1225 2143 nobisme-

105 2183 134 2204 ‚,
163 2165 265 2212 ruit,
294 2158 522 2208 justificari,
552 2170 616 2198 aut
646 2175 713 2212 per
743 2175 827 2199 eam
859 2161 981 2212 ipsam
1013 2156 1227 2196 formaliter

104 2235 134 2258 2,
163 2217 411 2270 justos-esse,
453 2212 656 2251 anathema
693 2215 768 2251 sit.
827 2213 929 2251 Can.
968 2217 1127 2263 insuper
1167 2223 1228 2248 ιι.

106 2289 135 2311 ,,
164 2262 206 2325 ξι
236 2276 322 2316 quis
351 2264 516 2313 dixerit,
557 2264 733 2304 homines
776 2265 1005 2317 justificari,
1048 2264 1107 2303 vel
1146 2263 1226 2302 sola

105 2343 135 2364 „
166 2318 417 2369 imputatione
445 2318 600 2370 justitiae
630 2318 798 2368 Christi,
841 2319 902 2356 vel
944 2317 1024 2356 sola
1053 2326 1225 2369 peccato·

107 2397 135 2417 „
165 2383 252 2407 rum
283 2372 526 2432 remissione,
570 2371 723 2410 exclusa
758 2373 906 2424 gratia,
949 2371 984 2408 8(
1013 2370 1226 2419 charitate,

105 2449 134 2471 9,
163 2437 252 2476 quae
281 2438 321 2462 ιιι
351 2425 529 2464 cordibus
559 2438 689 2463 eorum
722 2425 992 2477 perspiritum
1013 2424 1053 2462 S.
1083 2423 1226 2463 diffun-

107 2504 136 2525 ,‚
164 2478 296 2535 datur,
327 2487 440 2540 atque
469 2478 548 2517 illis
575 2478 782 2527 inhaereat,
813 2488 877 2517 aut
906 2480 1019 2517 etiam
1049 2479 1225 2529 gratiam,

106 2557 136 2578 „
164 2543 241 2582 qua
267 2532 552 2582 justificamur,
583 2546 660 2571 esse
689 2542 830 2570 tantum
863 2533 1030 2570 favorem
1053 2531 1156 2580 Dei,
1186 2546 1226 2569 a·

106 2612 136 2633 „
165 2583 343 2622 nathema
372 2586 456 2623 sit'’
474 2612 484 2624 .
518 2585 637 2637 Cujus
666 2587 846 2638 postremi
876 2586 1039 2624 Canonis
1067 2583 1226 2623 nonille

107 2650 236 2698 ‘sens-us
265 2648 343 2687 est,
372 2653 488 2692 quem
518 2640 628 2692 fingit
656 2640 921 2687 Che-inmittas,
951 2639 1095 2677 scilicet
1124 2639 1226 2690 quod

103 2690 364 2741 justificemur
391 2694 547 2746 quidem
583 2696 831 2746 imputatione
874 2693 1028 2745 justitiae
1057 2691 1224 2741 Christi,

108 2742 173 2780 sed
201 2745 409 2806 non.sola‚
438 2761 577 2801 nempe
606 2748 746 2801 partim
777 2747 1020 2785 renovatione
1051 2747 1224 2794 interna,

107 2805 252 2849 partim
281 2802 529 2851 imputatione
571 2799 726 2853 justitiae
756 2802 922 2840 Christi.
965 2800 1076 2837 Hunc
1119 2800 1223 2836 euim

105 2863 259 2889 sensum
290 2850 413 2910 Patres
441 2869 526 2893 can.
553 2869 613 2893 ιο.
642 2854 720 2907 jam
753 2855 1016 2907 exploserant.

146 2903 257 2966 '¹04·
288 2905 381 2958 Ob]-
408 2909 562 2958 primo.
594 2908 768 2947 Rom.V.
796 2922 854 2960 ις).
884 2908 977 2945 dicit
1010 2903 1223 2958 Apostolus:

106 2955 218 2994 Sicut
246 2971 316 3008 per
345 2960 653 3000 inobedientiam
683 2967 798 3000 unlus
836 2961 1007 2999 hominis
1042 2967 1225 3010 peccato-

106 3021 173 3073 res
201 3017 401 3075 constituti
427 3024 518 3052 sunt
548 3016 687 3064 multi,
731 3020 790 3054 ita
818 3017 868 3056 (9¹
900 3028 969 3065 per
997 3017 1110 3051 unius
1138 3010 1225 3050 obe·

109 3062 307 3126 §tertuum
342 3069 443 3120 justi
471 3073 757 3107 constituentur
799 3070 911 3107 multi
927 3083 940 3106 .·
985 3081 1073 3120 ergo
1114 3066 1226 3118 impii

112 3118 370 3165 justificantur
399 3135 467 3173 per
496 3124 781 3174 imputationem
813 3123 966 3174 justitias
995 3121 1164 3159 Christi.

144 3223 150 3229 ι
174 3173 260 3232 ¹⁰.⁵·
290 3174 402 3227 Resp.
431 3175 571 3214 Christi
601 3176 853 3216 obedientiam
875 3191 950 3214 esse
971 3189 1124 3214 causam
1146 3187 1227 3212 me-

114 3229 296 3282 ritortam
324 3239 458 3290 nostras
489 3229 789 3280 justificationis,
819 3229 1155 3283 nonformalem;
1186 3236 1224 3265 1¹2

113 3287 216 3312 enim
238 3277 451 3322 Concilium
473 3284 643 3323 Trideot.
674 3294 772 3323 recte
786 3286 911 3323 statuit
931 3285 1029 3324 Sess.
1045 3282 1113 3319 Vl.
1136 3296 1222 3332 cap.

60 3363 65 3371 -
113 3341 153 3380 7·
174 3327 300 3380 ΡΙιιΙἜς
319 3344 452 3397 nostrae
471 3338 749 3391 justificationis
769 3353 891 3378 causa:
908 3352 916 3376 :
946 3369 974 3388 „
994 3337 1120 3376 finalis
1139 3337 1224 3388 qui-

112 3411 142 3433 „
170 3383 284 3435 dem,
322 3385 440 3438 gloria
468 3393 568 3443 Dei,
612 3393 646 3430 8(
674 3393 842 3443 Christi,
879 3407 924 3433 ac
952 3395 1031 3434 vita
1060 3400 1224 3430 aeterua:

2257 154 2334 182 221

1297 261 1307 278 ,
1335 230 1501 268 efficietis
1539 239 1651 272 vero,
1697 225 1911 261 misericors
1950 222 2080 270 Deus,
2124 220 2188 273 qui
2232 220 2397 271 gratuito

1337 284 1485 329 abluit,
1517 280 1548 316 8(
1579 277 1817 324 sanctific-it,
1861 279 2035 327 signin-⁴,
2073 277 2105 310 tt<
2139 287 2280 322 singem
2307 273 2397 324 spi-

1340 339 1413 376 ritu
1445 334 1703 388 promissionis
1733 339 1886 377 sanem,
1930 331 1996 381 qui
2030 338 2078 365 rst
2111 330 2245 378 pignus
2277 326 2398 363 litere-

1339 390 1464 429 ditatis
1492 397 1649 426 nostrae:
1686 384 1877 422 meritoria
1907 391 2032 419 autem
2062 382 2326 417 dilectissimus
2357 392 2399 416 u-

1340 445 1530 496 nigenitus
1573 454 1660 478 suus
1691 439 1879 476 Dominus
1922 443 2040 472 noster
2069 433 2173 471 Jesns
2201 433 2400 480 Christus,

1342 501 1436 551 qui,
1465 510 1553 533 cum
1576 506 1738 532 essemus
1761 490 1910 528 inimici
1928 519 1938 537 ,
1962 495 2114 540 propter
2135 487 2293 523 nimiam
2309 484 2399 522 cha·

1342 561 1489 589 ritatem
1509 579 1519 597 ‚
1561 564 1637 600 qua
1667 545 1799 584 dilexit
1829 556 1920 590 nos,
1957 554 2021 579 sua
2052 540 2288 577 sanctissimi
2319 551 2401 589 pas-

1285 634 1312 653 „
1341 606 1442 643 sione
1471 606 1508 641 in
1541 603 1644 654 ligno
1671 600 1797 637 crucis
1825 596 1936 634 nobis
1978 593 2285 645 justificationem
2324 605 2402 628 ine-

1281 686 1307 706 „
1338 661 1438 707 ruit,
1469 658 1503 694 8(
1535 669 1602 709 pro
1630 654 1740 694 nobis
1770 651 1946 690 satisfecit
1968 649 2016 685 ''.

1342 712 1428 751 106.
1457 713 1632 750 Ceterum
1663 706 1821 745 allatum
1851 703 1892 742 S.
1914 701 2020 739 Pauli
2051 699 2308 738 testimonium
2341 711 2403 734 ne-

1282 765 1374 804 dum
1404 768 1540 818 dogma
1571 771 1738 801 nostrum
1768 771 1843 798 non
1865 756 2095 801 labefactat,
2126 765 2258 790 verum
2289 751 2403 788 etiam

1284 821 1449 859 mirifice
1479 817 1709 862 confirmat,
1757 822 1796 850 ut
1825 811 1954 850 Sanct.
1987 807 2222 860 Augustinus
2252 805 2340 843 Lib.
2372 804 2404 841 l.

1285 873 1348 912 De
1376 882 1530 925 peccat.
1561 873 1711 907 meritis
1739 867 1789 908 <9-
1818 867 2051 903 remissz'one
2088 875 2124 899 c.
2162 861 2220 898 ι5.
2259 858 2404 911 perspi-

1284 942 1354 965 cue
1385 927 1543 980 probat.
1587 924 1644 962 lbi
1681 923 1780 960 enim
1813 918 1954 956 Paulus
1996 913 2171 954 antithesi
2198 913 2405 965 ”proposita

1284 981 1404 1028 dicit,
1448 980 1578 1016 eodem
1611 978 1721 1015 modo
1749 973 1832 1012 fieri
1865 986 1928 1009 nos
1957 970 2074 1022 justos
2103 981 2170 1021 per
2198 966 2338 1005 Christi
2367 977 2408 1002 o·

1283 1034 1543 1080 beditionem,
1573 1043 1650 1083 quo
1679 1030 1767 1067 facti
1798 1039 1928 1064 sumus
1957 1032 2168 1076 peccatores
2190 1034 2257 1073 per
2278 1018 2409 1057 inobe-

1285 1088 1466 1124 dientiam
1501 1086 1661 1123 Adaini:
1691 1082 1794 1134 atqui
1826 1091 1939 1117 nemo
1968 1077 2189 1129 negaverit,
2220 1087 2286 1126 per
2307 1073 2408 1110 Ada-

1287 1143 1339 1178 mi
1372 1140 1666 1178 inobedientiam
1698 1148 1763 1174 nos
1795 1135 1909 1171 factos
1937 1145 2014 1168 esse
2046 1143 2154 1177 vere,
2186 1129 2217 1163 8(
2240 1128 2409 1165 intrinse-

1286 1209 1329 1233 ce
1360 1204 1600 1246 peccatores,
1643 1203 1713 1227 nec
1744 1187 1845 1225 ullus
1870 1186 1912 1223 id
1956 1183 2163 1236 explicabit
2194 1195 2261 1233 per
2290 1179 2409 1218 solam

1287 1249 1538 1286 extrinsecam
1569 1244 1856 1295 imputationem
1879 1239 2020 1290 peccati
2048 1237 2207 1274 Adami:
2237 1247 2324 1284 ergo
2340 1232 2409 1270 &c-

1288 1302 1387 1341 Vide
1415 1301 1518 1339 dicta
1546 1299 1595 1338 T.
1614 1296 1681 1336 lV.
1712 1295 1814 1334 Diss.
1830 1293 1896 1331 lll.
1927 1291 2026 1330 Sect.
2043 1289 2110 1326 lll.
2133 1303 2169 1325 n.
2190 1290 2253 1326 53.
2276 1288 2308 1322 ὅ(
2330 1300 2410 1338 seq.

1348 1369 1436 1406 107.
1469 1354 1514 1392 Et
1544 1366 1659 1399 sane,
1703 1350 1776 1387 nisi
1807 1347 1878 1385 hoc
1907 1358 2013 1382 sensu
2046 1342 2279 1393 intelligatur
2312 1341 2411 1390 Apo-

1288 1408 1371 1448 stoli
1401 1409 1662 1459 comparatio,
1694 1402 1808 1441 facile
1830 1402 1898 1438 erit
1921 1400 1958 1436 in
1985 1397 2296 1435 Huberianortnn
2319 1392 2412 1430 stul-

1288 1464 1410 1501 titiam
1440 1461 1596 1507 delabi,
1638 1459 1705 1509 qui
1738 1455 1828 1492 hinc
1858 1452 2116 1503 colligebant,
2156 1479 2182 1496 „
2212 1461 2343 1484 omnes
2372 1458 2411 1481 o-

1348 1515 1481 1554 mnino
1510 1513 1682 1550 homines
1714 1523 1779 1562 per
1798 1507 1937 1545 Christi
1959 1504 2216 1542 obedientiam
2251 1502 2288 1538 in
2318 1509 2411 1537 statu

1349 1568 1479 1607 salutis
1509 1576 1593 1604 actu
1624 1563 1796 1603 comiitni
1817 1591 1826 1609 ,
1869 1560 1981 1612 plane
2014 1555 2340 1610 quemadmodum
2371 1566 2412 1589 o-

1350 1635 1458 1659 mnes
1489 1634 1555 1672 per
1587 1618 1724 1656 Adaini
1755 1614 2052 1653 inobedientiam
2094 1612 2131 1648 in
2159 1618 2253 1647 statu
2285 1609 2414 1644 mortis

1293 1706 1319 1725 „
1348 1675 1631 1713 constituuntur
1661 1673 1764 1722 (ap.
1787 1667 1944 1705 Rullum
1973 1669 2014 1702 in
2044 1663 2235 1701 Examine
2264 1673 2414 1699 censur-

1294 1757 1320 1779 „
1350 1727 1544 1766 animadv.
1561 1725 1632 1764 XI.
1661 1736 1702 1760 n.
1720 1721 1829 1775 9.)''
1847 1751 1857 1769 ,
1887 1728 1950 1758 aut
1982 1717 2200 1756 Antinomis
2230 1715 2416 1753 consenti-

1292 1796 1357 1831 re,
1384 1782 1453 1834 qui
1482 1781 1563 1818 sine
1589 1777 1770 1831 operibus
1789 1774 1963 1812 homines
1986 1785 2053 1824 per
2067 1770 2206 1808 Christi
2237 1768 2419 1806 ohedien-

1293 1838 1385 1875 tiam
1415 1833 1583 1882 salvari,
1614 1830 1986 1869 comminiscuntur.

1354 1888 1446 1927 108.
1475 1888 1568 1940 Obj.
1590 1884 1782 1924 secundo.
1813 1881 1955 1920 Paulus
1991 1893 2022 1918 ι.
2053 1878 2099 1916 ad
2114 1876 2288 1915 Corinth.
2307 1876 2333 1913 l.
2353 1874 2417 1914 30.

1294 1944 1341 1982 de
1361 1943 1510 1981 Christo
1540 1941 1687 1992 inquit:
1721 1935 1961 1988 Qitijizctus
1990 1942 2050 1970 est
2077 1931 2186 1969 nobis
2215 1932 2416 1980 sapientia

1295 2010 1323 2035 a
1345 1996 1460 2042 Deo,
1488 1995 1719 2046 &justitia
1737 2020 1748 2037 ‚
1777 1990 1827 2030 (9·
1856 1986 2126 2038 sanctificatio
2143 2014 2154 2032 ,
2183 1985 2232 2024 (J
2262 1982 2418 2020 redem-

1293 2054 1374 2101 ptio
1389 2077 1400 2087 .
1430 2048 1543 2096 Quod
1566 2047 1669 2099 prius
1689 2045 1785 2082 dixit
1804 2042 1945 2080 Jerem.
1963 2039 2149 2091 Propheta
2165 2051 2250 2088 cap.
2268 2035 2416 2074 xxm.

1295 2104 1335 2143 6.
1366 2101 1455 2140 Hoc
1484 2110 1543 2138 est
1572 2110 1748 2146 nomen,
1777 2095 1878 2147 quoti
1907 2092 2099 2132 vocabunt
2126 2104 2215 2128 eum
2234 2121 2245 2139 ,
2275 2089 2416 2127 Domi-

1295 2170 1371 2195 nus
1394 2157 1525 2209 justus
1555 2162 1715 2199 noster,
1759 2149 1820 2187 vel
1865 2149 1988 2201 potius
2031 2157 2070 2184 ut
2101 2145 2290 2182 Hebraeus
2329 2142 2418 2194 legit

1297 2207 1593 2263 ‘mbxjustitia
1615 2214 1752 2244 nostru.
1770 2231 1780 2241 .
1823 2203 1916 2240 Item
1937 2202 1984 2240 ad
2003 2200 2106 2252 Eph.
2129 2201 2156 2237 1.
2178 2197 2216 2236 6.
2248 2197 2417 2249 Gratill-

1297 2268 1400 2301 cavit
1429 2276 1502 2302 nos
1530 2266 1571 2300 in
1601 2259 1741 2298 dilecto
1757 2256 1851 2312 filio
1871 2270 1942 2294 suo
1959 2283 1969 2294 .
1999 2255 2091 2292 Item
2109 2252 2278 2304 Philipp.
2297 2252 2358 2289 lll.
2376 2250 2417 2289 G.

1293 2316 1349 2355 Et
1379 2321 1559 2356 inveniar
1587 2320 1628 2353 in
1659 2314 1723 2351 illo
1751 2325 1832 2349 non
1861 2309 2011 2348 habens
2032 2321 2169 2346 metim
2185 2308 2387 2359 justitiam
2406 2334 2416 2353 ,

1294 2385 1384 2423 quoe
1413 2385 1466 2410 ex
1495 2371 1580 2422 lege
1608 2377 1695 2416 est,
1737 2364 1807 2404 sed
1835 2365 1949 2402 illam
1967 2394 1977 2412 ,
2019 2376 2109 2413 quoe
2151 2373 2204 2399 ex
2236 2358 2328 2413 file
2357 2369 2417 2396 esc

1297 2424 1439 2464 Christi
1467 2424 1583 2472 Jesu,
1613 2434 1702 2474 quae
1732 2433 1785 2459 ex
1814 2417 1902 2456 Deo
1930 2427 1991 2456 est
2012 2419 2172 2470 justitia.
2201 2412 2377 2466 infile-

1354 2492 1442 2532 ¹09·
1474 2478 1614 2530 Resp.,
1644 2475 1729 2514 haec
1757 2473 1916 2520 omnia,
1946 2472 1980 2508 8(
2009 2474 2039 2510 si
2069 2483 2156 2523 quae
2188 2479 2272 2506 sunt
2303 2465 2418 2522 hujus

1293 2536 1440 2585 generis
1468 2532 1544 2570 alia
1565 2531 1852 2582 Scripturarum
1873 2524 2029 2564 oracula
2052 2555 2062 2573 ,
2092 2536 2165 2561 non
2194 2534 2302 2558 sensu
2321 2521 2414 2570 jor-

1295 2587 1420 2635 ηἰαῖῐ,
1451 2586 1512 2624 sed
1544 2586 1583 2623 in
1613 2597 1722 2622 sensu
1752 2581 1928 2626 causali,
1959 2578 1992 2615 8(
2024 2578 2222 2615 meritorio
2253 2586 2326 2609 esse
2358 2573 2414 2608 in-

1294 2640 1523 2692 telligenda:
1554 2640 1647 2692 quia
1662 2650 1798 2688 nempe
1812 2633 1983 2672 Christus
1998 2629 2208 2682 promeruit
2237 2625 2347 2664 nobis
2369 2624 2414 2663 li·

1292 2694 1529 2733 berationem
1573 2707 1594 2730 a
1638 2700 1818 2745 peccate,
1865 2687 1898 2723 8(
1940 2686 2059 2737 gratia
2089 2696 2154 2720 sua
2202 2680 2308 2717 nobis
2349 2679 2415 2716 do-

1293 2750 1422 2796 navit,
1453 2757 1491 2785 ut
1522 2746 1850 2799 justificaremur.
1894 2739 1972 2777 >Nec
2005 2736 2165 2775 insolens
2195 2743 2246 2772 est
2275 2735 2314 2771 in
2343 2732 2412 2770 Sa-

1291 2803 1364 2839 cris
1386 2802 1536 2840 Litteris
1565 2799 1727 2851 figurata
1757 2795 1841 2832 haec
1858 2823 1869 2840 ,
1899 2793 1932 2829 8(
1965 2790 2221 2842 metonymica
2242 2787 2384 2825 locutio
2401 2817 2413 2835 ‚

1291 2853 1415 2893 effecti
1445 2854 1588 2893 scilicet
1609 2864 1676 2903 pro
1696 2861 1829 2892 causa3
1861 2854 1899 2882 ut
1928 2859 2016 2882 cum
2034 2844 2138 2883 Deus
2165 2843 2306 2880 dicitur
2338 2842 2412 2878 for-

1291 2908 1436 2957 titudo,
1480 2907 1513 2944 8(
1545 2905 1724 2959 patientia
1755 2909 1899 2938 nostra:
1944 2898 2125 2951 Dillgtzrn
2167 2905 2206 2934 te
2235 2895 2412 2933 Domine

1280 2959 1479 3012 fortitudo
1510 2973 1603 2998 meu.
1624 2988 1634 3002 ,
1666 2955 1803 2994 Psalm.
1826 2951 1951 2990 XVII.
1979 2966 2011 2990 ι.
2059 2949 2115 2989 Tu
2144 2963 2186 2989 es
2214 2952 2411 2999 patientia

1293 3027 1401 3063 mea,
1417 3015 1605 3059 Domine,
1622 3010 1679 3048 Ps.
1697 3007 1864 3047 Lxx.5.
1881 3007 1915 3043 8(
1931 3005 2026 3044 alibi
2042 3018 2128 3058 pax
2148 3013 2284 3042 nostra
2306 3002 2408 3054 Eph.

1294 3068 1342 3106 ll.
1370 3068 1428 3113 ¹4·
1458 3078 1599 3104 nostra,
1627 3075 1742 3113 spes,
1771 3061 1908 3109 salus,
1937 3064 2044 3108 vita,
2075 3062 2286 3110 protectio.
2331 3057 2411 3093 lino

1295 3134 1338 3158 ex
1370 3123 1452 3174 ipso
1479 3121 1519 3159 S.
1552 3118 1656 3156 l’auli
1689 3117 1770 3154 loco
1787 3116 1895 3166 epist.
1919 3115 1946 3152 Ι.
1967 3114 2015 3152 ad
2043 3112 2211 3151 Corinth.
2241 3112 2409 3162 idipsum

1293 3177 1382 3212 satis
1411 3173 1624 3211 luculenter
1652 3170 1872 3221 colligitur.
1906 3168 2050 3207 Eodem
2081 3167 2183 3204 enim
2215 3178 2324 3204 sensti
2353 3164 2412 3201 di-

1291 3230 1390 3265 citur
1404 3227 1574 3264 Christus
1590 3226 1746 3277 justitia
1763 3253 1774 3270 ,
1805 3232 1840 3261 et
1854 3222 2122 3275 sanctificatio
2137 3229 2274 3258 nostra
2293 3249 2304 3266 ‚
2333 3231 2409 3268 quo

1292 3282 1432 3320 dicitur
1460 3282 1660 3329 sapientia
1689 3285 1830 3316 nostra.
1864 3286 1902 3314 er
1943 3275 2190 3324 realempti0;
2233 3275 2291 3312 sed
2324 3271 2406 3310 haec

1292 3336 1367 3374 duo
1398 3344 1586 3387 postrema
1614 3332 1774 3384 intelligi
1793 3341 1892 3369 certe
1911 3339 2102 3382 nequeunt
2123 3360 2133 3378 ,
2164 3330 2234 3366 nisi
2267 3329 2302 3363 in
2322 3337 2406 3360 seu-

1293 3402 1336 3427 su
1356 3389 1511 3428 causali
1528 3418 1539 3437 ‚
1568 3395 1605 3426 et
1625 3390 1827 3426 meritorio
1842 3415 1854 3436 ,
1882 3383 2099 3424 nullatenus
2119 3392 2243 3421 autem
2266 3381 2302 3416 iu
2322 3390 2407 3415 sen-

2305 3444 2351 3470 su

1281 261 1292 280 9

1282 313 1307 333 ἵ,

1284 366 1310 386 ’2

1285 419 1310 438 7³

1286 473 1312 492 27

1286 527 1312 546 Ξ)

1287 580 1312 599 5)

1291 1547 1318 1566 99

1293 1601 1318 1620 >3

1292 1653 1319 1672 >7
