2570 3745
248 177 301 226 42
789 167 870 211 DE
906 167 1140 212 GRATIA
1175 166 1223 211 P.
1246 167 1281 211 Ι.
1310 164 1538 211 DISSER.
1558 166 1619 209 ΙΙ.
1650 167 1783 212 CAP.
1819 168 1874 213 V.

184 283 211 302 „
240 250 394 304 pisti“?
423 249 573 297 Quibus
594 248 633 287 in
653 246 747 286 locis
775 247 884 286 nulla
914 250 1039 287 meriti
1064 249 1208 287 mentio
1229 248 1296 286 ha-

181 307 314 352 betur,
345 304 375 339 ἃ
406 305 613 355 generatim
641 303 795 342 docetur
812 332 822 349 ,
851 304 1015 353 gratiam
1033 315 1112 341 non
1131 302 1296 340 conferri

182 360 322 396 iutuitu
365 355 530 408 alicujus
567 357 690 408 operis
726 356 1008 408 ,praecedentiQ
1049 368 1295 407 quacumque

180 412 337 449 demum
367 412 513 449 ratione
541 411 820 448 consideretur:
858 422 900 446 ex
931 421 1008 460 quo
1036 408 1103 456 fit,
1130 410 1296 446 mininie

181 478 257 502 esse
285 474 392 502 extra
418 464 492 502 tale
520 464 664 514 jactum
683 493 693 510 ,
726 473 762 501 ut
791 462 866 501 sibi
898 461 1294 512 ipsis'blaudiuntur,

177 520 247 569 qui
277 519 555 570 praetermisso,
585 517 643 557 vel
675 519 790 554 etiam
816 517 1018 567 ‘repudiato
1038 519 1167 552 meriti
1189 527 1296 553 voca-

178 570 298 620 bulo,
339 574 499 622 gratiam
528 570 602 608 Dei
633 573 812 607 duntaxat
842 583 887 606 ex
916 568 1048 620 aliqua
1084 569 1192 620 lege,
1236 566 1295 605 vel

179 632 314 676 pact0,
351 625 593 672 conditione,
634 624 697 661 *vel
728 623 1002 673 congruentia,
1035 621 1295 667 conantibus,

179 676 215 714 St
244 678 458 716 volentibus
487 678 652 716 conferri
684 685 838 728 putant.

237 731 324 777 194.
351 732 395 769 -ld
426 734 551 782 ipsum
583 731 780 768 manifeste
811 729 956 766 eruitur
978 741 1022 766 ex
1037 727 1185 765 Concil.
1208 726 1296 764 Tri-

175 783 275 822 dent.
305 785 402 823 Sess.
424 785 494 822 Vl.
521 798 557 822 c.
582 784 618 821 5.
657 783 729 821 -ubi
766 781 955 828 declarat,
996 781 1298 833 justificationis

178 837 386 875 exordium
414 841 456 875 in.
485 836 629 875 adultis
659 849 687 873 a
715 834 805 873 Deo
835 847 903 885 per
935 833 1133 871 Christum
1163 831 1299 870 Jesum

178 895 443 941 praeveniente
473 891 549 929 Dei
577 894 715 943 gratia
751 887 989 926 sumendum
1026 898 1114 924 esse
1141 907 1214 916 -·--
1253 895 1298 923 ῑιι

179 949 243 995 qui
273 958 341 995 per
370 954 539 996 peccata
567 955 596 980 a
625 942 713 980 Deo
754 945 883 979 aversi
925 949 1072 988 erant,
1114 953 1183 992 per
1213 940 1300 992 ejus

180 1002 427 1036 excitantem
456 1007 575 1049 arque
603 995 868 1043 adjummem
904 996 1088 1044 gratiam
1121 993 1178 1032 ad
1206 1006 1299 1031 con-

178 1052 413 1111 verterian
428 1065 472 1090 se
491 1049 546 1087 aii
564 1061 682 1086 suam
703 1052 876 1098 ipsorum
892 1047 1226 1100 justificationem
1245 1069 1300 1078 ---

178 1104 434 1153 disponatur.
480 1102 587 1141 Male
616 1112 744 1139 autem
773 1100 1055 1153 justificationis
1097 1101 1299 1140 exordium

176 1171 200 1194 a
228 1157 300 1194 Dei
330 1159 452 1208 gratia
481 1158 742 1208 praeveuiente
769 1162 1026 1207 repeteretur,
1056 1156 1087 1193 si
1117 1157 1228 1193 istam
1254 1169 1300 1192 >a·

174 1209 285 1262 liqua
314 1210 390 1248 alia
418 1211 612 1262 dispositio
629 1209 889 1261 praecederet,
919 1207 978 1246 vel
1000 1207 1148 1260 aliquid
1168 1221 1299 1258 cnjus·

173 1277 341 1316 euinque
365 1266 516 1316 ,generis
534 1294 544 1313 ,
572 1265 719 1301 ratione
747 1262 859 1313 cujus
888 1261 994 1300 Deus
1023 1262 1069 1299 ad
1093 1262 1299 1300 *conferen-

174 1317 263 1354 dam
294 1332 402 1355 suani
431 1317 592 1369 gratiam
622 1324 839 1354 moveretur
933 1315 1025 1353 Vid.
1056 1314 1098 1354 P.
1121 1315 1298 1354 Antonin.

170 1368 404 1421 'Reginaldns
434 1370 481 1408 <le
511 1379 644 1407 mente
668 1369 831 1407 Concilii
863 1368 971 1407 'Irim
1002 1368 1043 1406 P.
1065 1370 1096 1406 I.
1127 1383 1160 1406 c.
1180 1368 1242 1407 26.
1266 1369 1297 1416 ).

233 1426 320 1462 105.
352 1423 464 1462 Proh.
489 1426 602 1461 tertio
627 1437 676 1460 *ex
705 1422 774 1460 SS.
793 1421 864 1460 PP.
881 1452 892 1470 ,
922 1434 1087 1474 quorum
1117 1424 1296 1459 omnium

173 1476 289 1514 instar
321 1492 415 1514 tinus
445 1492 521 1514 esse
553 1486 668 1527 potest
698 1476 899 1527 Angustin.
919 1504 929 1522 ,
966 1487 1045 1526 quo
1070 1487 1186 1511 nemo
1211 1488 1295 1510 me-

172 1528 248 1567 lius
279 1529 311 1564 81
338 1530 566 1581 profundius
596 1542 678 1566 rem
708 1528 805 1565 lianc
840 1528 888 1564 ad
926 1529 1105 1564 trutinam
1145 1539 1296 1564 revoca-

170 1583 253 1629 vit,
283 1581 317 1617 8(
349 1596 424 1634 quo
451 1583 547 1619 duce
578 1580 753 1619 Ecclesia
783 1594 850 1632 per
873 1593 937 1618 2ο.
967 1593 1086 1618 annos
1114 1589 1244 1618 contra
1264 1581 1297 1618 i-

169 1635 332 1674 nimicos
361 1637 492 1687 gratiae
512 1634 654 1674 Christi
677 1636 885 1687 pugnavit,
916 1633 950 1671 81:
981 1635 1096 1672 vicit.
1125 1633 1200 1671 Hic
1229 1647 1297 1672 au-

173 1697 247 1726 tem
275 1703 456 1740 semper,
487 1688 521 1725 ἃ
553 1688 697 1739 ubique
724 1703 746 1726 a
775 1688 970 1740 *proposito
998 1687 1140 1725 divinae
1163 1685 1297 1725 volun-

175 1743 258 1781 tatis
287 1743 419 1793 gratiae
448 1742 854 1794 praedestinationem,
891 1740 926 1775 ἃ
968 1738 1208 1792 largitionem
1236 1753 1296 1778 re·

170 1797 262 1849 petit
279 1825 290 1843 ,
318 1809 532 1848 numquam
563 1794 612 1832 ab
639 1794 823 1832 lmmauae
854 1792 1055 1832 voluntatis
1083 1793 1298 1846 dispositio-

170 1863 217 1887 ne
235 1879 245 1897 ,
275 1849 308 1886 ὃ(
337 1851 654 1902 quotiescumque
685 1847 752 1885 illa
775 1848 942 1901 quaestio
970 1848 1161 1895 recurrit,
1200 1861 1296 1899 qua·

170 1917 210 1942 re
241 1904 308 1941 iste
328 1901 496 1940 trahatur
516 1903 635 1949 gratia
655 1901 728 1939 Dei
747 1931 758 1949 ,
788 1901 882 1939 alter
899 1914 977 1939 non
996 1899 1171 1939 trahatur
1185 1930 1196 1948 ,
1227 1901 1294 1939 uni

167 1958 278 1994 detur
307 1956 427 2005 fides,
457 1950 567 1994 alteri
596 1957 831 2007 denegetur,
860 1954 1019 2007 quidam
1049 1967 1295 2006 perseveran-

171 2011 235 2048 tiae
266 2009 408 2047 domun
439 2009 623 2058 habeant,
653 2008 721 2047 alii
748 2022 826 2046 non
844 2008 1040 2056 habeant,
1065 2021 1146 2045 non
1175 2007 1295 2046 aliam

169 2062 397 2101 solutionem
425 2065 572 2102 invenit
594 2093 605 2111 ,
631 2063 708 2100 nisi
734 2075 829 2100 >cum
861 2061 1046 2113 ,apostolo
1068 2059 1295 2099 exclaman-

169 2117 241 2154 do:
285 2146 315 2163 „
344 2116 379 2154 O
408 2117 568 2154 altitudo
597 2117 820 2153 divitiarum
845 2116 1047 2166 sapientiae
1068 2144 1079 2162 ,
1108 2113 1143 2150 8(
1171 2116 1294 2152 scien-

169 2200 195 2219 „
225 2171 288 2208 tiae
305 2169 379 2209 Dei
397 2201 406 2219 ,
434 2184 555 2222 quam
585 2168 998 2220 incomprehensibilia
1022 2176 1112 2206 -sunt
1143 2166 1293 2218 judicia

168 2253 197 2271 „
227 2222 331 2275 ejus,
362 2223 395 2260 δι
418 2222 700 2274 investigabiles
720 2223 795 2259 viae
814 2221 896 2273 ejus
925 2220 1184 2275 (Rom.XI.)!
1214 2223 1294 2271 Cur

170 2306 198 2325 ,‚
227 2285 352 2314 autem
371 2307 381 2323 ,
412 2281 533 2328 inqui!
554 2275 684 2326 Epist.
706 2276 817 2328 ¹94¹,
848 2274 961 2313 illum
993 2277 1118 2328 potius
1135 2306 1145 2324 ,
1171 2290 1293 2328 quam

172 2358 199 2378 ᾖ,
230 2329 343 2367 illum
373 2330 535 2376 liberet,
575 2339 641 2367 aut
670 2343 745 2368 non
772 2329 938 2378 liberet,
981 2338 1197 2377 scrutetur,
1221 2330 1294 2381 qui

172 2412 201 2432 „
232 2390 375 2435 potest,
421 2382 655 2434 judiciorum
683 2383 767 2433 ejus
802 2392 879 2421 tam
918 2396 1102 2434 magnum
1130 2383 1294 2434 profun-

173 2465 199 2484 ,‚
228 2436 320 2473 dum
339 2464 349 2483 ,
380 2445 630 2474 veruntamen
660 2444 790 2473 caveat
819 2438 1089 2487 praecepitium
1107 2440 1163 2485 ⁶⁴²,
1192 2436 1294 2488 quod

168 2490 306 2528 centies
335 2488 435 2528 alibi
468 2491 628 2542 repetit.
671 2489 828 2527 Frustra
865 2500 991 2528 autem
1018 2490 1106 2529 *haec
1130 2491 1292 2539 omnia,

169 2542 202 2580 si
233 2555 369 2582 verum
397 2545 474 2592 sit,
514 2544 641 2582 Deum
671 2541 748 2580 illis
775 2544 907 2594 gratiae
933 2557 1017 2581 suae
1047 2545 1144 2582 dona
1169 2544 1294 2582 abun-

170 2595 216 2633 de
247 2594 408 2649 largiri,
438 2599 505 2650 qui
537 2597 709 2644 faciunt,
736 2596 838 2648 quod
868 2597 907 2633 in
936 2610 974 2634 se
1003 2606 1073 2645 est,
1109 2611 1157 2635 ex
1186 2606 1293 2636 natu-

169 2661 225 2687 1·ae
255 2651 428 2689 viribus.
471 2651 555 2689 Hoc
581 2651 690 2688 renim
719 2650 916 2687 constituto
947 2651 1164 2702 principio,
1201 2665 1292 2689 cum

169 2700 272 2742 salus
301 2705 340 2742 iu
369 2703 674 2756 uniuscujusque
702 2717 821 2741 manu
843 2704 960 2755 posita
978 2705 1054 2751 sit,
1082 2712 1159 2741 tota
1180 2720 1200 2742 a
1222 2717 1291 2741 no-

170 2765 257 2793 strae
289 2755 489 2795 voluntatis
514 2768 609 2795 nutu
640 2755 909 2796 salvandorum
927 2786 938 2804 ,
963 2756 1290 2795 damnandorum-

171 2822 248 2860 que
277 2809 489 2848 differentia
515 2810 719 2862 ⁴repetenda
741 2811 844 2848 erit.

231 2861 318 2899 106.
350 2862 463 2900 Prob.
493 2863 646 2902 demum
668 2865 874 2917 propositio
892 2865 1116 2902 auctoritate
1130 2863 1170 2903 S.
1187 2864 1291 2902 Tho-

171 2928 248 2954 mae
266 2945 276 2963 ,
304 2916 372 2968 qui
398 2929 432 2954 1.
451 2929 487 2954 2.
516 2931 555 2968 q.
582 2931 670 2968 ¹09·
690 2929 759 2955 art.
775 2916 816 2956 6.
843 2917 933 2955 data
952 2930 1075 2970 opera
1100 2918 1288 2967 ostendit,

171 2997 199 3017 „
231 2969 435 3008 Hominem
463 2982 536 3007 non
566 2982 671 3021 posse
690 2984 728 3008 se
747 2985 964 3023 praeparare
983 2972 1032 3009 ad
1052 2971 1183 3010 lumen
1204 2986 1288 3024 gra·

173 3050 200 3070 ,‚
230 3024 293 3060 tiae
324 3023 605 3075 suscipiendum
624 3052 634 3070 ,
660 3024 734 3061 -nisi
763 3038 831 3075 per
860 3024 1050 3063 auxilium
1079 3027 1287 3077 gratuitum

171 3103 198 3123 „
228 3074 301 3113 Dei
331 3077 490 3114 interius
518 3077 729 3114 moventis.
772 3075 827 3113 Et
856 3092 918 3130 qu.
946 3092 1034 3118 112.
1060 3088 1142 3118 art.
1167 3093 1202 3118 2.
1234 3080 1287 3117 lo-

170 3156 198 3177 „
226 3141 349 3178 quens
369 3129 418 3168 de
434 3133 571 3182 gratia
590 3159 600 3178 ,
636 3130 844 3168 secuudum
872 3133 973 3185 quod
1003 3132 1191 3186 significat
1218 3147 1287 3172 au-

216 3307 265 3354 ςα)
289 3304 546 3356 Bellarrninus,
580 3304 824 3356 qui—alioquin
851 3307 991 3341 Μοῖἰηειἱ
1026 3319 1201 3355 quantum
1226 3323 1287 3357 po-

171 3356 254 3390 tuit,
271 3359 512 3395 patrocinatus
526 3359 592 3392 est,
619 3352 698 3386 Lib.
714 3351 774 3385 Vl.
801 3351 857 3386 De
880 3363 968 3398 grat.
987 3360 1028 3389 (T
1044 3359 1105 3391 lib.
1125 3359 1195 3392 arb.
1212 3359 1285 3394 (2.ss-

1356 276 1390 296 ‚,‚
1419 243 1558 288 xilium
1577 245 1653 285 Dei
1677 250 1863 288 *moventis
1891 248 1939 287 ad
1966 247 2112 287 bonum
2128 277 2139 296 ‚
2168 249 2225 286 sic
2248 250 2330 287 ait:
2359 247 2477 291 Nulla

1363 329 1391 348 υ
1423 300 1653 350 praeparatio
1676 304 1886 354 requiritur
1914 315 1958 339 ex
1992 312 2103 353 gparte
2131 301 2297 341 hominis
2314 333 2324 350 ‚
2368 304 2482 355 quasi

1361 381 1391 400 ,‚
1422 353 1664 402 praeveniens
1685 354 1867 394 -diviuum
1896 355 2110 403 auxilium,
2138 357 2205 394 sed
2225 358 2346 408 potius
2373 369 2482 409 quae—

1364 434 1391 453 „
1420 417 1589 456 cumque
1614 412 1848 458 >praeparatio
1872 412 1916 447 in
1948 408 2101 447 homine
2131 423 2208 447 esse
2244 418 2386 460 potest,
2426 419 2482 450 est

1358 486 1392 506 7,
1421 469 1468 494 ex
1497 456 1643 495 auxilio
1662 459 1734 497 Dei
1765 464 1949 501 moventis
1973 475 2146 500 animam
2174 462 2223 498 ad
2247 462 2418 510 bonum,
2443 462 2483 499 i&

1357 540 1393 559 Ἰ,
1421 511 1629 548 secundnm
1660 512 1730 550 hoc
1757 515 1840 566 ipse
1864 516 1986 554 bonus
2016 524 2137 554 motus
2161 514 2280 553 liberi
2300 515 2484 564 arbitrii,

1366 593 1392 613 ‚,
1423 577 1500 614 quo
1529 566 1616 616 quis
1631 576 1871 617 *praeparatur
1890 569 1936 606 ad
1959 569 2102 608 bonum
2121 571 2253 620 gratiae
2272 569 2484 620 suscipien-

1364 646 1392 666 „
1424 617 1514 654 dum
1534 646 1545 663 ,
1583 627 1640 654 >est
1670 629 1773 655 actus
1795 619 1914 658 ‘liberi
1938 622 2094 660 ,arbitrii
2120 623 2216 660 moti
2249 637 2270 660 a
2297 621 2412 668 Deo,
2442 621 2484 658 8:

1366 700 1392 719 ,‚
1421 679 1610 722 quantum
1641 671 1686 708 ad
1719 670 1787 708 hoc
1818 672 1961 709 dicitur
1996 673 2115 712 homo
2156 690 2195 714 se
2223 687 2484 728 praeparare,

1366 754 1393 772 „
1423 724 1634 762 secundum
1665 723 1764 761 illud
1779 722 2023 763 Prov.XVI.
2054 727 2225 767 Hominis
2253 737 2305 768 est
2334 742 2485 781 praepa-

1367 807 1395 826 ,‚
1425 791 1510 815 rare
1535 778 1742 826 animum,
1784 777 1818 814 &
1849 787 1900 816 est
1929 778 2194 830 principaliter
2224 798 2251 822 a
2278 782 2364 820 Deo
2400 793 2486 820 mo-

1367 860 1396 879 „
1427 842 1535 869 vente
1560 831 1732 869 'liberum
1761 831 1967 870 arbitrium
1982 833 2038 869 “0
2158 861 2161 862 γ

1429 898 1517 936 ¹07·
1545 884 1607 922 Ex
1623 884 1681 923 his
1696 915 1707 933 ‚
1724 884 1891 938 >aliisque
1906 915 1916 932 ,
1936 897 2025 938 quae
2041 884 2236 925 brevitatis
2255 888 2378 926 studio
2398 889 2487 926 mis·

1364 952 1408 975 sa
1436 939 1628 987 facimus,
1656 947 1789 990 patet,
1818 952 1937 991 quam
1969 948 2064 988 juste
2093 954 2115 977 a
2140 939 2256 978 Clero
2284 940 2490 979 Gallicano

1368 1005 1454 1030 ann.
1477 1005 1591 1043 ¹700·
1621 993 1765 1032 fuerint
1795 994 1965 1031 censoria
1996 992 2144 1044 virgula
2173 994 2260 1031 duae
2284 1001 2490 1046 ‘sequentes

1369 1047 1641 1097 propositiones
1671 1054 1827 1084 notatae:
1856 1046 2013 1093 Prima,
2044 1046 2324 1085 Axiomaillud
2347 1045 2490 1085 theolo-

1368 1128 1395 1148 „
1425 1100 1554 1150 gicum
1572 1129 1583 1148 ,
1601 1098 1781 1150 facienti
1809 1099 1912 1151 quod
1938 1102 1981 1136 in
2001 1113 2042 1137 se
2062 1109 2143 1149 est,
2172 1099 2284 1139 Deus
2313 1113 2394 1138 non
2422 1099 2492 1139 (Ze-

1368 1181 1394 1201 ,‚
1425 1162 1546 1205 negat
1572 1157 1780 1206 gratiam,
1810 1167 1884 1192 non
1914 1152 2036 1191 solum
2063 1155 2312 1193 verissimum
2330 1164 2405 1202 est,
2435 1162 2490 1193 at-

1368 1236 1393 1255 „
1423 1220 1500 1258 que
1526 1208 1713 1245 doctrinae
1742 1206 2004 1246 Conc'iliorum
2022 1237 2033 1255 ,
2060 1207 2101 1244 -ἀ
2132 1206 2288 1246 Patrum
2314 1210 2491 1246 maxime

1361 1289 1394 1309 „
1425 1269 1717 1299 consentaneum
1735 1291 1746 1310 ,
1776 1275 1911 1300 verum
1941 1262 2055 1299 etiam
2082 1274 2155 1313 per
2174 1261 2273 1299 illud
2295 1261 2492 1313 significa-

1366 1343 1394 1362 „
1423 1321 1484 1350 tur
1506 1313 1719 1366 obligatio,
1762 1329 1880 1366 quam
1909 1314 2015 1352 Deus
2043 1313 2156 1354 habet
2185 1315 2490 1366 dandi,·gratiam

1366 1396 1393 1414 „
1424 1366 1576 1404 facienti
1607 1369 1708 1419 quod
1729 1369 1767 1405 in
1786 1382 1826 1405 se
1846 1376 1896 1405 est
1913 1396 1923 1413 ,
1954 1380 2021 1404 nec
2036 1368 2158 1404 solum
2174 1370 2329 1405 ‘facienti
2348 1398 2358 1415 ,
2387 1367 2492 1419 qnod

1368 1448 1395 1467 „
1426 1428 1476 1455 est
1506 1432 1551 1456 ex
1580 1433 1618 1457 se
1647 1421 1795 1458 viribus
1823 1422 1982 1472 gratiae,
2024 1420 2088 1456 sed
2115 1421 2230 1457 etiarn
2259 1419 2348 1465 illi,
2391 1420 2490 1471 qui,

1369 1500 1396 1519 „
1424 1484 1513 1508 cum
1546 1485 1617 1510 nou
1645 1472 1785 1509 habeat
1813 1474 1974 1524 gratiam
1993 1502 2004 1520 ,
2050 1473 2139 1510 fecit
2168 1472 2269 1524 quod
2303 1473 2342 1509 in
2367 1487 2409 1509 se
2434 1482 2490 1512 est

1367 1553 1394 1573 „
1425 1537 1469 1561 ex
1501 1524 1648 1563 viribus
1678 1535 1824 1563 naturae
1843 1552 1854 1563 .
1880 1525 2061 1564 Secunda
2078 1552 2088 1563 .
2120 1526 2224 1574 Quia
2249 1534 2379 1563 tamen
2400 1539 2490 1578 ope-

1361 1607 1394 1627 ⁷„
1425 1591 1467 1616 ra
1496 1577 1645 1616 viribus
1673 1578 1790 1617 solius
1819 1589 1966 1617 naturae
1998 1578 2154 1627 elicita,
2186 1580 2318 1618 omnia
2347 1579 2491 1619 sterilia

1365 1660 1394 1680 „
1423 1638 1536 1679 sunt,
1564 1639 1681 1683 >atque
1711 1633 1911 1683 incapacia
1938 1634 2112 1670 merendi
2133 1633 2231 1670 dona
2258 1634 2489 1684 intrinsece,

1366 1712 1392 1733 „
1423 1684 1457 1720 &
1485 1683 1698 1735 theologice
1722 1685 2062 1737 superiiaturaiia3
2106 1686 2191 1723 ideo
2218 1686 2411 1735 dicimus,
2446 1699 2490 1724 o-

1366 1767 1392 1787 „
1422 1736 1692 1789 bligationem,
1726 1752 1848 1791 quam
1876 1738 1983 1777 Deus
2012 1738 2125 1777 habet
2148 1739 2371 1777 conferendi
2397 1753 2488 1790 ,gra-

1366 1820 1393 1840 „
1422 1792 1514 1828 tiam
1544 1792 1698 1829 facienti
1728 1793 1829 1844 quod
1861 1801 1911 1830 est
1931 1793 1971 1830 in
1992 1807 2030 1830 se
2048 1792 2197 1830 viribus
2217 1802 2364 1830 naturae
2380 1818 2394 1837 ,
2419 1806 2490 1832 seu

1362 1874 1391 1894 „
1422 1844 1569 1883 viribus
1593 1847 1730 1896 gratiae
1762 1859 1857 1897 pure
1887 1844 2071 1884 naturalis
2090 1875 2101 1892 ,
2131 1846 2211 1883 sive
2236 1857 2316 1883 nou
2342 1844 2488 1884 theolo-

1361 1927 1392 1947 „
1422 1899 1504 1949 gice
1533 1898 1831 1950 supernaturalis
1847 1928 1858 1947 ,
1887 1913 1962 1936 non
1987 1899 2084 1936 *oriri
2105 1911 2148 1936 ex
2169 1898 2333 1937 bonitate
2349 1898 2489 1939 talium

1417 1965 1579 2003 operum
1597 1981 1606 1999 ,
1637 1962 1699 1990 aut
1728 1966 1774 1989 ex
1806 1951 1886 1990 ullo
1913 1953 2053 1989 merito
2080 1956 2160 1990 sive
2188 1954 2400 2004 condigiio,
2431 1955 2484 1992 si-

1422 2019 1468 2042 ve
1496 2018 1692 2057 congruo,
1722 2006 1821 2058 quod
1851 2007 1941 2044 insit
1970 2007 2011 2044 in
2041 2005 2119 2043 illis
2146 2005 2328 2058 operibus
2358 2006 2398 2044 in
2425 2019 2488 2044 or-

1365 2088 1391 2107 „
1420 2058 1511 2095 dine
1539 2060 1586 2096 ad
1614 2060 1804 2109 gratiam,
1833 2058 1903 2097 sed
1932 2072 1985 2097 ex
2014 2068 2133 2110 pacto
2160 2063 2265 2097 inter
2287 2057 2488 2098 Christum

1365 2141 1392 2161 „
1422 2110 1718 2161 deejussorem
1745 2122 1952 2161 nostrum,
1996 2113 2046 2153 (θ’
2074 2112 2242 2150 Patrem
2269 2115 2369 2150 inito
2388 2143 2399 2160 ,
2426 2112 2486 2156 ad

1358 2195 1391 2214 .„
1419 2161 1598 2218 gratiam
1629 2165 1849 2204 hominibus
1879 2165 2174 2217 conferendam
2198 2175 2355 2217 propter
2377 2164 2488 2204 Chri-

1362 2249 1391 2269 „
1420 2222 1470 2257 sti
1500 2224 1647 2257 merita
1664 2233 1679 2257 :
1721 2218 1966 2270 respiciendo
2002 2233 2059 2257 ea
2092 2219 2304 2257 naturalia
2333 2232 2487 2270 opera,

1359 2303 1390 2322 „
1420 2281 1460 2310 ut
1487 2286 1631 2324 purum
1658 2277 1901 2322 terminum,
1929 2286 2011 2310 non
2040 2282 2081 2310 ut
2111 2276 2300 2312 meritum
2328 2273 2454 2311 ullum
2468 2303 2485 2323 ,

1356 2356 1389 2376 ,‚
1419 2335 1489 2365 aut
1519 2331 1743 2379 rigorosam
1770 2326 2059 2366 conditionem.

1423 2380 1510 2419 108.
1539 2382 1706 2419 Censura
1732 2392 1862 2419 autem
1892 2383 1939 2419 iis
1968 2381 2122 2418 duabus
2164 2379 2485 2433 propositionibus

1358 2435 1487 2473 inusta
1508 2434 1591 2473 haec
1611 2444 1688 2473 est:
1718 2435 1789 2472 Hae
1809 2435 1897 2471 duae
1918 2435 2192 2486 propositiones
2208 2463 2219 2482 ,
2247 2447 2326 2523 gna
2346 2463 2374 2482 ‚,
2394 2446 2486 2486 par-

1359 2517 1391 2538 „
1420 2500 1456 2527 te
1483 2503 1638 2527 causam
1667 2487 1904 2526 discernendi
1934 2488 2031 2525 inter
2058 2485 2202 2538 justos,
2319 2501 2394 2526 non
2423 2486 2485 2539 ju-

1362 2571 1390 2589 „
1419 2550 1492 2580 stos
1522 2544 1559 2580 in
1588 2555 1706 2594 opera
1736 2555 1840 2580 mere
1869 2539 2058 2579 naturalia
2087 2540 2279 2587 referunt,
2308 2540 2485 2590 Semipe-

1365 2623 1392 2643 „
1422 2596 1713 2648 lagiarzisrnum
1742 2600 1993 2641 instaurant,
2023 2594 2177 2631 mutatis
2201 2601 2349 2630 tantum
2378 2594 2485 2631 voci-

1363 2678 1390 2697 „
1420 2649 1490 2687 bus
1507 2676 1518 2689 .
1548 2649 1705 2688 Pactum
1722 2659 1847 2688 autem
1863 2679 1876 2698 ,
1901 2646 2005 2700 quod
2027 2647 2125 2685 iuter
2141 2646 2268 2683 Deum
2286 2676 2296 2693 ,
2319 2645 2352 2682 ἃ
2367 2646 2480 2684 Chri-

1359 2731 1388 2750 „
1418 2712 1516 2740 stum
1538 2705 1716 2741 asseritur
1731 2733 1742 2752 ,
1770 2702 2087 2740 commentitium
2103 2708 2183 2748 est,
2204 2703 2481 2748 temerarium,

1357 2785 1385 2804 ,‚
1416 2769 1650 2805 erroneum,
1679 2769 1755 2794 nec
1783 2756 1909 2793 solum
1938 2762 2123 2801 tacente,
2152 2752 2223 2791 secl
2252 2757 2378 2792 etiam
2408 2753 2484 2791 ad-

1360 2839 1387 2858 „
1417 2820 1600 2849 versante
1630 2810 1858 2860 Scriptura,
1886 2807 1938 2848 (9‘
1966 2806 2038 2845 SS.
2068 2807 2237 2845 Parrum
2267 2806 2482 2848 traditione

1361 2892 1386 2911 „
1417 2865 1683 2915 prolatum''.
1713 2861 1846 2912 (apud
1867 2861 2018 2899 Bossuet
2046 2860 2188 2900 T.X1.
2216 2875 2304 2914 pag.
2328 2861 2480 2911 141.)-

1357 2917 1461 2956 Hinc
1490 2917 1707 2956 mirandum
1739 2927 1811 2952 non
1841 2922 1913 2963 est,
1941 2916 1973 2952 si
2003 2924 2084 2967 post
2112 2913 2208 2954 hanc
2238 2914 2482 2953 celeberrimi

1351 2981 1562 3010 >conventus
1588 2967 1782 3007 Gallicani
1813 2968 2073 3007 definitionem
2102 2969 2280 3022 plerique
2299 2968 2483 3008 Doctores

1356 3026 1601 3069 sententiam,
1629 3034 1748 3073 quam
1776 3020 1958 3061 hacteuus
1988 3024 2325 3075 impugnavimus,
2355 3022 2480 3059 Semi-

1354 3075 1620 3130 pelagianismi
1649 3082 1737 3112 nota
1764 3075 1955 3113 infamare
1975 3089 2049 3114 non
2067 3076 2244 3115 dubitant
2265 3074 2481 3128 (Vid.Ser-

1352 3145 1403 3183 ry
1431 3129 1521 3168 Lib.
1542 3129 1591 3168 11.
1620 3127 1728 3168 Hist.
1749 3127 1797 3167 de
1817 3129 1926 3168 Aux.
1954 3143 2042 3182 cap.
2065 3131 2130 3170 25.
2161 3129 2226 3180 (a)
2242 3153 2254 3168 .

2336 3195 2426 3234 109.

1365 1982 1390 2000 3>

1365 2035 1391 2054 3>

1352 3307 1422 3353 Qui
1449 3308 1598 3348 docent,
1623 3306 1767 3352 inquit,
1792 3307 1958 3341 hominem
1974 3307 2146 3352 faciendo
2171 3307 2259 3349 qnod
2283 3306 2317 3338 in
2345 3318 2382 3339 se
2402 3314 2479 3350 est,

1355 3356 1442 3390 solis
1468 3362 1593 3388 naturae
1618 3355 1746 3391 viribus
1773 3355 1820 3388 ad
1843 3359 1992 3401 gratiam
2015 3356 2201 3400 praeparari
2212 3374 2224 3393 ,
2250 3361 2308 3388 aut
2331 3358 2477 3398 opinari*
