2570 3745
890 173 969 218 ms
1005 168 1260 217 H-mnmsi
1294 165 1682 212 PRAEDESTIN.
2322 160 2374 215 59

195 273 256 312 ¹7.
285 258 378 310 obj.
409 269 446 295 α.
487 253 530 294 S.
559 254 791 306 Augustinus
820 254 858 291 in
891 256 999 305 epist.
1030 253 1074 290 ad
1107 251 1248 289 Valen-

136 315 279 355 tintnn:
309 341 335 360 „
354 309 575 349 Retulerunt
592 339 603 357 ,
619 312 740 358 inquit
759 338 769 356 ‚
793 310 1059 346 :nouam-rium
1081 313 1246 345 vestrum

139 396 167 418 „
196 364 376 404 nonnulla
400 364 629 402 dissensione
650 362 846 400 turbatum
864 392 874 409 ,
904 375 948 399 eo
971 361 1071 414 quod
1087 359 1247 412 quidam

137 449 164 469 ,‚
191 418 234 459 in
261 417 370 457 vobis
397 419 453 456 sic
480 418 643 469 gratiam
670 417 912 470 praedicent,
951 424 990 452 ut
1019 422 1151 466 negent
1181 411 1247 449 lio-

134 501 163 520 „
192 472 306 510 minis
333 485 411 509 esse
441 469 609 509 liberum
639 471 843 508 arbitrium
866 473 914 506 ⁸⁴.
947 469 1050 506 Hinc
1078 467 1180 505 idem
1208 466 1250 504 S.

133 523 242 562 Pater
272 526 310 563 in
340 525 459 563 Libro
487 523 537 563 cle
563 533 671 575 grat.
700 524 749 564 ὠ·
778 522 839 560 lib.
862 522 946 560 arb.
967 552 976 568 ,
1008 521 1052 559 ad
1076 521 1247 558 erudien-

135 576 200 615 dos
230 576 315 616 illos
343 586 507 615 errantes
537 576 743 616 Monacbos
765 576 1012 622 elucubrata,
1043 574 1185 611 nedum
1201 573 1249 610 de

132 631 252 681 gratia
294 630 554 678 vindicanda,
599 632 662 669 sed
700 632 814 668 etiam
857 631 903 668 ‹le
934 629 1057 666 libero
1085 627 1248 665 arbitrio

133 683 318 722 servando
345 683 530 722 sollicitus
560 695 635 722 est.
666 685 789 722 Immo
819 685 868 720 ita
886 682 998 721 illum
1017 680 1163 719 librum
1181 693 1243 718 ex-

130 737 301 776 orditur:
331 736 410 774 Sed
438 742 630 787 quonium
658 746 748 775 sunt
769 736 931 787 quidam
949 766 959 783 ,
988 738 1053 785 qui
1072 738 1127 771 sic
1146 746 1242 785 graz-

128 792 232 828 tiam
262 789 340 829 Dei
369 790 585 842 defendunt
604 821 614 838 ,
645 800 685 827 nt
714 799 859 842 negent
892 788 1059 827 hominis
1079 783 1242 825 liberum

132 842 366 882 arbitrium.
399 844 567 882 Demum
598 844 687 883 Lib.
710 844 758 881 ll.
791 842 968 880 Retract.
998 855 1086 893 cap.
1116 840 1244 878 ultim.

131 896 253 945 dicit,
295 912 334 934 se
362 898 554 949 scripsisse
582 897 628 936 ad
660 895 869 934 Monachus
900 894 1168 933 Adrumetinus
1199 893 1244 930 li-

130 947 246 989 brum
268 949 317 988 de
330 954 574 1001 correptione
590 979 600 997 ,
629 950 679 988 <9-
722 952 829 985 νιιιιᾉι
846 978 857 995 ,
887 978 914 994 „
944 961 1032 985 cuin
1055 948 1126 998 ipsi
1149 960 1242 983 nun-

132 1031 159 1052 „
188 1005 331 1042 ciatum
362 1012 477 1050 esset,
518 1002 656 1040 dixisse
685 1003 694 1039 i
730 1003 738 1038 i
769 1001 1006 1053 quemdam,
1045 1001 1241 1036 nemiuem

130 1084 156 1104 ,‚
186 1057 499 1109 corripiendum,
536 1056 567 1092 si
598 1054 673 1092 Dei
703 1062 896 1107 praecepta
926 1065 1002 1089 non
1034 1053 1147 1096 fecit,
1178 1053 1242 1089 sed

130 1137 157 1157 ‚,
185 1123 254 1161 pro
280 1109 350 1147 illo
377 1109 638 1147 tantummodo
665 1108 854 1146 orandum
874 1137 883 1154 ‚
917 1115 954 1142 ut
986 1105 1101 1142 saciat
1131 1107 1156 1125 ‘⁶
1176 1130 1187 1141 .

187 1162 248 1200 18.
278 1161 390 1213 Resp.
422 1160 480 1199 Ad
499 1161 669 1212 primum
687 1191 697 1208 ‚
730 1160 813 1197 baec
830 1160 1024 1211 scripsisse
1052 1157 1092 1195 S.
1113 1158 1240 1207 Augu-

127 1215 267 1254 stinum
298 1214 391 1254 falsa
423 1213 590 1262 Felicis,
620 1213 654 1250 8t
684 1214 873 1252 Crescouii
895 1212 1113 1250 narratione
1132 1205 1242 1248 ‹leise-

126 1275 266 1320 ptum‚
285 1270 363 1359 gui
394 1266 581 1316 Florum,
611 1267 783 1319 aliosque
812 1279 914 1304 verae
944 1266 1078 1316 gratiae
1100 1264 1241 1316 praedi-

125 1329 268 1359 catores
339 1320 723 1360 aedestinattanismi
743 1319 996 1358 accusabant:
1015 1331 1241 1370 quanquam

122 1385 200 1411 non
226 1387 380 1412 omnem
410 1373 529 1412 fidem
558 1373 711 1421 Felici,
748 1373 781 1410 δε
811 1374 1012 1411 Cre-iconio
1041 1370 1241 1409 adhibuis-

125 1439 192 1474 se,
219 1425 282 1465 sed
312 1440 451 1478 anceps
481 1426 636 1466 haesisse
663 1428 837 1466 videtur:
870 1429 919 1464 ita
950 1426 1055 1463 enim
1076 1424 1242 1462 Librum

128 1477 178 1517 de
204 1489 311 1531 grat.
340 1480 390 1522 (9¹
419 1479 483 1518 lib.
511 1479 597 1518 arb.
627 1481 867 1532 auspicatur:
898 1508 923 1526 ,‚
955 1478 1029 1516 Sed
1058 1478 1242 1529 quoniam

129 1562 158 1582 „
187 1542 273 1571 sunt
302 1534 491 1588 quidam,
515 1526 595 1586 'qui
624 1537 679 1572 sic
707 1535 868 1584 gratiam
900 1531 971 1569 Dei
1002 1530 1209 1568 defendunt
1233 1559 1244 1577 ,

129 1615 154 1635 „
188 1593 226 1622 ut
255 1595 394 1638 negent
419 1585 590 1624 liberum
621 1587 844 1628 arbitritum
875 1585 1110 1635 autquando
1123 1583 1243 1635 gratia

129 1667 156 1687 „
184 1637 422 1686 defenditur,
451 1639 582 1688 negari
613 1639 825 1675 existiment
847 1636 1016 1674 liberum
1032 1636 1241 1673 arbitrium

126 1720 154 1741 „
183 1690 254 1729 ἃς.
270 1693 295 1713 “
312 1704 390 1743 qua
408 1689 640 1742 disjunctiva
657 1690 847 1728 locutione
861 1689 1114 1741 suspicionem
1131 1702 1241 1726 suam

125 1744 325 1783 manifeste
353 1745 547 1783 insinuat:
574 1744 650 1784 Sed
680 1754 804 1796 postea
833 1743 880 1781 de
909 1751 980 1779 tota
1011 1741 1067 1783 rei
1096 1750 1243 1779 contro-

126 1798 279 1847 versia,
326 1796 361 1834 ἃ
389 1811 412 1835 a
441 1797 645 1836 Valentino
686 1811 755 1850 per
786 1797 953 1843 litteras,
996 1793 1030 1830 8t
1059 1807 1188 1833 coram
1221 1809 1243 1832 a

127 1849 245 1912 Floro
273 1851 409 1890 certior
438 1851 593 1900 sactus,
630 1851 742 1904 plane
771 1851 972 1903 cognovit,
1016 1859 1090 1886 non
1127 1849 1166 1886 in
1198 1861 1244 1885 eo

123 1913 290 1956 positum
333 1915 412 1942 esse
439 1917 607 1943 errorem
629 1935 640 1952 ,
683 1905 783 1956 quod
828 1903 995 1942 liberum
1038 1902 1244 1940 arbitrium

123 1955 344 2006 tolleretur,
373 1957 436 1996 sed
464 1958 567 2011 quod
596 1959 720 1996 nimio
746 1958 870 1996 studio
889 1955 1116 1995 defendendi
1147 1953 1243 1992 libe-

123 2021 213 2048 rum
241 2010 474 2058 arbitrium,
517 2011 778 2050 detraheretur
818 2011 953 2063 gratiae
983 2008 1086 2047 Dei.
1134 2007 1246 2046 Unde

124 2061 330 2102 Valentino
345 2065 556 2104 rescribens
577 2065 682 2103 Flori
702 2095 712 2113 ,
742 2065 1020 2117 Sociorumque
1037 2061 1117 2114 ejus
1133 2091 1146 2110 ,
1175 2063 1242 2113 qui

126 2114 565 2158 Praeclescinatianismt
580 2118 859 2157 accusabantur
874 2149 885 2168 ‚
907 2122 945 2156 z'n
964 2120 1131 2155 veritate
1150 2126 1244 2152 con-

126 2175 354 2211 sensionem
371 2202 384 2220 ,
411 2173 461 2212 <9⁴
490 2185 585 2211 eam
602 2171 737 2225 fidem
755 2202 765 2220 ,
805 2185 895 2222 quoe
923 2175 1011 2209 sz'ne
1039 2168 1153 2208 dubio
1181 2182 1244 2206 ve-

124 2234 174 2260 ra
191 2252 203 2270 ‚
231 2223 282 2264 <¹9⁹
308 2224 538 2276 prophetica.
557 2256 569 2274 ‚
597 2228 646 2266 <9⁴
674 2226 897 2275 apostolica.
915 2255 926 2274 ,
962 2225 1014 2265 <9-
1041 2222 1240 2262 catholica.

114 2274 228 2329 fides
248 2285 306 2314 est
323 2307 334 2326 ,
362 2281 556 2317 invenisse
570 2292 613 2316 se
630 2279 915 2332 gratulabatur
944 2283 957 2330 (
975 2277 1039 2315 De
1061 2276 1239 2326 corrept.

125 2329 176 2370 <9⁶
202 2340 310 2382 grat.
339 2344 381 2369 ca
415 2357 425 2369 .
448 2345 481 2369 ι.
503 2332 547 2380 );
588 2346 632 2370 ac
661 2333 816 2370 demum
850 2333 936 2370 Lib.
966 2332 1015 2370 11.
1059 2330 1240 2368 Retracr.

125 2395 212 2435 cap.
241 2383 309 2422 66.
338 2383 492 2421 nulum
523 2383 707 2437 relinquit
749 2385 950 2423 dubitandi
988 2384 1143 2432 locum,
1183 2383 1240 2421 di·

125 2448 246 2483 cens;
275 2445 434 2486 propter
461 2450 529 2474 eos
559 2438 644 2477 &a
675 2436 765 2474 vid.
787 2452 900 2490 supra
930 2453 966 2475 n.
984 2437 1022 2483 4.

185 2502 245 2541 ¹9·
274 2489 356 2528 Nec
383 2504 622 2542 quemquam
644 2502 795 2526 movere
809 2492 918 2529 debet
935 2521 947 2538 ,
975 2490 1075 2542 quod
1098 2491 1136 2528 in
1157 2488 1241 2527 lau-

123 2541 211 2579 dato
238 2541 340 2580 libro
368 2542 554 2580 nonnulla
585 2544 824 2595 reperiantur
854 2557 923 2594 pro
950 2542 1065 2580 liberi
1085 2542 1236 2580 arbitrii

121 2594 367 2634 defensione.
407 2595 509 2634 Nam
541 2598 666 2649 primo
696 2597 731 2633 id
763 2596 1009 2634 tribuendum
1047 2605 1099 2634 est
1128 2595 1239 2633 salsae

122 2649 343 2699 Crescouii5
370 2647 406 2686 ἃ
436 2649 579 2688 Felicis
607 2649 810 2696 relationi,
840 2663 915 2701 qua
941 2649 985 2688 S.
1004 2650 1238 2701 Augustinus

125 2701 256 2742 saltem
287 2704 325 2741 in
351 2703 607 2756 suspicionem
636 2704 819 2741 adductus
848 2713 926 2751 est,
956 2716 1034 2741 esse
1060 2703 1206 2756 aliquos
1224 2732 1236 2751 ,

125 2757 192 2810 qui
222 2755 389 2796 liberum
418 2757 622 2796 arbitrium
664 2758 711 2795 de
739 2757 866 2793 medio
893 2755 1026 2793 tollere
1053 2769 1238 2796 conaren-

125 2816 215 2867 tur.
231 2809 388 2859 'Deinde
415 2813 445 2850 si
467 2819 585 2850 totum
614 2824 710 2864 opus
729 2810 828 2848 bene
844 2841 855 2858 ,
885 2818 1136 2861 accurateque
1150 2823 1236 2861 per-

127 2863 340 2923 pendatur,
367 2866 596 2918 apparebit,
625 2878 757 2903 omues
785 2864 823 2900 in
845 2878 888 2900 eo
912 2865 1013 2901 vires
1034 2862 1235 2900 intendiad

126 2924 262 2975 gratiae·
288 2921 548 2959 necessitatem
565 2951 576 2969 ,
605 2918 639 2956 8(
656 2919 868 2957 efficaciam
886 2915 1212 2969 comprobandam
1229 2930 1241 2962 ς

130 2981 203 3028 pro
230 2967 354 3008 libero
379 2981 507 3011 autem
533 2973 695 3012 arbitrio
722 2972 872 3011 nonnisi
901 2985 991 3022 cap.
1009 2983 1044 3008 2.
1074 2969 1243 3006 decerta-

128 3033 192 3083 ri,
221 3031 360 3074 praeter
377 3038 525 3076 pauca,
553 3039 644 3080 quae
672 3027 912 3078 adjiciuntur
930 3039 1018 3076 cap.
1039 3024 1099 3068 14.
1129 3021 1242 3068 Quod

125 3087 160 3132 pi
192 3075 403 3137 Augustino
430 3092 650 3131 persuasum
679 3081 837 3128 fuisset,
879 3091 957 3116 non
983 3079 1110 3115 minus
1140 3074 1242 3112 Prae-

130 3127 424 3170 destruatiauum
442 3162 453 3180 ,
483 3147 599 3185 quam
627 3133 981 3186 Semipelagiamun
1012 3143 1178 3169 errorem
1202 3130 1239 3166 iu

130 3186 358 3223 monasterio
391 3185 644 3224 Adrumetino
670 3188 860 3239 grassari,
903 3194 1003 3222 certe
1045 3196 1123 3237 quo
1163 3182 1245 3219 zelo

132 3244 204 3284 ΡΙὋ
230 3239 396 3289 puritate
422 3240 608 3279 doctriuae
635 3242 737 3291 circa
767 3242 928 3292 gratiam
958 3237 1170 3290 flagrabat,
1201 3250 1243 3273 u-

135 3294 313 3342 trumque
340 3293 483 3348 aequali
500 3295 738 3332 contentione
757 3294 1028 3332 eradicandum
1050 3299 1213 3328 curasset
1231 3315 1241 3327 .

165 3353 256 3401 ρο.
282 3343 471 3385 Ultimum
507 3347 621 3386 facile
649 3349 845 3398 expeditur
862 3377 873 3395 ,
900 3345 1137 3384 observando
1159 3343 1242 3381 hacc

134 3391 236 3434 dicta
262 3397 377 3439 fuisse
403 3415 426 3441 a
455 3401 561 3441 Flori
590 3401 840 3451 adversariis,
879 3413 955 3439 non
986 3398 1241 3445 affirmando,

1316 248 1378 286 sed
1409 246 1659 297 objectanda:
1703 244 1802 294 quo-l
1834 241 2043 278 luculenter
2072 248 2229 293 apparet
2272 252 2318 276 ex
2348 241 2429 290 ipso

1316 301 1358 340 S.
1383 300 1627 351 Augustino,
1667 298 1733 348 qui
1763 309 1849 344 cap.
1882 307 1917 330 '2-
1949 294 2115 341 Qualem
2149 294 2236 331 libri
2267 292 2316 330 tle
2345 305 2428 328 cor-

1314 363 1413 405 rept.
1444 354 1492 395 (9⁶
1511 361 1618 405 grat.
1649 349 1822 388 eamdem
1854 346 2114 384 difficultatem
2133 348 2201 385 sibi
2227 346 2399 399 proponit
2417 375 2428 393 ,

1315 407 1350 445 8t
1378 407 1519 454 diluit,
1560 407 1755 457 iuquiens:
1788 432 1813 448 ,.
1844 401 1926 438 Non
1948 415 1984 437 se
2002 400 2133 436 saliant
2152 430 2161 445 ,
2191 402 2255 451 qni
2274 400 2431 443 dicunt;

1318 491 1344 510 ,‚
1375 470 1412 498 ut
1440 460 1536 512 quid
1566 461 1673 496 nobis
1704 457 1957 508 praedicatur,
1999 462 2064 490 aut
2094 454 2345 503 praecipitur,
2390 462 2430 490 ut

1317 544 1344 564 „
1372 512 1611 553 declinemus
1640 526 1662 550 a
1687 509 1790 548 malo
1808 537 1819 556 ,
1849 507 1883 543 &
1902 507 2090 544 faciamus
2105 506 2249 542 bonum
2268 535 2277 552 ,
2307 507 2334 542 si
2359 504 2428 542 hoe

1316 597 1343 617 „
1372 581 1440 606 nos
1468 579 1543 605 non
1572 565 1746 616 agimus,
1777 561 1838 600 sed
1871 561 1906 598 id
1936 560 2064 607 velle,
2094 557 2127 594 8(
2155 560 2303 609 operari
2328 559 2430 595 Deus

1315 651 1342 669 „
1372 614 1551 674 operatur
1580 621 1620 657 in
1651 618 1783 655 nobis.
1814 618 1840 636 ‘⁶
1871 614 1970 660 Quae
2003 620 2199 664 perpetua:
2229 619 2332 647 eraut
2362 610 2427 646 Pv-

1315 674 1576 725 lagianorum,
1604 685 1648 710 ac
1663 667 2061 721 Semipelagiauorum
2080 663 2250 716 querelae
2268 693 2277 710 ,
2309 662 2343 698 &
2363 664 2429 700 ob-

1314 728 1518 780 jectiones.
1560 726 1729 764 Ulterius
1758 737 1793 761 c.
1824 721 1862 767 4.
1893 720 1977 758 haec
2006 719 2123 769 objici
2154 719 2275 764 dicit,
2307 728 2378 753 non
2409 731 2429 754 a

1311 784 1444 833 gratiae
1475 781 1547 819 Dei
1577 777 1867 824 defensoribus,
1896 772 2111 826 cujusmodi
2145 780 2249 808 eraut
2281 769 2430 807 l'raede-

1314 835 1504 873 stinatiani
1523 864 1534 882 ,
1565 834 1627 872 sed
1657 832 1706 870 ab
1737 830 1906 881 ejusdem
1937 827 2070 879 gratiae
2100 825 2269 862 inimicis
2288 849 2298 860 .
2343 820 2432 860 Hoc

1312 892 1420 926 enirn
1451 888 1613 935 (haunt,
1644 885 1793 938 inquit,
1823 886 1888 934 qui
1916 885 1956 918 in
1987 886 2066 918 suis
2090 879 2281 929 'malignes
2304 880 2430 927 operi·

1311 940 1405 990 bns,
1436 941 1487 979 ab
1515 940 1630 987 hujus
1647 942 1797 992 gratiae
1823 931 2150 986 proedicutoribus
2182 935 2324 980 corripi
2356 943 2425 966 no-

1310 995 1395 1032 lunt
1423 996 1510 1036 (ἕνα.
1553 994 1600 1034 Et
1631 994 1788 1030 denium
1835 989 1876 1027 S.
1907 988 2015 1026 Pater
2044 995 2140 1024 totus
2178 987 2221 1022 >in
2253 998 2296 1020 eo
2325 983 2428 1020 libro

1309 1057 1385 1093 est;
1417 1058 1454 1086 ut
1482 1047 1680 1094 ostendat,
1710 1043 1988 1095 correptionem
2018 1050 2107 1078 tunc
2136 1038 2259 1076 solnm
2295 1036 2429 1075 utilem

1310 1115 1412 1147 esse,
1451 1101 1606 1152 quaudo
1634 1101 1716 1146 ejus
1744 1100 1907 1148 strepitu
1925 1094 2157 1147 jor-insecus
2187 1096 2426 1138 insonante,

1310 1153 1725 1204 atqitefiagellmite,
1766 1150 1877 1188 Deus
1916 1154 1956 1185 in
1986 1145 2094 1185 nobis·
2123 1146 2278 1182 occulta
2309 1148 2429 1193 inspi-

1309 1210 1468 1244 ratione
1495 1215 1681 1256 operatur
1709 1204 1758 1244 (9⁶
1779 1204 1897 1241 relle-
1930 1202 2028 1249 Quae
2059 1208 2163 1237 certe
2190 1211 2266 1238 non
2295 1206 2427 1235 contra

1309 1260 1693 1305 Praedestinatianos,
1735 1256 1798 1294 sed
1827 1264 1955 1293 contra
1985 1251 2234 1304 Pelagianos,
2273 1251 2332 1290 vel
2362 1250 2431 1290 Se-

1311 1312 1587 1366 mipelagianos
1615 1312 1717 1349 dicta
1748 1323 1826 1346 esse
1855 1315 2043 1360 apparet.

1366 1380 1431 1406 21.
1460 1365 1604 1404 Dices.
1649 1364 1720 1401 lile
1755 1362 1890 1400 saltem
1920 1357 2281 1398 l'raedestinatiauus
2317 1365 2432 1402 erat,

1311 1421 1359 1458 de
1386 1433 1465 1472 quo
1492 1418 1534 1457 S.
1565 1417 1800 1469 Augustinus
1827 1416 1879 1454 ait
1908 1413 1999 1453 Lib.
2028 1412 2076 1450 de
2105 1409 2209 1448 dono
2237 1421 2431 1459 persever·

1312 1488 1346 1512 c.
1377 1473 1463 1511 15.:
1493 1501 1518 1519 „
1550 1472 1638 1510 Fuit
1668 1470 1827 1522 quidam
1858 1469 1897 1506 in
1927 1476 2055 1505 nostro
2081 1465 2332 1511 monasterio,
2362 1462 2431 1514 qui

1315 1557 1342 1576 ‚,
1361 1524 1669 1576 «corripientibus
1700 1522 1908 1568 fratribus,
1950 1534 2023 1558 cur
2049 1518 2230 1571 quaedam
2268 1529 2344 1554 nou
2376 1517 2431 1553 fa-

1312 1610 1338 1628 „
1369 1579 1502 1616 cienda
1534 1579 1701 1622 faceret5
1731 1576 1763 1612 δ’(
1786 1573 1960 1612 facienda
1983 1585 2058 1610 non
2078 1572 2243 1618 faceret,
2275 1581 2432 1621 respon—

1312 1662 1338 1681 „
1367 1632 1504 1669 debat:
1536 1631 1832 1684 qualiscumque
1862 1640 1963 1666 nunc
1985 1627 2081 1673 sim,
2112 1623 2199 1662 talis
2219 1636 2304 1671 ero,
2335 1636 2432 1674 qua-

1311 1713 1340 1734 „
1367 1684 1445 1722 lem
1475 1698 1538 1721 me
1567 1684 1672 1721 Deus
1702 1684 1876 1719 futurum
1905 1694 1982 1717 esse
2010 1678 2265 1731 praescivit“.

1366 1749 1433 1776 22.
1464 1736 1576 1789 Resp.
1597 1737 1722 1788 primo
1740 1734 1883 1783 ,.liunc
1902 1734 2015 1770 fuisse
2032 1732 2189 1768 unicum
2208 1759 2218 1777 ,
2250 1728 2283 1763 &
2299 1730 2429 1780 singu·

1307 1791 1457 1830 larem:
1486 1790 1616 1828 nullos
1644 1801 1737 1826 vero
1762 1785 1856 1825 alios
1884 1785 2063 1824 habuisse
2093 1782 2238 1829 socios,
2269 1793 2314 1818 ex
2344 1782 2434 1833 qui-

1311 1844 1386 1883 bus
1402 1843 1826 1882 Praedestinatianorum
1848 1848 1946 1877 secta
1966 1838 2078 1876 condi
2097 1837 2282 1889 potuerit,
2312 1835 2431 1873 Dein-

1312 1899 1359 1936 de
1390 1898 1455 1936 iste
1484 1909 1559 1937 non
1589 1896 1742 1935 videtur
1771 1895 1886 1932 fuisse
1915 1890 2295 1936 I’raedestinatiauus,
2338 1888 2433 1940 quia.

1312 1951 1352 1989 S.
1385 1952 1596 2003 Augustino
1625 1959 1714 1988 teste
1743 1948 1888 1986 ibidem
1906 1976 1918 1995 ‚
1958 1944 2139 1997 profecto
2165 1955 2297 1980 verum
2328 1941 2433 1979 dice-

1311 2003 1406 2053 ὀιιῐ,
1447 2017 1522 2042 nou
1554 2003 1719 2042 salsum:
1759 2014 1984 2054 quanquam
2017 2008 2144 2052 postea
2175 2010 2218 2034 ex
2249 2008 2338 2034 vera
2367 1995 2434 2032 do·

1312 2060 1434 2097 ctrina
1463 2071 1683 2110 perversam
1713 2057 1755 2094 in
1783 2056 1894 2107 praxi
1923 2049 2235 2105 cdusequeutiam
2265 2049 2432 2087 deduce-

1311 2111 1406 2158 bat3
1449 2111 1551 2149 unde
1578 2110 1814 2162 Augustinus
1843 2109 1894 2145 ita
1923 2107 2186 2158 prosequitur:
2229 2132 2256 2149 ,‚
2286 2101 2333 2138 Et
2366 2101 2430 2138 bic

1313 2195 1341 2214 „
1369 2177 1460 2204 vero
1489 2177 1565 2202 uon
1579 2161 1806 2215 proficiebat
1837 2162 1876 2197 in
1891 2159 2064 2204 bonum;
2095 2157 2156 2195 sed
2188 2168 2309 2207 usque
2337 2154 2432 2191 adeo

1313 2248 1340 2267 „
1370 2218 1531 2270 profecit
1561 2219 1602 2255 in
1631 2215 1779 2254 malum
1797 2243 1810 2262 ,
1839 2222 1878 2250 ut
1907 2213 2052 2251 deserta
2075 2209 2431 2249 monasteriisocie-

1308 2301 1336 2321 „
1365 2280 1438 2309 tate
1467 2272 1574 2309 fieret
1602 2271 1710 2307 canis
1737 2279 1912 2306 reversus
1938 2265 1984 2303 ad
2013 2278 2126 2303 suum
2157 2261 2344 2300 vomitum
2369 2263 2396 2283 ‘⁶
2416 2285 2429 2298 .

1362 2325 1426 2364 23.
1457 2324 1551 2376 Obj.
1572 2323 1611 2362 3.
1639 2323 1679 2362 S.
1710 2321 1798 2359 Pros
1829 2333 1870 2357 er
1897 2323 1938 2356 in
1968 2316 2096 2368 Praef.
2127 2315 2246 2365 Hesp.
2275 2312 2331 2350 ad
2349 2311 2428 2350 Ca-

1307 2378 1431 2428 pitulu.
1464 2377 1744 2429 Objectionum
1777 2335 2142 2412 IJincentianarum
2190 2367 2352 2420 loquens
2380 2366 2430 2404 de

1307 2431 1626 2484 Semipelagianis
1644 2460 1656 2478 ,
1685 2430 1752 2481 qui
1783 2426 2210 2465 Proedestinatianormn
2234 2421 2427 2473 paradoxa

1309 2486 1511 2536 Augustini
1540 2483 1741 2536 discipulis
1769 2479 2001 2532 affingebant
2019 2509 2029 2527 ,
2060 2479 2207 2528 inquit:
2242 2472 2428 2522 Βῖιιςρέε-

1308 2543 1416 2576 mins
1435 2569 1446 2587 ‚
1476 2551 1576 2590 quas
1590 2539 1865 2588 perspexerint
1891 2541 2030 2571 nostra
2045 2529 2291 2582 professione
2307 2526 2426 2563 dam-

1308 2596 1430 2640 nari,
1472 2596 1514 2629 in
1542 2589 1766 2629 earundem
1796 2584 2055 2640 repertoribus
2092 2582 2231 2620 debere
2259 2583 2389 2630 puniri
2413 2604 2425 2616 .

1308 2644 1485 2693 Quorum
1515 2644 1721 2684 verborum
1753 2643 1815 2680 liic
1844 2653 1973 2679 sensus
2000 2647 2071 2674 est:
2100 2635 2291 2686 paradoxa
2321 2631 2426 2668 Prae-

1306 2700 1647 2738 destinatianorum
1677 2710 1753 2736 non
1782 2692 1980 2745 Augustini
2010 2687 2210 2738 discipulis
2237 2684 2427 2736 objicien-

1305 2753 1381 2801 da,
1419 2754 1485 2806 qui
1516 2767 1561 2791 ea
1588 2749 1850 2793 damnabant,
1893 2744 1956 2781 sed
1987 2743 2025 2779 in
2055 2741 2148 2792 ipsis
2177 2738 2427 2777 Praedestina·

1304 2807 1420 2845 tianis
1448 2805 1670 2844 eorumdem
1696 2796 1958 2852 repertoribus
1986 2793 2202 2848 punienda:
2236 2805 2304 2845 pro
2324 2800 2428 2830 certo

1304 2861 1437 2912 itaque
1464 2860 1505 2897 S.
1536 2859 1694 2909 Prosper
1724 2851 1887 2891 habebat
1906 2880 1919 2899 ,
1962 2849 2078 2887 fuisse
2118 2856 2208 2886 tunc
2244 2846 2426 2898 temporis

1307 2911 1662 2951 Praedestiuatianos
1682 2933 1693 2943 .

1365 2966 1430 3011 24.
1461 2965 1602 3017 Resp.,
1645 2961 1867 3012 Repertores
1902 2955 2061 2996 illarum
2089 2952 2426 3006 blasphemiarum

1310 3019 1358 3058 ad
1386 3018 1557 3069 Prosperi
1587 3023 1756 3053 mentem
1784 3025 1868 3051 non
1896 3010 2013 3050 tuisse
2042 3009 2426 3053 Praedestinatiauos,

1308 3073 1372 3111 sed
1401 3069 1754 3122 Semipelagiauos,
1799 3067 1866 3119 qui
1904 3063 2123 3104 indiculum
2151 3062 2279 3100 nescio
2307 3073 2424 3114 quem

1307 3124 1394 3164 blas
1426 3125 1641 3163 hemiarnm
1671 3119 2097 3158 Praedestinatianarum
2125 3122 2392 3154 contexuerant
2413 3141 2426 3160 ,

1307 3178 1342 3215 ἃ
1362 3179 1620 3223 Ciristianae‚
1649 3188 1693 3212 ac
1722 3174 1899 3213 frateruae
1929 3171 2126 3210 charitatis
2145 3167 2280 3215 obliti,
2309 3166 2425 3204 disci-

1308 3231 1413 3283 pulis
1452 3231 1494 3268 S.
1527 3229 1756 3282 Augustini,
1784 3228 1895 3280 quasi
1925 3239 2056 3263 eorum
2085 3223 2268 3260 ‹loctrinae
2297 3219 2424 3271 legiti-

1310 3299 1370 3321 ma
1400 3284 1630 3322 consertaria
1650 3280 1883 3333 objiciebant
1904 3305 1916 3318 .
1946 3309 1972 3327 „
1987 3276 2224 3316 Coutendunt
2241 3304 2252 3322 ,
2273 3276 2396 3323 inquit
2410 3295 2421 3307 .

1311 3368 1338 3386 ‚,
1369 3337 1401 3374 8(
1431 3335 1614 3390 qualibus
1651 3345 1800 3387 possunt
1830 3334 2051 3377 sententiis,
2098 3327 2423 3380 comprehendunt

1311 3422 1337 3442 υ
1367 3393 1691 3444 ineptissimarum
1711 3389 1967 3442 quarumdam
1981 3383 2422 3469 blasphemiaruuh-pro-

2240 3461 2267 3481 υ
2326 3443 2358 3469 ¹*
