2570 3745
2260 147 2289 189 (Α

842 279 1678 384 INDEX

520 503 950 570 CAPITUM
1016 497 1129 561 ET
1192 497 1978 562 PROPOSITIONUM

1172 690 1335 740 QUAE.

747 857 805 897 m
830 856 941 896 Hoc
961 851 1252 895 VOLUMINE
1274 852 1345 892 VI.
1372 850 1757 894 CONTINENTUR

85 1197 228 1297 De
253 1258 406 1301 Gratia
439 1257 623 1302 actuali.
1047 1265 1145 1310 pag·
1183 1266 1203 1292 ¹

75 1317 332 1372 Dissertatio
368 1332 402 1374 I.
449 1334 516 1375 De
550 1332 714 1375 Hoeresi
746 1328 1007 1382 Pelagium,
1040 1320 1080 1366 ὃ

196 1402 540 1459 Semipelagiana
557 1433 577 1445 .‚
1178 1407 1202 1435 2

77 1463 220 1526 Caput
245 1473 278 1514 Ι.
313 1479 380 1518 De
411 1479 493 1531 iis,
526 1479 602 1530 qui*
629 1475 803 1527 Pelagio
835 1472 892 1511 ad
922 1481 1082 1522 negan⁴

195 1546 297 1587 dam.
327 1549 518 1601 gratiam
541 1546 689 1597 facem
721 1543 1022 1594 praetulerunt.

75 1611 216 1670 Caput
239 1615 299 1657 11.
340 1619 416 1659 De
440 1618 615 1670 Pelagio
630 1648 652 1670 ,‚
690 1614 910 1666 Coelestio,
944 1612 1082 1653 Julia-

1097 1533 1200 1578 ibid.

195 1699 272 1742 no,
302 1689 515 1744 Anniano,
547 1687 591 1731 b*
621 1690 813 1730 Seneca.
1175 1682 1200 1725 5

72 1755 212 1814 Caput.
234 1758 313 1802 111.
345 1763 413 1804 De
446 1763 693 1816 Pelagianoe
726 1761 898 1802 hoeresis
931 1761 1076 1810 impu-

189 1834 458 1887 gnatoribus,
488 1831 528 1875 ὃ
560 1835 919 1876 condemnatione.
1168 1831 1195 1871 6

73 1898 212 1958 Caput
235 1902 313 1945 lv.
346 1907 414 1947 De
427 1908 638 1947 erroribus
656 1907 986 1958 Pelagianorum
1001 1935 1015 1958 ,
1036 1900 1074 1944 Β

194 1978 323 2018 variis
354 1991 498 2020 eorum
531 1979 703 2019 lzoeresis
735 1979 942 2018 statibus.
1174 1987 1194 2025 7

71 2044 161 2099 §.L
185 2048 233 2088 In
264 2052 424 2106 primo,
455 2048 496 2093 85
528 2051 708 2093 secundo
738 2057 858 2095 statu
872 2048 1075 2100 Pelagius

189 2123 350 2163 nullam
381 2125 572 2176 gratiam
605 2125 850 2165 interiorem·
877 2121 1080 2162 admisit.
1168 2120 1194 2161 8

71 2190 193 2243 §.11..
228 2196 277 2234 In
306 2197 427 2236 tertio
458 2203 575 2236 statu
607 2196 831 2248 Pelagiani
875 2194 1069 2245 aliquam

190 2265 424 2308 interiorem
456 2270 607 2309 mentis
653 2267 977 2308 illustrationem
1023 2277 1073 2306 a-

190 2341 468 2389 gnoscebant.

65 2403 110 2459 §-
125 2403 201 2446 111.
243 2409 455 2448 Probabile
486 2420 577 2462 est,
606 2414 655 2451 in·
679 2414 828 2452 ultimo
859 2418 977 2451 statu
998 2411 1084 2451 Pe*

185 2480 379 2531 lagianos
409 2480 600 2531 aliquam
624 2485 812 2531 gratiam
839 2484 1068 2524 voluntatis

188 2553 432 2604 agnovisse,
463 2562 541 2590 non
572 2557 714 2590 tamen
745 2559 792 2591 ut
811 2554 975 2592 omnino
998 2565 1066 2594 ne-

182 2625 437 2676 eessariam,
468 2635 598 2675 neque
616 2630 664 2662 ut
684 2636 797 2663 mere
819 2627 1071 2676 gratuitam.
1158 2640 1194 2681 9,

62 2689 202 2751 Caput
225 2693 278 2735 V.
312 2698 579 2750 Ostenditur,
609 2698 875 2749 praecipuam
906 2705 1064 2738 contro-

181 2769 364 2808 versiam
396 2769 688 2822 Augus-tinum
715 2770 851 2821 inter,
885 2767 922 2809 is
939 2769 1060 2808 Pela-

179 2842 325 2892 gianos
349 2840 495 2894 fuisse
516 2843 567 2884 de
589 2842 738 2896 gratia
765 2841 926 2882 actuali
942 2871 956 2893 ,
987 2852 1062 2878 non

179 2912 230 2950 de
263 2913 495 2954 habituali}
1132 2925 1145 2951 1
1164 2925 1183 2950 1·

59 2977 202 3040 Prop..
222 2984 319 3025 Non
338 2986 389 3025 de
410 2988 552 3039 gratia
568 2987 802 3039 habituali,
833 2984 906 3026 sed
937 2985 988 3025 de
1011 2997 1056 3024 a·

177 3058 331 3112 ctuali,
373 3056 412 3099 ἓό
444 3062 611 3111 quidem
642 3059 812 3110 efficaci,
837 3061 1055 3111 potissima

168 3129 256 3183 fuit
289 3131 517 3185 Augustini
548 3147 647 3173 cum
681 3134 927 3186 Pelagianis
958 3144 1053 3172 con-

177 3205 330 3244 tentio.
674 3200 678 3205 ¹

61 3270 201 3329 Caput:
218 3272 294 3314 vl.
326 3273 600 3331 ostenditur,
619 3278 868 3331 Pelagianos
883 3279 973 3318 ideo
989 3290 1059 3328 po-

181 3346 392 3388 tissimum
425 3350 467 3390 S.
494 3351 731 3403 Augustino
757 3349 896 3403 fuisse
928 3350 1060 3403 refra-

1088 2333 1199 2379 ibid..

1077 3200 1179 3245 ibid.

1395 1257 1540 1304 gatos,
1586 1252 1686 1305 quia
1732 1249 1961 1304 putabant,
2006 1261 2058 1290 ea
2104 1253 2277 1304 gratia,

1395 1336 1526 1376 quam
1560 1323 1602 1363 S.
1626 1324 1783 1365 Doctor
1815 1324 2103 1376 praedicabat,
2127 1323 2278 1363 huma-

1390 1408 1492 1436 nam
1522 1396 1764 1437 libertatem
1791 1397 1910 1449 loedi,
1957 1398 2046 1437 sive
2076 1409 2175 1436 cum
2207 1396 2277 1435 ho-

1389 1469 1495 1507 mini
1515 1480 1593 1507 non
1613 1470 1742 1508 datur
1756 1499 1769 1521 ,
1803 1470 1892 1509 sive
1913 1481 2013 1508 cum
2035 1471 2190 1508 datur.
2348 1481 2361 1506 ι
2375 1483 2398 1509 ε)

1272 1539 1413 1597 Caput
1429 1537 1529 1579 VII'.
1562 1539 1630 1579 De
1662 1538 1828 1579 Hoeresi
1860 1540 2232 1591 Semipelagiana.
2344 1539 2397 1579 15

1272 1613 1414 1671 Caput
1430 1607 1554 1652 VIII.
1585 1611 1654 1650 De
1670 1610 2028 1661 Semipelagianoe
2049 1616 2174 1649 sectoe
2200 1620 2276 1647 au-

1390 1686 1600 1736 ctoribus,
1633 1680 1671 1724 b·
1707 1683 1921 1722 Patronis.
2343 1680 2401 1722 16

1268 1758 1410 1816 Caput
1426 1756 1516 1799 IX..
1540 1758 1608 1797 De
1623 1755 1810 1797 Hoeresis
1824 1752 2180 1806 Semipelagianoe
2195 1753 2274 1792 im-

1386 1830 1712 1884 pugnatoribus,
1743 1826 1783 1869 &
1813 1826 2181 1867 condemnatione.
2250 1839 2257 1847 “
2342 1824 2394 1864 ι8

1267 1903 1408 1961 Caput
1429 1902 1488 1945 X.
1520 1904 1589 1944 De
1609 1902 1797 1942 Hoeresis
1821 1900 2179 1952 Semipelagianoe
2203 1910 2273 1938 su-

1318 1960 1323 1963 *
1389 1978 1611 2017 scitatione
1626 2004 1637 2016 .
2343 1981 2402 2026 19

1265 2047 1407 2107 Caput,
1423 2047 1504 2090 XI.
1538 2049 1809 2101 ostenditur,
1835 2046 2202 2098 semipelagianos
2225 2056 2270 2083 a-

1385 2121 1587 2174 gnovisse·
1609 2121 1902 2159 necessitatem
1935 2118 2123 2167 alicujus
2167 2117 2271 2154 inte-

1386 2194 1507 2232 rioris
1537 2194 1688 2245 gratioe
1722 2189 1976 2230 admittam
2001 2185 2128 2236 fidei.
2334 2198 2395 2225 20*

1264 2263 1397 2323 Prop.
1429 2265 1688 2306 Probabilius
1703 2263 1882 2312 videtur,
1899 2258 2266 2310 semipelagianos

1385 2339 1447 2378 ad'
1473 2338 1641 2377 initium
1671 2335 1867 2373 bonorum
1897 2344 2101 2384 operum,
2142 2338 2269 2383 atque

1383 2411 1514 2450 etiam
1531 2408 1590 2447 ad
1606 2408 1776 2446 initium
1790 2405 1900 2456 fidei
1913 2436 1926 2457 ‚
1959 2405 2181 2444 admisisse
2197 2415 2266 2442 ne-

1382 2483 1629 2522 cessitatem
1647 2480 1834 2530 alicujus
1856 2479 2015 2531 gratiae·
2031 2477 2237 2517 interioris
2252 2501 2264 2513 .
2329 2488 2348 2515 2
2362 2488 2381 2513 t

1255 2550 1516 2595 Dissertatio
1543 2550 1598 2592 II.
1645 2552 1720 2592 De·
1744 2551 1991 2591 necessitate
2023 2550 2174 2602 gratia>
2207 2547 2263 2585 ad

1371 2639 1478 2680 opus
1494 2627 1667 2677 bonum,
1699 2630 1791 2663 tum
1809 2622 2136 2675 perficiendum,
2170 2627 2263 2660 tum

1371 2698 1660 2751 incipiendum
1707 2701 1849 2734 contra
1894 2693 2174 2746 Pelagianos,
2219 2690 2260 2733 ἔθ’

1371 2770 1733 2821 Semipelagianos
1747 2793 1765 2804 .-
2322 2779 2340 2805 2
2351 2767 2379 2808 5,

1250 2841 1392 2900 Caput
1415 2840 1457 2881 I..
1503 2842 1831 2880 Praemittuntur*
1863 2838 2060 2887 quoedam
2102 2839 2253 2891 gratioe

1374 2915 1557 2955 actualis
1587 2910 1833 2961 divisiones,
1865 2905 1904 2949 ἑο·
1938 2912 2220 2962 acceptiones.
2274 2905 2383 2952 ibid..

1255 2983 1394 3043 Caput
1411 2984 1466 3025 ΙΙ.
1502 2986 1823 3023 Demonscratur
1837 2983 1991 3033 gratiae
2008 2982 2163 3022 Christi
2186 2993 2254 3024 ne-

1367 3060 1541 3098 cessitas
1553 3086 1573 3105 „
1611 3062 1702 3093 tum
1748 3055 1803 3093 ad
1835 3056 1932 3095 bene
1967 3057 2226 3107 operandum
2242 3087 2254 3108 ‚

1364 3138 1456 3170 tum
1471 3129 1601 3168 etiam
1616 3129 1671 3167 ad
1688 3129 1941 3169 credendum
1957 3129 2160 3168 adversus
2176 3127 2253 3166 Pe-

1363 3204 1556 3254 lagianos
1570 3232 1582 3254 ,
1613 3196 1652 3240 fis
1686 3201 2049 3252 Semipelagianos
2065 3227 2075 3237 .
2313 3211 2333 3238 2
2346 3211 2366 3249 7

1248 3273 1377 3332 Prop.
1396 3274 1427 3314 l.
1461 3276 1525 3314 Aa
1546 3275 1736 3326 initium,
1769 3285 2038 3325 progressum
2054 3304 2065 3325 ,
2097 3268 2136 3312 ΕΒ·
2153 3283 2245 3309 con-

1368 3348 1695 3387 summationem
1736 3346 1826 3384 boni
1867 3346 2003 3396 operis
2044 3344 2248 3384 salutaris
