2562 3694
874 113 1301 160 PROBABILISMI
1334 110 1492 157 HIST.

30 207 124 248 res,
165 195 466 250 probabiliores,
513 197 674 234 tutiores
702 195 898 234 sententias
940 196 1148 247 sequendas

31 265 109 290 esse
137 253 358 291 edixert‘tnt.
391 250 566 300 Longum
595 248 732 286 horum
764 249 978 300 catalogum
1010 259 1148 300 magno

29 303 163 344 labore
190 304 286 344 colle
314 305 341 341 it
367 303 408 340 in
437 301 593 353 Regula
622 301 821 340 Proxima
851 301 891 340 1’.
914 303 951 341 3.
980 315 1014 339 c.
1037 302 1075 340 3.
1106 301 1147 340 Ρ.

31 357 258 397 Vincentius
284 316 455 404 Ραωιιί,
484 369 682 408 magnum
704 355 991 393 Dominicanae
1008 353 1145 405 fami-

28 411 97 450 Iioe
122 411 282 458 himen,
331 417 370 446 ut
399 422 487 446 eum
518 417 627 447 vocat
657 411 717 448 vir
746 423 820 447 nou
852 411 979 447 minus
1005 409 1144 445 doctri-

28 477 105 511 ne,
132 470 251 515 quern
280 462 417 515 pietate
444 461 606 501 celebris
629 462 853 500 Franciscus
868 464 1067 511 Caletanus
1085 461 1144 498 lu·

28 518 149 556 contri
178 515 360 568 Archiep.
391 515 635 554 Florentinus
665 515 882 567 (Tractato
912 515 1011 553 ‹lelle
1041 517 1146 552 azio-

28 573 70 607 m'
98 581 250 607 umane
279 583 316 622 p.
353 568 414 608 15.
445 568 482 618 ).
516 570 612 607 Hinc
642 579 798 621 apparet
830 570 986 608 Divinae
1017 567 1146 606 Provi-

25 621 164 661 dentiae
194 622 426 671 consilium,
474 637 523 662 ne
551 621 724 662 Ecclesia
752 621 1079 661 Probabilismum
1109 636 1148 659 a·

26 675 199 728 doptasse
225 676 419 715 videretur
439 701 451 715 .

84 729 151 768 35.
178 729 253 768 Sed
282 743 353 768 nec
381 730 585 769 defuerunt
614 743 681 782 per
711 729 749 769 id
769 729 949 781 temporis
971 726 1150 766 interval-

29 780 115 821 lum
145 783 227 834 pii,
275 781 310 818 8t
345 783 446 822 docti
477 784 716 835 Scriptores,
759 785 826 835 qui
868 781 1150 819 Probabilismo

27 837 216 888 serpenti,
259 835 294 873 St
323 839 503 875 crescenti
533 849 602 889 pro
632 836 780 874 viribus
822 835 1010 873 adversati
1038 845 1148 880 suut,

26 890 126 927 inter
151 901 246 941 quos
273 888 403 942 plures
431 889 624 929 excellunt
661 901 705 926 ex
734 888 919 927 Societate
947 887 1035 925 Jesu
1055 918 1065 935 ‚
1109 896 1149 925 ut

25 939 70 980 P.
102 940 282 980 Rebellus
312 943 512 982 Lusitanus
540 956 603 980 au.
626 940 736 980 1608.
753 971 764 990 ,
795 941 837 979 Ρ.
853 940 1064 979 Comitolus
1080 939 1148 978 Pe-

26 997 183 1034 rusinus
210 1009 272 1035 au.
308 995 444 1049 ¹609·‚
485 995 599 1034 Card.
628 994 886 1033 Bellarminus
924 995 962 1031 iu
992 1007 1059 1032 sua
1087 1008 1150 1032 ce-

28 1047 129 1088 lebri
159 1048 317 1102 epistola
343 1050 392 1088 ad
405 1049 536 1100 Episc.
553 1047 817 1086 Theanensem
847 1056 1018 1099 nepotem
1036 1061 1150 1085 suum

26 1104 133 1141 circa
160 1116 224 1141 an.
259 1101 403 1149 1615„
450 1100 493 1140 P.
519 1100 707 1139 Claudius
739 1102 941 1154 Aquaviva
969 1101 1008 1139 in
1039 1102 1150 1153 epist.

27 1169 95 1193 an.
130 1155 268 1202 1613„
311 1153 346 1190 81
375 1153 418 1194 Ρ.
447 1153 597 1194 Mutius
626 1153 837 1192 Viteleschi
878 1155 918 1192 in
949 1155 1056 1206 epist.
1086 1168 1150 1193 an·

33 1207 150 1260 1617.
179 1207 269 1259 (ιι).
299 1207 369 1247 His
395 1207 485 1247 addi
513 1217 669 1260 possunt
699 1208 870 1246 Andreas
899 1206 1060 1246 Blancus
1088 1207 1152 1245 Ja-

26 1262 178 1300 nueusis
207 1262 350 1313 pariter
379 1275 399 1300 e
426 1261 566 1300 Societ.
586 1262 676 1300 Jesu
693 1291 704 1308 ‚
735 1261 806 1300 sub
836 1263 991 1299 nomine
1010 1260 1153 1299 Candi-

25 1314 68 1353 di
97 1313 323 1354 Philalethis
349 1329 415 1353 an.
441 1315 586 1363 1642„
616 1314 862 1367 Esclapezius
893 1315 932 1351 in
964 1314 1153 1366 Hispania

27 1365 256 1415 1111.1646.,
285 1381 374 1407 ven.
403 1367 462 1406 J0.
491 1367 649 1406 Palafox
679 1369 726 1406 de
756 1367 942 1406 Mendoza
972 1368 1011 1404 iu
1043 1369 1152 1419 epist.

27 1421 76 1458 ad
108 1421 300 1459 innocent.
321 1420 373 1459 Χ.
403 1430 489 1459 ante
517 1435 582 1460 an.
609 1420 724 1473 1659.
741 1451 752 1468 ,
782 1422 968 1459 Antonius
998 1419 1153 1458 Meren-

28 1473 79 1511 da
107 1487 172 1513 an.
207 1473 322 1513 1655.
351 1473 386 1510 81
413 1472 576 1527 plurimi
606 1473 704 1512 alii.
736 1475 859 1511 Immo
889 1474 926 1511 id
956 1487 1022 1511 uec
1052 1473 1154 1512 diffi-

28 1534 130 1565 tetur
158 1528 239 1579 ipse
265 1527 471 1566 Caramuel
515 1529 555 1566 in
586 1527 902 1579 Apologemate‚
951 1527 1154 1578 inquiens:

32 1607 60 1630 „
92 1579 237 1632 Magna
267 1580 338 1619 1100
367 1593 453 1618 aevo
481 1581 752 1632 imperitorum
780 1581 892 1631 copia
912 1580 1006 1617 viris
1035 1580 1157 1617 doctis

34 1661 62 1683 „
93 1632 286 1681 insultat,
332 1633 434 1686 quod
465 1634 679 1672 invenerint
715 1633 914 1683 opiniones
952 1632 1159 1683 benignas,

38 1714 68 1736 9,
97 1699 187 1738 quae
208 1699 277 1740 per
303 1687 564 1725 securissimae
593 1685 877 1738 probabilitatis
912 1686 1064 1723 semitas
1093 1685 1160 1722 ho-

35 1767 64 1790 „
98 1741 222 1778 mines
251 1740 298 1778 ad
327 1739 473 1779 coelum
501 1740 717 1778 conducant
745 1736 802 1791 (b)
833 1739 855 1754 ''
873 1765 885 1777 .

90 1791 157 1831 36.
186 1793 320 1846 Neque
350 1792 448 1831 illud
476 1792 849 1845 praetermittendum
878 1804 1040 1841 censeO,
1078 1804 1160 1830 ma-

32 1857 149 1896 gnam
178 1845 289 1885 illam
318 1845 662 1886 Probabilistarum
692 1845 846 1884 turbam
865 1875 876 1894 ,
906 1859 995 1898 quae
1024 1854 1106 1897 post
1128 1844 1160 1882 i-

33 1899 174 1937 nitium
194 1900 296 1938 Soec.
316 1898 446 1939 XVII.
475 1913 597 1953 usque
625 1900 673 1938 ad
703 1898 875 1951 ejusdem
896 1901 1159 1946 medietatem,

33 1953 188 2004 erupit,
218 1952 320 2005 justa
347 1952 460 1992 lance
487 1953 705 2006 pendatur,
733 1952 845 1992 valde
874 1966 1013 2006 parum
1043 1951 1161 1990 habe-

32 2016 76 2043 re
104 2007 313 2057 ponderis,
361 2006 515 2046 fuerunt
542 2008 647 2045 enim
685 2006 875 2059 majorem
913 2015 1059 2060 partem
1090 2005 1162 2043 Ca-

32 2058 162 2097 suistae
191 2059 375 2112 ignobiles
392 2089 404 2108 ,
436 2072 604 2114 quorum
633 2059 796 2114 plurimi
824 2059 920 2098 alios
949 2061 1027 2098 siue
1056 2057 1160 2095 dele-

34 2118 129 2160 ctu,
159 2121 199 2150 ut
225 2115 308 2152 ovis
335 2126 446 2152 ovem
463 2143 475 2163 ,
503 2114 785 2166 sequebantur,
830 2113 891 2152 vel
920 2112 1020 2152 1111111
1051 2110 1160 2150 aliud

34 2176 118 2214 prae
147 2165 268 2204 oculis
296 2165 440 2204 habere
482 2167 710 2205 videbantur
731 2196 743 2214 ‚
788 2179 909 2218 quam
940 2175 980 2203 ut
1021 2166 1159 2212 novis,

31 2215 210 2270 laxisque
236 2221 432 2258 sententiis
460 2220 611 2257 inanem
631 2220 706 2258 sibi
726 2217 927 2271 gloriolam
945 2226 1155 2270 captarent.

32 2269 118 2309 Non
148 2269 287 2310 inutile
311 2272 430 2310 *fuerit
459 2272 499 2310 id
528 2272 780 2323 comprobare
808 2271 936 2310 verbis
966 2271 1008 2310 P.
1041 2270 1158 2308 Anto-

35 2325 90 2362 nii
119 2323 283 2376 Terilli,
311 2326 380 2379 qui
408 2326 537 2379 prima
564 2326 660 2365 iuter
680 2325 954 2364 Probabilistas
976 2323 1161 2364 subsellia

36 2467 196 2520 privatos
222 2468 424 2516 Theologos
447 2482 711 2517 propugnasse,
752 2470 865 2505 solum
903 2480 1077 2517 negatur,
1118 2470 1161 2506 ab

37 2514 82 2548 u‘s
108 2513 411 2551 Probabilis-mum
435 2518 508 2552 suis
534 2518 658 2553 ovibus
698 2527 878 2562 tamquam
917 2519 952 2551 in
977 2519 1077 2563 praxi
1105 2527 1162 2553 tu-

36 2567 116 2594 tum
141 2561 259 2608 aliqua
283 2564 544 2598 Constitutione
571 2564 738 2610 pastorali
766 2564 1011 2609 propositum5
1035 2563 1162 2610 quiade

0 2632 1 2652 ἢ
38 2615 79 2640 re
102 2605 214 2642 videri
239 2609 348 2644 etiam
373 2619 485 2657 potest
509 2610 733 2645 doctissimus
760 2610 795 2643 l’.
823 2609 1046 2656 Hyacinthus
1073 2611 1163 2645 Ger-

0 2663 1 2684 1
39 2651 92 2685 (111
117 2653 173 2687 Cl·
205 2656 288 2701 Reg.
308 2657 343 2690 S.
364 2657 461 2692 Pauli
489 2663 502 2696 (
522 2669 615 2691 nunc
641 2657 879 2703 amplissimus
894 2658 928 2690 S.
944 2658 986 2691 R.
1007 2658 1048 2691 E.
1075 2659 1164 2692 Car·

39 2696 170 2734 dinalis
194 2704 207 2742 )
227 2699 269 2735 ’111
293 2704 431 2749 egregia
457 2704 519 2738 illa
545 2705 740 2743 Oratione,
765 2715 872 2747 quam
897 2715 952 2736 an.
977 2705 1081 2748 1754·
1111 2702 1182 2736 De*

41 2749 162 2780 causis
186 2747 470 2784 Academicorum
486 2750 766 2796 Disputationum
791 2754 827 2783 in
847 2748 1066 2795 Theologiam
1079 2750 1164 2784 Δία·

44 2794 154 2826 ratem
177 2795 391 2830 inducturum
416 2797 539 2832 habuit
554 2818 566 2840 ,
590 2797 676 2831 dum
703 2798 738 2830 in
765 2798 860 2841 regio
886 2795 1096 2830 Taurinensi
1116 2798 1165 2831 A·

42 2837 183 2873 111εοωο
208 2840 353 2875 moralis
371 2843 553 2880 Doctrinae
577 2856 706 2878 munus
731 2843 870 2889 publice
895 2841 1164 2889 aggrederetur-3.

45 2884 88 2918 In
112 2894 224 2919 notat·
248 2888 342 2922 enim
369 2890 424 2923 3.:
451 2889 613 2936 Magnum
639 2904 723 2924 sane
739 2912 750 2931 ,
776 2891 888 2933 inquit
903 2911 913 2930 ‚
939 2898 1166 2934 argumentum

46 2930 256 2966 Christianae
291 2937 523 2970 institutionis
558 2951 728 2981 numquam
754 2940 790 2970 in
814 2935 980 2970 Ecclesia
1005 2940 1167 2969 interitu-

47 2986 92 3012 ?ae
115 2988 159 3013 ex
185 2991 224 3013 eo
250 2985 327 3025 capi
350 2989 489 3025 potest,
512 2978 598 3029 quod
622 2986 739 3018 maliis
764 2985 880 3016 doceis
904 2981 1005 3016 Viris
1030 2990 1084 3016 est
1108 2983 1167 3015 ob-

50 3033 239 3060 servatum.-
270 3040 330 3072 quo
357 3037 503 3073 tempore
528 3031 692 3073 operandi
711 3033 865 3063 'licencia
887 3031 1005 3074 plum
1028 3041 1167 3062 errores

49 3076 204 3115 peperit,
229 3076 281 3108 nil
304 3083 414 3109 tamen
439 3077 520 3109 inde
544 3080 764 3119 contagionis
787 3086 1006 3119 promanasse
1033 3080 1067 3110 in
1090 3076 1118 3107 S
1123 3088 1168 3115 γ·-

52 3117 212 3152 nodorum
236 3123 403 3163 decreta,
428 3135 492 3166 (χιιι
519 3134 648 3166 semper
672 3124 718 3156 acl
742 3125 896 3164 pristinae
911 3143 922 3161 ‚
947 3125 989 3154 (ν’
1015 3124 1169 3156 incorru-

55 3170 119 3208 ptae
145 3171 339 3202 seueritatis
363 3171 552 3212 exemplum.
576 3173 767 3213 compositae
793 3175 974 3201 cernuntur
989 3190 997 3199 .

107 3215 151 3246 (αἵ
182 3211 270 3254 Ejus
295 3216 402 3250 verbs
425 3215 502 3249 'ha-c
529 3225 631 3249 sunt:
660 3215 907 3249 Nonnullamm
931 3227 973 3247 ex
994 3213 1174 3247 societate

6 3294 9 3299 y
57 3266 236 3289 sermon-c
263 3263 295 3291 in
323 3263 419 3296 rebus
443 3275 504 3307 pra
532 3266 630 3296 errim
657 3263 828 3296 admores
848 3261 1080 3306 spectantibus
1097 3262 1174 3304 plus

59 3315 163 3337 τιιτῐεκ»
196 3306 304 3337 lustra:
322 3329 331 3345 ‚
356 3321 420 3341 non
445 3312 542 3343 modo
567 3311 752 3353 periculum
780 3316 858 3350 est,
883 3321 924 3340 ne
951 3310 1057 3351 ipsam
1081 3318 1175 3340 ever*-

6 3364 14 3407 Ᾰί
62 3357 130 3386 tas..-
150 3376 159 3392 ,
189 3354 249 3384 seii
276 3365 314 3386 με
342 3353 509 3391 Ecclesia
534 3361 640 3393 etiam
652 3355 721 3391 Dei
737 3368 897 3392 univer-m
917 3357 1067 3401 insignia
1084 3353 1178 3400 ‹isse-

1215 201 1402 245 occupat.
1449 222 1474 240 ‚,
1508 192 1705 241 Fuerunt,
1735 197 1859 243 inquit
1889 199 1929 233 in
1961 194 2087 248 Praef.
2117 195 2177 235 De
2204 197 2339 237 Conse.

1218 277 1244 296 „
1274 245 1470 298 probabili
1500 250 1611 284 circa
1641 260 1711 284 an.
1748 249 1861 286 1660.
1892 263 1935 287 ex
1967 250 2242 289 recentioribus
2261 264 2337 288 non

1216 329 1242 349 „
1273 300 1413 351 pauci,
1455 300 1524 351 qui
1556 299 1758 338 levissimis
1788 302 1997 340 rationibus
2026 303 2127 341 ducti
2158 305 2336 356 antiquo·

1215 382 1242 402 „
1273 365 1359 391 rum
1388 352 1676 405 Theologorum
1719 355 1758 391 iu
1786 355 1975 405 opinando
2017 357 2254 394 severitatem
2278 382 2337 395 ....

1213 435 1240 455 ‚,
1270 405 1400 458 palam
1429 407 1511 445 ausi
1540 406 1791 457 suntscriptis
1806 409 1881 444 suis
1896 408 2147 445 condemnare
2166 434 2208 446 ...
2236 411 2337 448 Cum

1214 489 1239 507 „
1269 461 1374 498 enim
1404 459 1491 512 plus
1520 472 1634 512 aequo
1664 460 1803 507 famae,
1833 473 2023 512 vanaeque
2038 461 2085 497 de
2101 474 2169 498 sua
2197 462 2337 500 doctri-

1215 542 1242 560 „
1272 526 1321 551 na
1352 514 1640 552 existimationis
1660 522 1779 551 esseut
1795 513 1950 566 cupidi,
1981 514 2125 550 mirum
2156 522 2231 562 est,
2260 529 2338 565 quo

1215 594 1240 614 „
1273 567 1406 604 ardore
1424 596 1434 614 ,
1464 576 1575 620 atque
1604 567 1725 604 animi
1755 568 1994 605 contentione
2023 567 2072 604 ad
2101 568 2242 617 scripta
2271 582 2340 607 sua.

1219 621 1376 671 „typis
1419 620 1631 658 mandanda
1675 620 1986 658 incubuerint...
2036 619 2341 658 Innumerabiles

1219 701 1246 721 „
1276 681 1387 720 sunt,
1430 675 1498 726 qui
1528 688 1550 711 a
1581 673 1645 712 30.
1676 674 1784 711 annis
1827 677 1843 725 (
1873 673 2023 711 scilicet
2051 672 2214 724 quando
2245 670 2342 710 Pro-

1219 754 1244 774 „
1274 723 1501 765 babilismus
1521 725 1698 778 florebat
1715 726 2058 777 quammaxime)
2089 726 2262 764 Summis
2278 739 2341 764 ca-

1220 808 1246 827 „
1276 792 1416 828 suum,
1448 793 1654 831 rerumque
1686 780 1892 818 moralium
1923 779 2170 818 Tractatibus
2198 779 2344 818 biblio-

1218 860 1246 880 „
1278 831 1405 870 thecas
1435 833 1757 885 impleverunt...
1787 833 1893 880 Quid
1921 843 2050 871 autem
2081 833 2271 880 facerent,
2302 841 2345 872 ut

1218 914 1244 934 ,‚
1273 886 1322 924 ad
1338 887 1483 925 famam
1503 916 1512 934 ,
1533 900 1652 938 quam
1668 887 1958 939 aucupabantur
1975 916 1986 934 ‚
2017 884 2284 939 pervenirent?
2300 911 2346 924 ...

1217 967 1244 986 „
1275 938 1316 976 lu
1331 941 1526 991 opiniones
1558 939 1717 977 laxiores
1744 939 1899 988 oculos,
1930 941 2184 992 animumque
2212 938 2347 991 conje-

1219 1020 1244 1040 „
1274 1002 1436 1041 cerunt,
1483 994 1592 1045 gnari
1625 1007 1684 1031 eas
1714 1007 1794 1046 prae
1823 993 2004 1032 omuibus
2035 993 2180 1031 rudiori
2212 994 2344 1047 legen·

1219 1047 1372 1093 „tium
1403 1045 1517 1098 vulgo
1560 1048 1703 1085 mirum
1742 1047 1930 1099 placitura
1959 1072 2000 1085 ...
2050 1046 2143 1084 Vidi
2186 1060 2253 1098 ego
2295 1059 2345 1086 ex

1219 1127 1246 1146 „
1278 1097 1380 1137 hisce
1411 1100 1684 1139 recentioribus
1714 1099 1917 1138 nonnullos
1944 1102 2071 1148 viros,
2119 1101 2343 1152 ceteroquin

1222 1180 1249 1200 ,‚
1279 1154 1472 1205 egregios,
1503 1154 1571 1206 qui
1600 1167 1690 1191 cum
1722 1155 1761 1190 in
1791 1153 1904 1191 rebus
1933 1154 2075 1191 summi
2098 1155 2279 1191 momenti
2299 1152 2350 1192 ad

1222 1233 1249 1254 „
1280 1205 1353 1243 Dei
1383 1206 1505 1257 legem
1524 1236 1534 1253 ,
1583 1205 1617 1242 8t
1647 1207 1888 1244 conscientiae
1925 1206 2198 1257 obligationem
2228 1208 2348 1258 perti·

1225 1287 1251 1306 „
1282 1259 1463 1298 uentibus
1491 1259 1541 1297 ab
1572 1261 1747 1297 unanimi
1775 1261 1949 1298 omnium
1969 1260 2150 1297 sententia
2177 1260 2224 1297 ad
2253 1261 2351 1297 into-

1221 1341 1249 1360 „
1278 1311 1482 1351 lerabilem
1511 1313 1696 1365 opinandi
1718 1312 1911 1351 laxitatem
1932 1312 2207 1360 declinassent,
2237 1311 2348 1350 aliud

1222 1394 1249 1413 „
1278 1373 1432 1414 tamen,
1461 1379 1538 1418 quo
1567 1376 1836 1415 moverentur,
1878 1379 1955 1404 non
1985 1365 2202 1414 habebant,
2229 1378 2352 1417 quam

1222 1446 1248 1466 ,‚
1278 1428 1549 1470 argumentum
1579 1433 1601 1456 a
1629 1418 1750 1456 simili
1778 1420 1938 1458 ductum
1957 1445 1966 1456 .
1999 1418 2119 1467 Vidi,
2149 1418 2183 1455 &
2214 1419 2352 1456 exhor·

1225 1500 1251 1520 „
1282 1473 1344 1510 rui
1374 1472 1447 1511 &c.
1477 1472 1498 1487 '’
1541 1471 1690 1524 Dignus
1720 1481 1800 1521 est,
1831 1474 1900 1525 qui
1929 1481 2026 1510 totus
2056 1471 2201 1523 legatur
2230 1471 2352 1524 proli-

1222 1525 1306 1562 xior
1335 1525 1402 1563 ille
1431 1523 1572 1563 'Perilli
1603 1525 1708 1563 locus
1729 1555 1739 1573 ,
1784 1526 1851 1564 ubi
1883 1526 2104 1563 eorumdem
2134 1525 2353 1563 Probabili-

1227 1586 1372 1615 starum
1401 1578 1623 1616 audaciam
1652 1578 1866 1616 describere
1897 1580 2046 1631 pergit,
2076 1582 2213 1629 quiex
2243 1579 2354 1616 laxis

1228 1630 1480 1668 solutionibus
1510 1630 1565 1667 ad
1593 1631 1701 1668 alias
1730 1632 1909 1669 laxiores
1951 1635 2026 1668 iter
2053 1631 2151 1679 sibi,
2194 1644 2264 1669 seu
2292 1644 2356 1670 re-

1228 1687 1329 1720 ctius
1347 1714 1357 1731 ,
1399 1684 1450 1724 &
1479 1683 1550 1720 sibi
1578 1695 1630 1720 ac
1658 1684 1749 1721 aliis
1778 1688 2043 1734 praecipitium
2081 1693 2324 1735 aperuerunt
2341 1707 2356 1722 0

1227 1735 1431 1784 Quomodo
1459 1750 1548 1788 ergo
1576 1735 1662 1774 11ωο
1690 1736 1973 1775 levissimorum
2003 1735 2354 1776 Probabilistarum

1226 1789 1340 1828 turba
1369 1791 1460 1829 tanti
1490 1790 1576 1827 fieri
1606 1789 1656 1828 ab
1684 1789 1883 1843 aliquibus
1912 1799 2056 1842 potest,
2087 1800 2127 1829 111
2156 1791 2241 1829 iude
2263 1804 2355 1829 con-

1226 1842 1408 1892 cludant,
1445 1846 1668 1882 uuiversam
1698 1858 1793 1896 pene
1823 1843 2037 1883 Ecclesiam
2067 1844 2108 1884 in
2137 1843 2355 1884 Probabili-

1226 1909 1355 1936 smum
1383 1895 1648 1949 conspirasse?

1707 2000 1747 2054 §·
1804 2002 1873 2043 111.

1443 2106 1511 2149 De
1539 2107 1817 2148 Probabilismi
1845 2107 2131 2149 decremento.

1285 2214 1350 2267 37.
1367 2187 1476 2258 Post
1504 2217 1676 2256 medium
1698 2216 1797 2255 Saec.
1820 2214 1948 2255 XVII.
1977 2228 2067 2255 cum
2098 2215 2359 2257 intolerabiles

1226 2268 1402 2327 plurium
1425 2269 1771 2310 Probabilistarum
1793 2270 1964 2308 laxitates
1983 2271 2020 2309 in
2035 2271 2165 2309 oculos
2179 2273 2358 2310 omnium

1227 2337 1310 2376 jam
1338 2324 1596 2373 incurrerent,
1643 2333 1749 2363 atrox
1778 2323 1930 2364 bellum
1959 2333 2090 2365 contra
2118 2323 2355 2364 Probabilis-

2185 2392 2295 2418 mum

1230 2478 1310 2504 rant
1323 2471 1529 2506 detrimenta
1544 2492 1552 2502 .
1577 2471 1678 2504 Omni
1695 2473 1809 2515 itaque
1822 2472 1942 2505 studio
1953 2471 2161 2515 perficiant,
2179 2477 2215 2503 ut
2228 2472 2283 2514 qui
2297 2469 2360 2501 do·

1231 2526 1333 2557 cent,
1360 2519 1596 2562 scribamque,
1620 2521 1758 2551 minime
1784 2517 1850 2551 hac
1875 2520 2018 2562 regula,
2044 2523 2085 2550 (θ’
2111 2520 2273 2549 nov-main
2290 2516 2356 2546 cie-

1230 2566 1321 2598 Iectu
1349 2567 1594 2597 sententiarum
1619 2573 1779 2602 υῑαηειινς
1807 2567 1894 2596 tueri
1911 2566 1984 2607 quis
2008 2571 2122 2605 potest
2138 2577 2150 2600 ;
2174 2561 2355 2603 mutabile

1230 2618 1306 2644 est:
1332 2610 1485 2644 Doctore
1509 2623 1574 2645 non
1601 2619 1698 2645 caree
1713 2633 1721 2642 ·
1746 2608 1869 2643 Verum
1894 2611 1939 2642 ad
1957 2623 2016 2642 eas
2036 2612 2227 2642 sentencia·-
2252 2617 2354 2640 acce-

1231 2659 1341 2698 dunt,
1367 2670 1433 2690 ‹11ae
1461 2661 1628 2698 tutiores,
1655 2662 1697 2693 (⁹⁴
1723 2667 1787 2701 qux
1812 2660 2001 2699 graviorum
2018 2676 2028 2693 ,
2058 2655 2267 2699 majorisque
2293 2666 2354 2686 no-

1231 2709 1337 2738 minis
1364 2672 1550 2738 baccorum
1577 2705 1759 2747 suffragiis
1787 2710 1863 2735 sunt
1880 2701 2111 2744 fro-,ruentum
2136 2704 2210 2732 <5¹0-

1276 2752 1325 2790 (ὂ)
1354 2752 1509 2795 Quinam
1535 2751 1606 2785 sint
1632 2751 1697 2783 viri
1725 2749 1847 2787 docet,
1884 2747 1938 2780 vel
1966 2749 2118 2789 imperiti
2147 2744 2188 2778 ad
2216 2756 2358 2780 sensum

1233 2798 1452 2831 caramuelis
1469 2820 1480 2838 ‚
1504 2797 1624 2840 colligi
1652 2803 1762 2840 potest
1789 2806 1831 2827 ex
1858 2794 1900 2826 iis
1919 2814 1930 2833 ‚
1965 2804 2043 2837 quae
2069 2792 2210 2836 scripsit
2237 2792 2272 2824 in
2296 2790 2359 2825 de-

1234 2843 1388 2876 fensione
1415 2844 1510 2877 illius
1536 2842 1734 2880 doctrinm,
1759 2851 1835 2884 quae
1864 2839 1930 2872 fuit.
1957 2847 2078 2883 postea
2097 2838 2141 2872 ab
2155 2839 2242 2871 Alex
2254 2837 2358 2872 1111110

1235 2889 1313 2921 Vll.
1339 2888 1504 2922 damnata
1532 2900 1587 2922 an·
1609 2887 1711 2920 1565.
1739 2897 1835 2918 num.
1867 2897 1946 2927 17.‚
1973 2896 2096 2928 nempe
2123 2884 2262 2917 licitum
2281 2896 2356 2918 esse

1236 2934 1450 2978 Religiosis,
1474 2933 1689 2968 velCler-icis
1716 2932 1991 2965 calumniatores
2009 2929 2192 2970 occidere,
2217 2929 2359 2975 quando

1235 2981 1323 3014 alius
1350 2981 1472 3015 modus
1498 2993 1533 3014 se
1558 2977 1762 3013 defendendi
1791 2989 1857 3011 non
1884 2978 2062 3022 suppetit.
2094 2974 2199 3010 Hanc
2222 2979 2359 3010 duceri-

1236 3040 1310 3060 nam
1326 3047 1337 3066 ,
1365 3027 1479 3071 inquit
1506 3025 1716 3064 caramuel,
1742 3036 1820 3057 ecse
1847 3036 1957 3057 ueram
1973 3035 2149 3058 censemus
2162 3036 2276 3057 omnes
2295 3025 2359 3056 clo-

1236 3077 1285 3106 cti
1316 3084 1323 3110 χ
1347 3071 1463 3107 Theol-
1481 3073 1702 3117 fundament.
1731 3068 1828 3104 fund.
1857 3070 1914 3104 55.
1941 3083 1975 3103 n.
2002 3070 2035 3104 6.
2064 3077 2104 3107 ).
2132 3071 2296 3104 Ceterum
2315 3067 2360 3102 de

1239 3119 1482 3153 Probabilismi
1510 3117 1746 3157 adversariis,
1785 3116 1846 3161 qui
1872 3116 1916 3150 111)
1939 3115 2018 3161 ejus
2056 3126 2134 3151 ortu
2169 3125 2278 3160 usque
2315 3113 2359 3149 ad

1240 3165 1393 3200 inedium
1422 3167 1507 3199 Saec.
1537 3164 1647 3198 xvn.
1690 3163 1859 3197 continua
1885 3164 2104 3197 successione
2143 3163 2360 3200 floruerunt,

1241 3211 1312 3245 vid.
1340 3219 1468 3254 praeter
1497 3210 1569 3253 jam
1597 3207 1686 3243 laud¹
1714 3210 1905 3244 Concinsm
1932 3210 1967 3243 in
1993 3209 2091 3243 Hist.
2121 3208 2219 3242 Proh.
2247 3208 2290 3240 Τ.
2318 3208 2358 3244 1.,

1244 3257 1382 3292 Pamzzi
1421 3257 1458 3290 P.
1485 3258 1545 3290 111.
1588 3266 1662 3301 cap.
1694 3257 1726 3290 3.
1765 3259 1797 3299 §-
1828 3267 1856 3289 1.
1878 3277 1891 3298 ,
1931 3256 2127 3290 Merhesius
2166 3256 2198 3287 in
2227 3254 2361 3286 Sinn'rza

1245 3304 1381 3339 Christ.
1406 3304 1442 3338 P.
1468 3304 1524 3346 1..
1563 3305 1596 3339 &
1619 3303 1793 3339 Antonius
1819 3302 1968 3339 Charias
1992 3302 2050 3338 De
2085 3300 2275 3345 opinionum
2299 3299 2361 3332 de-

1244 3353 1336 3388 tectu
1356 3371 1368 3385 ·
