2562 3694
238 136 291 174 50
783 125 872 170 DE
907 118 1045 168 ACT.
1080 124 1236 168 HUM.
1282 123 1549 167 DISSERT.
1572 126 1650 169 ΙΙΙ.
1687 128 1817 173 CAP.
1839 129 1873 171 Ι.

236 221 272 245 2.
303 206 361 243 Ex
391 205 450 243 his
481 212 583 256 patet
611 207 766 254 primo,
815 206 1086 243 conscientiam
1115 217 1189 242 non
1220 217 1296 242 esse

179 261 410 313 potentiam,
460 272 530 295 nec
559 258 765 305 habitum,
813 259 876 296 sed
914 268 1040 296 actum
1085 256 1297 296 intellectus

179 315 364 366 practici,
409 321 449 349 ut
478 312 621 350 ibidem
652 312 691 349 S.
722 312 891 350 Thomas
921 313 1049 350 docet:
1097 309 1294 355 secundo,

178 367 448 404 conscientiam
479 380 500 403 a
529 367 722 418 synderesi
753 365 936 411 differre;
986 365 1067 402 haec
1098 365 1199 400 enim
1243 369 1297 399 est

177 420 331 458 habitus
362 419 566 467 naturalis,
596 419 823 470 generaliter
852 419 1020 465 dictans,
1050 417 1196 453 bonum
1218 427 1296 452 esse

176 475 512 527 prosequendum,
556 474 702 511 malum
734 481 859 510 autem
891 469 1190 509 declinandum.
1240 468 1294 506 Ita

176 527 217 564 S.
249 528 416 565 Thomas
448 528 477 564 Ι.
507 526 547 565 P.
578 536 713 579 quaest.
747 539 809 576 70.
840 533 909 561 art.
945 535 1032 578 32.;
1061 522 1295 571 conscientia

175 594 266 619 vero
294 590 401 619 actus
431 589 507 628 est,
538 594 613 632 quo
644 582 808 631 practice
829 578 913 628 quis
943 574 1115 625 judicat,
1147 574 1216 611 hoc
1239 589 1294 612 es-

174 648 214 672 se
245 634 549 686 prosequendum
568 663 577 680 ,
607 635 698 683 quia
726 632 868 669 bonum
888 657 898 675 ,
929 628 1036 665 aliud
1056 640 1146 665 vero
1173 628 1293 665 decli-

173 689 347 726 nandum
367 718 376 734 ,
407 690 496 738 quin
528 686 705 722 malum.
735 684 810 720 Hic
839 690 943 719 actus
973 682 1001 718 si
1023 682 1127 718 circa
1156 688 1293 733 praete-

175 745 266 780 ritas
295 742 459 779 actiones
489 746 683 785 versetur,
726 736 865 772 dicitur
894 735 1125 772 conscientia
1156 747 1293 772 conse-

174 808 328 845 qnens‚·
357 796 384 830 si
417 792 591 843 respiciat
620 799 723 827 actus
740 789 884 826 futuros
902 818 911 836 ,
941 788 1082 825 dicitur
1097 789 1293 827 conscien-

173 851 225 886 tia
256 844 527 887 antecedens;
557 857 599 881 ac
630 844 797 894 denique
814 844 1111 890 concomitans,
1141 842 1294 893 quando

173 911 299 940 actum
328 899 555 938 comitatur.
607 896 704 934 Hinc
734 894 1001 946 intelliguntur
1031 892 1090 933 illi
1119 908 1293 934 commu-

172 969 236 992 nes
266 951 445 1003 loquendi
476 951 603 997 modi,
647 949 792 988 scilicet
821 949 1091 988 conscientiam
1136 949 1292 1001 ligare,

172 1006 408 1058 teszs'sicczri,
438 1015 633 1042 accusare
663 1004 750 1044 &a

225 1061 262 1098 5.
293 1058 406 1096 Porro
437 1057 638 1108 multiplex
668 1066 719 1096 est
740 1055 1159 1101 conscientiaedivisi03
1190 1069 1291 1108 prae-

172 1114 285 1166 cipue
315 1121 441 1150 autem
472 1111 607 1164 partiri
636 1109 728 1148 solet
756 1114 885 1161 primo
927 1123 972 1147 ex
1003 1117 1109 1161 parte
1145 1108 1290 1161 objecti

169 1169 208 1204 in
237 1175 378 1204 rectam
397 1196 407 1213 ,
438 1164 472 1201 8<
503 1177 726 1210 erroneam3
756 1162 930 1201 secundo
961 1165 1104 1202 ratione
1121 1177 1290 1202 assensus

168 1221 354 1258 dividitur
382 1220 422 1257 in
452 1227 598 1257 certam
615 1248 626 1266 ,
658 1217 691 1253 &
719 1217 880 1256 dubiam
898 1247 908 1265 ,
938 1217 977 1255 iu
998 1215 1259 1269 scrupulosam
1277 1248 1289 1266 ,

169 1274 204 1309 ἀ
233 1273 383 1321 laxam,
415 1273 452 1310 in
470 1270 711 1324 probabilem
732 1270 765 1307 &
783 1269 1082 1322 improbabilem
1101 1300 1112 1318 ,
1141 1270 1187 1307 de
1203 1272 1289 1323 qui-

167 1326 240 1365 bus
267 1327 503 1366 conscientiae
534 1324 805 1378 partitionibus
825 1324 998 1363 distincte
1015 1323 1204 1376 agendum
1219 1333 1286 1363 est.

527 1431 559 1469 C
590 1432 621 1469 A
651 1429 679 1468 P
706 1430 745 1469 U
774 1429 810 1468 Τ
892 1430 925 1468 Ι.

310 1537 376 1579 De
408 1538 664 1579 Conscientia
692 1544 806 1576 recta
823 1567 833 1586 ‚
863 1536 914 1578 ἴθ’
943 1548 1143 1575 erronea.

224 1646 262 1693 4.
283 1620 345 1686 Si
375 1646 477 1698 quod
505 1644 733 1684 conscientia
763 1644 982 1682 faciendum
1001 1672 1011 1691 ,
1060 1642 1120 1680 vel
1152 1643 1294 1681 evitan-

169 1700 262 1738 dum
291 1700 426 1747 dictat,
474 1700 519 1736 sit
549 1700 673 1748 reipsa
701 1706 996 1735 cousentaneum
1028 1705 1180 1733 aeternae
1219 1695 1294 1746 legi

169 1753 273 1801 Dei,
321 1766 408 1805 quae
441 1753 568 1803 prima
596 1749 728 1801 regula
758 1758 835 1798 est,
884 1749 1113 1786 couscientia
1152 1749 1292 1786 dicitur

169 1816 312 1845 recta:
343 1808 400 1844 sin
429 1818 518 1843 vero
546 1804 826 1841 dissentaneum
857 1803 903 1840 sit
921 1832 931 1850 ,
980 1802 1212 1840 conscientia
1241 1811 1293 1841 est

166 1872 368 1899 erronea.
415 1858 529 1896 Porro
559 1865 720 1908 utraque
758 1857 1013 1903 conscientia,
1056 1863 1133 1893 tam
1166 1865 1293 1904 recta,

167 1927 286 1965 quam
317 1925 447 1951 errans
476 1909 646 1961 obligat;
675 1911 885 1948 certissime
899 1909 1003 1947 enim
1022 1917 1175 1959 peccat,
1205 1911 1292 1960 qui-

166 1979 336 2017 cumque
365 1973 495 2003 contra
525 1963 796 2001 conscientiam
827 1963 927 2013 agit,
956 1961 1104 1998 dicente
1135 1962 1293 2013 Aposto-

168 2018 208 2057 lo
236 2020 284 2058 ad
315 2018 425 2056 Rom.
455 2016 563 2056 XIV.
595 2015 659 2055 23.
712 2014 846 2053 Omne
888 2012 990 2065 quod
1025 2027 1106 2051 non
1149 2023 1207 2052 est
1237 2028 1290 2053 ea:

153 2071 249 2125 fide
279 2071 381 2115 (hoc
410 2079 462 2110 est
490 2083 535 2107 ex
565 2068 934 2119 c011scientia(a)),
965 2076 1172 2120 peccatum
1203 2077 1291 2114 est,-

169 2128 218 2167 &
248 2120 460 2178 quidquid,
492 2123 550 2177 fit
577 2132 721 2161 contra
751 2125 1068 2171 conscientiam,
1111 2121 1291 2175 aedificat

166 2179 223 2218 ad
252 2179 511 2232 gehennam,
540 2186 580 2215 ut
609 2177 712 2216 addit
733 2177 972 2215 Innocentius
993 2177 1059 2214 ΙΙΙ.
1088 2176 1183 2226 Cap.
1205 2175 1291 2214 Lit-

167 2243 278 2271 teras
307 2233 352 2270 de
382 2233 496 2270 restit.
535 2230 631 2282 spol.
661 2229 750 2268 Lib.
788 2243 847 2268 ιι.
888 2238 960 2268 art.
996 2229 1058 2267 15.
1106 2229 1220 2267 Unde
1248 2230 1291 2268 S.

170 2285 340 2325 Thomas
368 2283 607 2332 dicendum,
650 2284 778 2336 inquit
812 2297 845 2321 ι.
878 2297 915 2321 2.
944 2292 1080 2336 quaest.
1116 2295 1178 2334 19.
1216 2292 1290 2322 art.

167 2339 208 2385 4.
238 2338 340 2391 quod
368 2337 598 2388 simpliciter
625 2340 756 2374 omnis
785 2337 966 2376 voluntas
994 2336 1232 2375 discordans
1261 2350 1290 2375 a.

166 2396 352 2441 ratione,
400 2395 478 2430 sive
506 2399 618 2428 recta
635 2420 646 2438 ,
693 2394 773 2428 sive
802 2400 966 2429 errante
988 2421 1000 2439 ,
1046 2402 1206 2440 semper
1232 2399 1292 2429 est

166 2447 314 2485 mala:
342 2445 376 2483 8(
406 2444 564 2498 quidem
592 2444 639 2481 de
667 2443 861 2483 voluntate
889 2444 1128 2483 discordante
1148 2459 1171 2482 a
1199 2458 1290 2482 cou-

168 2501 326 2540 scientia
354 2509 484 2547 recta,
515 2511 573 2535 res
602 2510 671 2549 per
700 2511 738 2535 se
769 2496 968 2550 loquitur,
999 2511 1069 2536 nec
1099 2497 1221 2536 multa
1249 2511 1290 2536 o-

167 2555 317 2593 ratione
331 2565 426 2605 opus
441 2560 493 2590 est
507 2576 519 2589 .
549 2551 739 2590 Graviora
754 2559 883 2589 autem
899 2565 975 2588 esse
995 2561 1149 2602 peccata
1167 2581 1177 2599 ,
1198 2566 1289 2604 quae

166 2615 298 2646 contra
314 2606 584 2645 conscientiam
600 2613 740 2643 rectam
755 2604 854 2642 fiunt
868 2634 880 2653 ‚
912 2604 1085 2642 Christus
1100 2606 1291 2644 Dominus

169 2661 271 2699 clare
299 2661 427 2698 docuit
457 2660 504 2698 iis
530 2658 660 2698 verbis
687 2659 788 2710 apud
806 2659 900 2696 Luc.
919 2657 1006 2695 XII.
1023 2658 1088 2710 47.
1119 2658 1289 2707 Servus,

168 2719 232 2763 qui
274 2717 451 2767 cognorit
493 2713 741 2751 voluntatem
769 2710 936 2749 Domini
963 2715 1023 2749 sui
1130 2712 1179 2752 ὠ
1209 2725 1290 2749 ηοη

165 2765 271 2817 ‚fecit
290 2767 508 2805 secundum
523 2767 767 2805 voluntatem
783 2768 892 2819 ejus,
923 2764 1121 2816 vapulabit
1143 2766 1290 2804 multis.

227 2820 263 2857 5.
293 2820 511 2859 Difficultas
540 2821 694 2860 fortasse
723 2833 799 2858 esse
829 2819 963 2872 poterit
982 2819 1029 2857 de
1058 2821 1290 2857 conscientia

170 2880 347 2918 errante3
376 2875 438 2912 sed
467 2873 713 2913 recolendum
744 2883 796 2912 est
823 2887 870 2912 ex
890 2874 1062 2926 superius
1092 2872 1291 2924 explicatis

169 2927 217 2964 de
246 2926 459 2976 ignorantia
487 2942 574 2981 cap.
604 2927 673 2966 Vl.
717 2927 877 2966 Dissert.
907 2928 939 2966 Ι.
981 2926 1130 2965 dnobus
1170 2928 1290 2965 modis

170 2979 443 3017 conscientiam
470 2995 667 3020 erroneam
697 2996 774 3020 esse
804 2994 938 3034 posse,
968 2990 1032 3020 aut
1061 2980 1289 3018 invincibili-

171 3042 254 3081 ter,
284 3031 318 3067 δι
348 3032 425 3069 siue
452 3033 590 3085 culpa:
631 3044 695 3073 aut
725 3034 978 3083 vincibiliter,
1022 3035 1056 3071 δε
1086 3048 1174 3072 cum
1205 3035 1287 3072 cul-

170 3100 246 3138 pa.
276 3084 319 3124 Si
346 3085 588 3125 conscientiae
619 3101 722 3127 error
741 3090 787 3127 sit
802 3088 1041 3130 invincibilis
1058 3118 1069 3137 ,
1097 3097 1180 3127 tum
1200 3102 1287 3127 eam

225 3269 273 3305 (a)
297 3264 412 3298 Potest
437 3261 579 3308 quidem
604 3262 661 3297 hic
688 3274 803 3301 textus
829 3269 980 3314 intelligi
1017 3268 1058 3302 de
1083 3267 1150 3302 fide
1187 3268 1287 3303 theo-

175 3311 308 3356 logica,
336 3308 630 3356 quemadmodum
650 3313 681 3342 &
699 3324 717 3343 a
731 3316 857 3348 Sancto
871 3317 1086 3360 Augustino,
1113 3320 1145 3349 ἃ
1163 3328 1182 3349 a
1200 3327 1288 3349 non-

174 3359 280 3392 nullis
307 3359 385 3394 aliis
410 3356 572 3392 Patribus
598 3356 796 3392 intellectus
822 3361 912 3394 fuit:
956 3363 1045 3401 nihil
1071 3372 1189 3398 tamen
1219 3363 1287 3396 im-

1363 212 1559 254 sequentes
1588 204 1637 242 ab
1657 207 1763 244 omni
1780 207 1896 259 culpa
1916 207 2108 247 immunes
2123 206 2287 257 erimus,
2317 207 2358 248 S.
2375 207 2479 249 Tho-

1363 269 1444 293 mas
1476 256 1618 303 Quodl.
1649 256 1688 295 8.
1720 268 1791 297 art.
1826 260 1887 298 15.

1416 307 1455 346 6.
1485 310 1527 348 Si
1557 322 1646 347 vero
1673 313 1903 351 conscientia
1945 314 1992 352 sit
2019 313 2247 353 vincibiliter
2289 327 2446 354 erronea
2464 346 2477 364 ,

1363 370 1494 413 peccat
1522 361 1638 400 homo
1665 372 1740 401 tam
1773 366 1988 418 sequendo,
2030 381 2149 419 quam
2177 381 2252 406 non
2288 370 2480 421 sequendo

1363 415 1446 466 ejus
1475 414 1664 466 judicium
1684 446 1695 464 ,
1724 419 1826 469 quod
1854 417 1930 470 legi
1958 423 2190 458 contrarium
2221 429 2300 459 est.
2348 421 2480 460 Prima

1363 483 1450 521 pars
1481 467 1598 506 facile
1624 478 1754 521 patet,
1796 474 1890 522 quia
1919 484 2022 509 error
2051 482 2175 525 utpote
2212 474 2448 514 voluntarius
2466 505 2478 523 ‚

1363 535 1439 560 non
1470 531 1647 568 excusam
1675 525 1840 562 secunda
1870 538 1956 576 pars
1986 526 2100 564 etiam
2129 536 2229 565 certa
2258 538 2338 577 est,
2385 532 2478 581 quia

1364 584 1404 612 ut
1440 574 1479 612 S.
1511 575 1679 614 Thomas
1714 590 1748 614 1.
1781 590 1815 614 2.
1860 586 1994 629 quaest.
2031 591 2090 630 ι9.
2135 582 2243 619 artic.
2281 582 2319 619 5.
2361 584 2407 620 ad
2441 596 2478 619 2.

1360 629 1505 680 inquit:
1548 628 1721 678 Quando
1749 633 1853 667 ratio
1881 643 2025 668 errans
2052 637 2230 682 proponit
2259 635 2408 686 aliquid
2437 643 2478 672 nt

1359 691 1603 734 praeceptum
1633 681 1739 730 Dei,
1781 691 1875 719 tunc
1905 687 2012 721 idem
2040 694 2098 721 est
2135 694 2391 726 contemnere
2420 688 2477 726 clt-

1361 745 1527 773 ctamen
1557 739 1751 785 rationis,
1779 736 1829 776 <²9⁴
1846 735 1924 774 Dei
1942 745 2184 786 praeceptum
2201 764 2210 775 .
2241 739 2475 779 Diversimo-

1359 789 1407 826 de
1435 797 1585 838 tamen,
1615 792 1666 828 ait
1695 790 1902 842 Angelicus
1932 789 2153 838 Qu.XVlI.
2184 790 2230 828 cie
2254 789 2376 831 Verit.
2404 804 2477 833 art.

1362 841 1399 881 3.
1417 872 1427 889 ,
1458 852 1570 880 recta
1600 847 1874 891 conscientia,
1903 843 1953 883 ἔν
1981 855 2150 882 erronea
2180 845 2305 897 ligat.
2351 845 2478 885 Recta

1360 894 1517 946 quidem
1550 897 1647 949 ligat
1675 897 1927 949 simpliciter,
1956 898 2006 936 ὠ
2024 910 2094 948 per
2113 911 2182 946 se,
2213 910 2383 937 erronea
2404 913 2476 937 au-

1360 957 1442 987 tem
1471 950 1689 988 secundum
1719 949 1837 1003 quid,
1866 951 1920 990 &-
1946 963 2014 1002 per
2041 950 2262 989 accidens.

1416 1017 1453 1054 7.
1482 1003 1615 1056 Neque
1645 1017 1734 1042 vero
1763 1005 1851 1057 quis
1878 1013 2050 1056 regerat,
2095 1004 2292 1044 hominem
2311 1035 2322 1054 ,
2364 1006 2394 1044 si
2425 1007 2478 1045 ita

1361 1069 1418 1094 res
1448 1057 1655 1107 sehabet,
1704 1059 1812 1096 fatali
1855 1058 2023 1109 quadam
2066 1060 2282 1097 necessitate
2325 1073 2402 1098 esse
2431 1061 2479 1098 ad

1358 1111 1598 1161 peccandum
1629 1111 1876 1150 adstrictum.
1925 1112 1997 1150 Ista
2026 1113 2128 1150 enim
2171 1114 2371 1151 necessitas
2407 1126 2482 1151 non

1359 1173 1410 1202 est
1439 1164 1611 1202 absoluta
1630 1194 1640 1213 ,
1670 1165 1734 1203 sed
1755 1163 2028 1217 hypothetica,
2058 1178 2135 1203 non
2151 1165 2302 1214 fatalis,
2331 1168 2393 1205 sed
2416 1179 2481 1204 vo-

1357 1214 1555 1266 luntaria,
1603 1232 1625 1255 a
1653 1232 1731 1270 qua
1761 1227 1878 1270 potest
1921 1217 2036 1256 homo
2074 1232 2112 1257 se
2141 1219 2256 1257 facile
2286 1219 2479 1268 liberare,

1358 1283 1484 1309 errore
1514 1284 1587 1310 non
1616 1271 1767 1309 levibus
1795 1271 1843 1309 de
1870 1273 2020 1320 causis,
2050 1271 2084 1307 δι
2113 1273 2192 1310 sine
2221 1274 2387 1321 ratione,
2417 1272 2481 1310 sed

1357 1322 1455 1374 justa
1473 1354 1483 1372 ,
1512 1326 1700 1377 gravique
1729 1323 2030 1362 consideratione
2059 1325 2227 1375 deposito
2244 1351 2255 1362 .
2285 1325 2348 1362 Sic
2370 1339 2482 1363 nemo

1359 1376 1526 1424 dixerit,
1557 1386 1817 1429 peccatorem,
1847 1378 1917 1429 qui
1947 1377 2165 1429 resipiscere
2185 1390 2259 1414 non
2280 1377 2383 1425 vult,
2412 1379 2482 1415 du-

1360 1442 1402 1466 ra
1420 1459 1430 1477 ,
1475 1430 1662 1483 fatalique
1691 1431 1907 1468 necessitate
1936 1431 2157 1468 adstrictum
2200 1444 2277 1468 esse
2306 1430 2352 1467 ad
2382 1439 2484 1482 prae-

1360 1492 1513 1535 ceptum
1541 1484 1588 1521 de
1617 1483 1793 1523 Paschali
1822 1484 2094 1521 communione
2114 1483 2361 1529 violandum3
2391 1485 2485 1536 quia

1359 1537 1399 1574 in
1430 1536 1513 1588 ejus
1543 1546 1721 1589 potestate
1751 1545 1804 1574 est
1831 1551 1922 1575 cum
1951 1537 2084 1588 gratiae
2113 1536 2187 1575 Dei
2231 1535 2377 1575 auxilio
2417 1550 2486 1589 per

1360 1591 1624 1641 poenitentiam
1655 1605 1694 1628 se
1734 1590 1782 1627 ad
1815 1589 2140 1627 sacramentalem
2168 1591 2482 1629 communionem

1361 1643 1562 1694 disponere
1581 1670 1591 1681 .
1622 1643 1713 1681 Vid.
1743 1643 1783 1681 S.
1815 1641 1983 1681 Thomas
2011 1642 2158 1692 Quaest.
2179 1642 2306 1680 XVII.
2336 1642 2384 1681 cle
2407 1642 2483 1682 Ve-

1363 1698 1429 1733 rit.
1460 1705 1531 1734 art.
1561 1695 1600 1741 4.
1631 1697 1678 1734 ad
1707 1695 1748 1734 8.

1417 1748 1457 1786 8.
1488 1748 1646 1796 Quaeres
1676 1750 1708 1787 I.
1737 1748 1886 1796 Quale,
1915 1763 1961 1788 ac
1990 1758 2178 1801 quantum
2206 1749 2254 1786 sit
2283 1758 2485 1801 peccatum

1358 1815 1469 1854 agere
1498 1812 1627 1842 contra
1656 1803 1928 1841 conscientiam
1958 1801 2183 1841 errantem?

1415 1868 1455 1907 9.
1486 1854 1599 1908 Resp.
1631 1865 1829 1909 peccatum
1859 1855 1933 1894 tale
1976 1869 2127 1907 prorsus
2164 1869 2268 1904 esse,
2315 1855 2431 1908 quale
2459 1869 2482 1893 a

1360 1910 1593 1948 conscientia
1622 1920 1768 1948 errante
1807 1909 1902 1948 falso
1931 1911 2199 1955 existimatur3
2245 1908 2357 1961 cujus
2401 1909 2484 1947 haec

1361 1962 1458 2000 ratio
1485 1972 1566 2011 est,
1612 1978 1730 2016 qnam
1761 1965 1924 2015 assignat
1952 1962 1993 2001 S.
2023 1962 2193 2001 Thomas
2236 1963 2276 2000 in
2307 1963 2354 2000 11.
2386 1962 2486 2002 Dist.

1362 2015 1428 2068 59.
1457 2024 1596 2068 quaest.
1627 2017 1666 2055 5.
1696 2025 1767 2055 art.
1798 2017 1835 2056 5.
1865 2017 1912 2055 ad
1943 2016 2006 2056 5.:
2053 2046 2081 2065 „
2108 2016 2349 2054 Conscientia
2384 2015 2484 2053 obli-

1361 2097 1388 2117 „
1417 2079 1505 2119 gat,
1534 2083 1611 2108 non
1640 2071 1779 2109 virtute
1809 2071 1991 2123 propria,
2030 2071 2095 2108 sed
2124 2070 2264 2107 virtute
2294 2070 2481 2121 praecepti

1360 2151 1387 2170 „
1417 2121 1576 2169 Divini3
1606 2137 1678 2162 non
1709 2125 1814 2162 enim
1843 2124 2068 2162 conscientia
2083 2123 2200 2160 dictat
2218 2152 2228 2170 ,
2257 2122 2406 2174 aliquid
2429 2136 2485 2160 es-

1359 2204 1386 2224 „
1417 2189 1456 2213 se
1484 2177 1705 2215 faciendum
1736 2176 1807 2215 hac
1835 2178 2006 2223 ratione,
2055 2177 2148 2227 quia
2184 2175 2258 2213 sibi
2303 2177 2482 2223 videtur,

1360 2256 1386 2277 ‚,
1416 2230 1479 2267 sed
1509 2229 1580 2268 hac
1609 2231 1781 2278 ratione,
1829 2231 1921 2282 quia
1950 2244 1972 2267 a
2001 2228 2084 2267 Deo
2125 2236 2365 2281 praeceptum
2409 2241 2482 2267 es::

1358 2311 1385 2332 „
1415 2284 1514 2321 unde
1543 2297 1613 2337 per
1655 2284 1830 2322 accidens
1873 2296 1918 2321 ex
1947 2284 2085 2322 virtute
2115 2282 2250 2322 Divini
2296 2283 2481 2334 praecepti

1359 2365 1386 2385 „
1418 2336 1590 2389 obligat,
1620 2337 1850 2389 inquantum
1879 2337 1994 2375 dictat
2024 2335 2123 2384 hoc,
2173 2345 2212 2374 ut
2241 2345 2482 2389 praeceptum

1359 2419 1386 2439 ,,
1415 2390 1538 2430 aDeo
1567 2390 1590 2406 ’³
1608 2417 1619 2429 .
1649 2391 1752 2429 Hinc
1780 2391 1850 2444 qui
1881 2403 1961 2428 rem
1982 2390 2178 2442 propriam
2199 2390 2378 2442 surripit,
2410 2403 2481 2441 pu-

1357 2451 1438 2482 tans
1469 2458 1546 2484 esse
1575 2444 1771 2492 alienam,
1802 2457 1878 2482 non
1909 2445 2036 2482 minus
2067 2444 2158 2481 furti
2188 2455 2272 2482 reus
2303 2444 2396 2491 erit,
2433 2455 2478 2480 ac

1357 2498 1389 2536 si
1418 2497 1588 2536 alienam
1617 2499 1887 2551 surripuisset.
1918 2497 2018 2535 Hinc
2035 2496 2149 2534 etiam
2167 2497 2360 2548 sequitur,
2391 2509 2481 2546 pec-

1357 2564 1445 2589 care
1475 2550 1691 2600 lethaliter,
1740 2552 1809 2604 qui
1838 2550 1936 2589 illud
1967 2550 2084 2597 facit,
2131 2550 2233 2602 quod
2263 2562 2307 2586 ex
2351 2562 2480 2587 errore

1358 2613 1465 2656 putat
1493 2618 1649 2657 gravem
1680 2617 1759 2643 esse
1788 2604 1972 2656 culpam,
2003 2604 2182 2655 quamvis
2198 2604 2238 2640 in
2260 2616 2296 2639 se
2326 2603 2479 2641 nonnisi

1357 2657 1454 2696 lev-'rs
1482 2659 1598 2711 culpa
1629 2660 1701 2697 sit.
1748 2658 1790 2696 Si
1821 2666 1948 2696 tamen
1977 2665 2110 2695 contra
2151 2657 2237 2709 quis
2267 2669 2311 2693 ex
2354 2669 2481 2694 errore

1359 2721 1506 2764 putaret
1536 2712 1620 2750 leve
1649 2726 1725 2750 esse
1755 2721 1980 2764 peccatum,
2028 2710 2129 2763 quod
2160 2712 2199 2747 in
2230 2724 2268 2748 se
2313 2718 2364 2747 est
2393 2723 2478 2761 gra-

1358 2779 1431 2814 ve,
1475 2779 1552 2804 non
1583 2766 1764 2804 continuo
1792 2773 2009 2817 sequeretur
2028 2794 2038 2812 ,
2086 2777 2174 2801 eum
2204 2763 2385 2802 duntaxat
2415 2777 2478 2802 ve·-

1357 2819 1511 2858 nialiter
1542 2833 1727 2872 peccare,
1757 2819 1820 2857 sed
1851 2818 2088 2856 distinctione
2102 2830 2197 2870 opus
2216 2825 2289 2855 est:
2317 2818 2479 2869 Siigno-

1357 2874 1481 2912 rantia
1509 2874 1554 2911 sit
1585 2871 1848 2919 invincibilis,
1888 2873 2018 2924 utique
2049 2882 2246 2924 peccatum
2278 2884 2350 2909 non
2381 2872 2477 2916 erit,

1357 2928 1432 2965 nisi
1461 2926 1641 2972 veniale3
1684 2939 1789 2963 secus
1818 2934 1945 2963 autem
1963 2954 1974 2972 ‚
2019 2926 2049 2963 si
2081 2926 2294 2977 ignorantia-
2319 2925 2365 2962 sit
2393 2923 2476 2962 vin-

1359 2979 1490 3018 cibilis
1507 3005 1517 3017 .

1417 3047 1477 3070 ιο.
1507 3032 1579 3069 Sed
1609 3031 1723 3085 quid,
1753 3032 1782 3069 si
1814 3034 2047 3071 conscientia
2081 3033 2221 3080 dictet,
2251 3039 2379 3068 actum
2415 3042 2471 3065 es-

1355 3098 1395 3125 se
1423 3095 1645 3139 peccatum,
1693 3099 1769 3124 non
1799 3099 1888 3125 vero
1916 3088 2164 3125 determinate
2204 3082 2362 3122 mortale
2405 3089 2470 3121 aut

2352 3150 2416 3175 ve-

1352 3265 1470 3313 pedst,
1498 3267 1584 3313 quin
1610 3267 1715 3301 etiam
1742 3265 1784 3298 de
1809 3266 2020 3300 conscientia
2038 3275 2116 3297 cum
2134 3264 2167 3295 S.
2185 3262 2319 3296 Thoma
2336 3284 2347 3304 ‚
2372 3262 2468 3297 aliis-

1352 3326 1419 3359 que
1446 3315 1633 3354 Patribus,
1658 3321 1762 3356 atque
1789 3312 2037 3358 interpretibus
2062 3310 2305 3356 intelllgatur.
