2562 3694
843 112 1231 162 REFELLITUR
1263 107 1774 156 PROBABILISMUS.

157 219 192 255 5,
216 211 365 243 eertum
393 209 471 251 est,
500 208 576 240 esse
605 191 861 248 idolothytum
879 227 889 245 ,
927 206 991 234 aut
1019 203 1169 233 certum
1198 202 1281 242 est,

159 286 189 307 υ
219 271 292 297 non
313 272 416 304 esse,
445 262 508 293 aut
537 254 756 303 ignoratur:
784 250 827 289 Si
857 263 945 302 ergo
973 259 1132 287 certum·
1151 257 1203 286 est
1225 261 1283 286 es-

162 340 191 360 „
219 327 257 349 se
278 341 289 360 ‚
318 309 460 349 melius
483 305 694 345 christiana
720 306 858 344 virtute
887 305 1110 356 respuitur:
1153 303 1183 340 si
1213 316 1282 340 au-

161 394 190 415 „
217 373 296 403 tem
322 361 383 402 vel
403 372 482 399 nou
508 374 586 398 esse
605 361 721 398 scitur
739 388 749 407 ,
780 358 841 397 vel
871 359 1062 409 ignoratur
1080 385 1091 404 ‚
1121 356 1199 393 sine
1223 354 1281 392 ul-

157 446 187 466 „
216 416 253 454 lo
279 415 520 453 conscientiae
547 412 732 465 scrupulo
757 413 795 450 in
829 425 940 449 usum
970 410 1202 448 necessitatis
1223 423 1281 446 as-

155 498 185 519 „
213 469 376 508 sumitur
397 469 417 484 ·'’
435 493 446 506 .
483 467 711 519 Eademque
737 466 908 503 doctrina
937 474 989 502 est
1018 465 1058 502 S.
1091 463 1280 514 [lierony-

152 521 238 570 mi‚
267 520 511 574 aliorumque
541 529 713 560 veterum
745 518 928 563 Patrum3
978 518 1098 555 immo
1128 516 1168 554 S.
1202 516 1278 554 lieo

153 573 218 614 Μ.
246 574 368 628 Epist.
388 574 528 613 CLIX.
569 575 619 612 ad
646 574 820 612 ‘siceram
849 572 1029 610 editionis
1055 569 1279 607 lisllerinia-

151 640 218 668 nae
245 641 337 682 cap.
356 630 397 667 5.
423 641 510 678 eos,
539 629 606 681 qui
638 625 895 665 immolatitiis
919 625 1016 662 cibis
1035 623 1169 676 polluti
1202 623 1286 660 fue·

155 690 246 723 runt
262 712 274 730 ,
305 683 545 734 poenitentiae
561 681 814 720 satisfactione
837 679 1050 731 purgandos
1066 676 1200 723 edicit,
1230 681 1282 714 si·

155 746 199 774 ve
227 734 300 773 hoc
328 744 457 774 terror
485 738 698 774 extorserit
715 764 726 782 ,
755 738 834 772 sive
850 732 998 784 sames
1027 734 1196 768 suaserit
1214 755 1232 767 t

210 801 277 842 92.
310 789 422 842 Resp.
450 790 552 828 Cum
578 789 620 828 S.
652 787 805 826 'I'homa
835 786 938 824 Lect.
960 783 1030 822 Vl.
1060 797 1145 836 sup.
1177 782 1279 821 hunc

154 840 229 881 loc.
247 872 258 891 ,
288 842 397 882 nullo
428 844 540 882 modo
568 843 685 880 fuisse
714 839 959 893 prohibitum.
983 836 1154 875 absolute
1184 836 1217 873 &
1241 838 1279 875 iu

156 909 195 933 se
225 897 327 936 vesci
354 896 574 950 idolothytis
590 925 605 944 ,.
629 895 693 932 sed
708 893 835 932 solum
863 893 1006 930 ratione
1026 890 1197 928 scandali
1215 891 1278 927 ad-

156 951 272 995 nexi5
303 951 402 988 unde
432 952 559 1003 primo
585 948 683 986 dicit
709 945 930 998 Apostolus:
961 944 1093 982 Omne
1121 943 1281 994 quor-lin,

156 1003 329 1042 macello
349 1007 481 1052 venir,
510 999 786 1041 manducate:
815 999 908 1052 quia
928 1011 1068 1050 nempe
1097 996 1205 1035 nulla
1228 997 1281 1034 le-

155 1069 203 1108 ge
231 1057 401 1095 absolute
430 1056 593 1096 vetitum
619 1062 731 1102 erat,
766 1051 1034 1091 immolatitias.
1056 1064 1189 1088 carnes
1219 1064 1281 1088 co-

155 1111 336 1156 medere5
386 1118 466 1161 post
494 1117 625 1147 autem
661 1106 813 1146 subdit:
860 1104 956 1143 nibil
985 1109 1278 1156 interrogantes

155 1173 314 1214 propter
332 1165 622 1200 conscientiam
638 1174 653 1198 .·
682 1173 822 1212 nempe
839 1189 850 1208 ,
881 1168 920 1197 ut
949 1157 1116 1211 explicat
1136 1159 1177 1196 S.
1200 1158 1278 1196 Do-

154 1225 262 1264 ctor,
290 1215 494 1254 adstantis
523 1214 705 1268 infirmi,
743 1214 811 1266 qui
842 1213 1010 1251 scandali
1042 1213 1277 1250 occasionem

154 1271 271 1308 sumit
288 1299 299 1318 ,
326 1270 487 1309 credens
501 1269 539 1308 id
558 1269 646 1308 fieri
675 1270 714 1306 in
736 1267 1018 1306 venerationem
1036 1265 1158 1304 idoli.
1182 1266 1279 1304 Haec

153 1331 207 1361 est
235 1324 453 1362 communis
481 1323 586 1375 apud
615 1323 839 1373 interpretes
860 1319 975 1372 hujus
1005 1319 1078 1357 loci
1109 1319 1277 1372 explica-

155 1376 237 1422 tio;
273 1390 354 1430 qua
379 1386 504 1416 totum
528 1384 796 1428 argumentum
826 1375 996 1413 corruit.
1054 1372 1279 1425 Eodemque

153 1442 266 1468 sensu
297 1429 543 1482 intelligenda
568 1437 655 1468 sunt
690 1427 805 1466 allata
835 1427 1047 1466 testimonia
1075 1426 1117 1465 S.
1150 1426 1280 1478 Augu-

154 1479 273 1530 stini,
321 1483 357 1521 8t
384 1498 481 1536 quae·
518 1497 563 1522 ex
595 1482 861 1533 Hieronymo,
909 1480 1074 1532 aliisque
1106 1479 1280 1518 Patribus

154 1535 286 1574 afferri
315 1546 495 1589 possunt,
540 1537 588 1574 de
618 1537 664 1574 iis
691 1535 865 1579 scilicet,
903 1535 971 1586 qui
1002 1548 1092 1572 cuin
1122 1534 1280 1572 scanda-

154 1586 222 1638 10,
269 1598 333 1628 aut
360 1598 581 1640 contemptu
611 1587 806 1640 religionis
834 1585 1064 1625 Christianae
1096 1587 1134 1625 id
1163 1587 1279 1624 facie·

154 1641 276 1681 bant.
302 1643 357 1680 Ac
385 1644 537 1689 nonnisi
554 1641 602 1679 de
630 1641 689 1679 his
719 1641 919 1692 postremis
949 1652 1122 1691 expresse
1153 1639 1287 1690 loqui·-

157 1703 220 1734 tur
247 1693 427 1746 objectus
448 1694 587 1743 Canion.
609 1693 651 1733 S.
682 1694 821 1732 Leonis
850 1691 910 1731 M.
941 1693 1004 1743 (a)
1024 1718 1034 1730 .

211 1749 278 1802 95.
307 1749 383 1788 Ob.
412 1748 554 1791 sextoi.
595 1747 768 1788 Christus
797 1745 937 1786 Matth.
961 1746 1032 1785 xi.
1063 1745 1128 1785 30.
1158 1745 1280 1784 dicit:

157 1800 303 1854 ,Iugum
332 1815 469 1841 meum
496 1815 625 1842 suave·
645 1811 706 1841 est
726 1831 737 1851 ,
781 1808 830 1840 Q>-
858 1809 962 1839 onus
998 1813 1136 1838 meum
1165 1800 1281 1845 leve,-

157 1853 195 1892 ἃ
221 1855 262 1894 S.
292 1855 454 1895 Joannes
482 1858 591 1909 epist.
613 1857 643 1894 l.
671 1856 766 1908 Cap.
790 1853 846 1893 V..
870 1855 909 1901 5.
952 1852 1168 1892 Mandata.
1196 1855 1282 1906 ejus

156 1912 299 1960 gravia.
328 1923 410 1948 non
437 1919 560 1953 sunt3
608 1910 690 1948 haec
720 1917 848 1948 autem
891 1910 930 1946 in
959 1916 1163 1961 systemate
1193 1906 1282 1945 Pro-

155 1962 486 2004 beibilioristarum
517 1978 608 2004 vera
636 1978 715 2003 esse
744 1975 818 2000 non
848 1971 1031 2014 possunt5
1060 1961 1224 2014 quisque
1245 1975 1283 1999 e-

155 2017 246 2056 uim
263 2018 488 2070 scrupulis,
536 2017 571 2054 δι
599 2016 853 2056 anxietatibus
890 2025 1073 2067 perpetuo
1116 2015 1282 2065 torqueri

157 2069 345 2120 deberet,
386 2072 578 2119 incertus,
608 2072 809 2122 animique
837 2069 1033 2121 pendens,
1063 2082 1112 2106 an
1140 2075 1285 2106 senten-

158 2123 211 2160 tia
229 2152 246 2170 r
268 2137 390 2176 quam
404 2124 646 2178 amplectitur
663 2155 680 2174 ,Δ
704 2126 751 2163 sit
769 2153 780 2172 ,
810 2137 859 2162 an
881 2134 953 2160 non
983 2124 1028 2161 sit
1058 2123 1182 2174 reipsa
1197 2134 1286 2173 pro-

159 2174 331 2215 babilior
347 2203 365 2216 .,

215 2230 283 2282 94.
315 2228 456 2283 Resp.‚
486 2230 627 2283 Jugum
656 2229 795 2268 Christi
825 2243 941 2268 suave
970 2242 1077 2278 esse,
1104 2241 1202 2267 onus
1230 2226 1294 2266 le-

161 2296 236 2332 ve,
283 2282 320 2320 δι
347 2285 525 2323 mandata
554 2298 626 2323 uon
655 2284 814 2336 gravia,
843 2296 918 2321 nou
949 2281 1150 2331 absolute,
1180 2281 1214 2319 8t
1244 2283 1284 2320 iu

163 2350 235 2386 se,
258 2337 321 2376 sed
350 2346 503 2390 propter
526 2338 598 2376 Dei
627 2338 791 2389 gratiam
810 2366 822 2386 ,
852 2336 886 2372 &
914 2335 1138 2375 charitatem
1169 2335 1284 2374 adne-

162 2403 251 2429 xam
269 2417 287 2429 ..
309 2389 409 2429 Nam
438 2391 541 2436 alibi
555 2391 732 2430 Christus
748 2399 910 2428 arctam
940 2392 1044 2430 viam
1064 2404 1146 2428 esse
1168 2390 1293 2439 dicit,

163 2457 259 2496 quae>
283 2444 392 2482 ducit:
418 2446 465 2484 ad
494 2446 613 2484 vitam
631 2475 642 2493 ,
691 2444 725 2481 ἃ
756 2453 903 2497 portam
932 2444 1024 2483 coeli
1066 2451 1285 2495 angustam

164 2511 268 2546 esse,
296 2497 546 2538 Matth..VlI.
581 2499 642 2538 15.
672 2497 705 2535 ἃ
743 2498 801 2543 14.
820 2528 830 2546 ,
873 2498 906 2533 8<
936 2501 968 2536 ri
998 2511 1093 2546 opus
1122 2510 1208 2536 esse
1237 2497 1287 2536 ad

162 2551 535 2605 regnumcoelorum
552 2552 780 2606 rapiendum
798 2582 809 2600 ,
840 2550 982 2589 Matth.
1002 2550 1073 2589 Xi.
1098 2563 1183 2597 22.;
1216 2565 1286 2589 un-

162 2605 210 2643 de
238 2605 432 2658 praecl'are
453 2606 500 2645 S·
523 2607 760 2659 Augustinus
780 2618 786 2643 :
828 2603 1031 2657 Quidquid·
1054 2604 1198 2642 durum
1226 2613 1285 2642 est

166 2663 206 2696 in
236 2664 443 2712 proeceptis
460 2690 472 2708 ,
500 2669 542 2698 ut
569 2664 622 2699 sic
648 2660 729 2698 leve
751 2689 761 2707 ,
791 2658 977 2697 charitas
988 2656 1102 2710 facit
1118 2689 1129 2707 ,
1158 2658 1294 2697 Serui„

167 2711 314 2751 XCVI..
336 2713 576 2753 al-X[,V11.„
599 2715 647 2753 de
667 2713 843 2752 Diversis
871 2726 957 2765 cap.
981 2726 1020 2751 i.v
1042 2711 1228 2765 Expresse
1250 2727 1288 2750 e-

166 2766 494 2806 tiams-,Ioannes
511 2767 601 2807 loco-
621 2769 737 2807 citato
763 2768 913 2806 caritati
945 2767 1063 2804 unice·
1083 2766 1288 2814 adscribit,

164 2819 270 2874 quod
284 2821 461 2861 mandata
477 2821 550 2860 Dei
570 2823 704 2874 gravia
723 2834 797 2859 non
814 2822 911 2859 sint:
943 2819 1045 2857 Hoec
1063 2828 1120 2857 est
1151 2823 1260 2856 enim
1275 2849 1286 2868 ‚

168 2877 241 2923 ait,
271 2872 449 2912 charitas
469 2874 576 2925 Dei,
605 2885 646 2913 ut
667 2875 872 2914 mandata
886 2876 973 2927 ejus
993 2872 1287 2921 custodiamus,

167 2929 217 2971 (91
247 2927 451 2966 mandata.
477 2931 565 2982 ejus
591 2934 740 2984 gravia
761 2943 845 2969 non
871 2937 962 2968 sunt
993 2926 1049 2980 (h)
1068 2953 1088 2965 ..

215 3095 264 3131 (a)
290 3089 398 3125 Haud
416 3092 540 3136 exigua
565 3099 618 3126 est
642 3089 828 3125 difficultas
866 3091 902 3124 in
927 3090 990 3124 hoc
1028 3090 1105 3124 loco
1128 3087 1286 3134 Apostoli

172 3146 214 3169 ex
243 3137 401 3180 licando,
437 3147 476 3172 ut
501 3137 618 3171 videre
643 3146 699 3171 est·
721 3136 813 3182 apud
840 3137 979 3172 Estium
1006 3137 1041 3169 in
1068 3137 1252 3168 comment.
1273 3150 1286 3173 ;

174 3192 209 3215 ⁵0
235 3181 386 3233 shaeevatl
404 3194 612 3231 praesentem
637 3184 910 3218 controversiam
926 3193 993 3215 non
1019 3191 1151 3226 spent-it
1167 3204 1177 3222 ‚
1202 3180 1287 3214 dnm

173 3226 327 3262 dnbutari
345 3232 545 3266 nullatenus
570 3239 674 3277 queat
691 3253 702 3272 ‚
728 3230 865 3264 licitum
886 3230 990 3263 fuisse
1007 3227 1286 3272 idolothytorum

174 3285 301 3314 ‘sumn
338 3277 664 3324 quomodocumque
709 3276 848 3310 tandem
884 3275 1006 3309 debeat
1046 3274 1284 3318 Aposwlicum

176 3329 389 3374 praeceptiun
413 3323 463 3357 de·
481 3325 699 3361 abstinentia.
711 3324 754 3359 ab
780 3323 866 3370 ipsis
884 3321 1030 3366 intelligi
1049 3342 1059 3362 ‚
1085 3320 1125 3354 de
1140 3332 1209 3365 quo
1225 3331 1287 3354 va-

175 3376 268 3402 tiam
294 3368 461 3404 Auctor-es
474 3393 493 3403 ..

2346 109 2403 160 67

1403 190 1470 242 95.
1502 187 1616 226 Porro
1636 197 1712 225 tam
1731 188 1869 226 salsum
1888 195 1938 226 est
1955 218 1965 236 ,
1995 195 2159 240 systema
2174 193 2340 225 nostrum
2362 198 2466 223 scru-

1348 243 1482 297 pulis,
1512 241 1545 278 &
1575 242 1826 280 anxietatibus
1842 244 1944 279 viam
1960 243 2134 294 aperire,
2165 250 2204 278 ut
2233 249 2367 278 contra.
2383 238 2468 277 Cle-

1348 311 1456 336 ineus
1486 294 1541 333 V.
1566 302 1714 347 partem
1745 296 1973 332 securiorem
2017 296 2056 333 in
2099 295 2228 332 dubiis
2267 293 2468 332 tenendam

1349 365 1426 390 esse
1456 349 1681 402 praeceperit
1711 347 1765 385 (ιιί
1785 347 1964 385 vitandos
1985 361 2124 400 graves
2155 359 2352 386 remorsus
2373 359 2465 384 con-

1348 407 1528 444 scientiae
1546 430 1557 440 .
1588 401 1645 441 Vr
1668 415 1755 454 sup.
1784 415 1892 439 nuni.
1918 401 1981 438 55.
2013 401 2059 438 Et
2079 414 2166 438 sane
2197 414 2276 438 rein
2307 401 2467 452 diligen-

1349 467 1430 507 ter,
1478 467 1516 496 ut
1543 468 1643 509 opus
1668 465 1751 504 est,
1781 454 2057 507 perpendenti,
2097 454 2152 491 vel
2186 456 2366 491 sententia
2395 455 2467 491 mi-

1349 527 1418 550 nus
1451 521 1527 549 tutu
1556 509 1687 548 inultis
1715 507 1895 561 gradibus
1927 506 2165 560 probabilior
2195 515 2378 557 apparet,
2409 506 2467 544 vel

1353 579 1453 604 non:
1483 567 1512 603 si
1545 566 1744 616 primum,
1775 562 1982 615 prudenter
1998 591 2009 609 ‚
2039 560 2074 597 &
2095 568 2173 597 tuto
2189 573 2271 596 eain
2290 560 2468 611 amplecti

1351 621 1488 671 poterit
1506 633 1514 663 3
1544 620 1576 656 si
1590 616 1797 656 secuudum
1811 646 1822 665 ‚
1852 615 1979 654 tutiori
1999 614 2095 667 parti
2112 621 2243 652 cautus
2257 612 2469 650 adhaereat.

1405 673 1470 725 96.
1502 673 1581 710 liae
1611 671 1807 709 occasione
1836 671 1948 708 etiam
1980 667 2093 707 facile
2113 666 2275 704 diluitur
2305 665 2371 704 illa
2401 665 2470 703 ali-

1350 740 1517 778 quorum
1532 723 1696 776 objectio
1714 750 1724 762 .
1755 723 1795 762 Si
1813 733 2055 770 teneremur,
2088 721 2294 772 inquiunt,
2326 728 2470 756 seuten-

1349 782 1438 818 tiam
1472 778 1772 833 probabiliorem
1789 778 1924 829 sequi,
1953 778 2068 814 etiam
2090 783 2304 813 teneremur
2333 772 2472 810 discer-

1348 847 1465 882 nere,
1503 846 1686 884 quoenam
1717 833 1848 884 opinio
1876 831 1923 868 sit
1952 830 2046 868 inter
2075 828 2170 866 alias
2212 825 2472 871 )i·ob‹t’bilior3

1347 887 1390 925 in
1418 887 1545 926 debito
1576 887 1683 924 enin)
1710 884 1873 922 faciendi
1905 883 2115 922 includitur
2152 843 2322 919 debitum
2355 881 2473 917 scien-

1347 940 1414 986 di3
1456 940 1560 992 atqui
1608 941 1645 976 in
1677 947 1780 976 tanta
1807 938 2031 990 opinionum
2062 936 2239 974 varietate
2280 934 2472 971 moraliter

1349 992 1588 1046 impossibile
1609 1001 1662 1030 est
1691 992 1908 1043 dignoscere
1926 1006 1936 1036 ;
1965 1003 2146 1042 quaeuam
2167 989 2297 1040 opinio
2326 988 2369 1025 sit
2388 1000 2473 1039 pro-

1347 1047 1545 1086 babilior:
1575 1059 1663 1097 ergo
1693 1045 1763 1083 ἃς.

1401 1114 1469 1153 97.
1499 1102 1599 1140 Sane
1628 1101 1695 1152 qui
1727 1100 1776 1137 ita
1805 1106 2034 1151 opponunt,
2082 1106 2218 1135 statum
2248 1094 2471 1148 quaestionis

1349 1157 1509 1193 minime
1529 1169 1566 1193 se
1595 1164 1720 1192 tenere
1735 1155 1958 1198 ostendunt;
1987 1151 2066 1202 jam
2084 1151 2187 1188 enini
2221 1150 2259 1186 in
2291 1148 2360 1186 hac
2381 1162 2471 1185 con-

1349 1212 1529 1248 troversia
1573 1207 1826 1259 supponitur,
1877 1219 1992 1244 unam
2022 1205 2243 1255 opinionem
2287 1215 2472 1253 apparere

1348 1275 1429 1313 prae
1461 1262 1538 1302 alia
1570 1260 1900 1313 probabiliorem5
1949 1258 1987 1294 &
2011 1256 2248 1295 difficultatis
2290 1255 2404 1292 cardo
2434 1256 2472 1292 in

1347 1328 1390 1353 eo
1421 1319 1581 1368 praecise
1610 1314 1805 1361 consistit,
1836 1326 1885 1350 an
1905 1310 2017 1350 liceat
2046 1324 2130 1348 eam
2151 1309 2369 1361 opinionem
2391 1322 2471 1344 am—

1346 1367 1490 1420 plecti,
1520 1383 1608 1423 quae
1637 1366 1812 1419 diligenti
1844 1366 2085 1418 inquisitione
2117 1363 2315 1416 praemissa
2345 1362 2471 1398 minus

1345 1431 1447 1469 tuta,
1479 1426 1683 1474 minusque
1701 1418 1912 1472 probabilis
1929 1426 2111 1471 apparet.
2142 1416 2359 1455 Adversarii
2377 1416 2471 1452 dum

1347 1475 1389 1513 id
1419 1476 1533 1514 licere
1548 1475 1776 1521 affirmant„
1801 1472 1871 1510 hoc
1903 1473 1985 1524 ipso
2015 1484 2085 1523 pro
2100 1479 2199 1508 certo
2216 1469 2378 1515 habent,
2410 1482 2472 1505 co—

1348 1542 1527 1580 gnoscere
1559 1543 1647 1576 nos,
1678 1540 1859 1580 quaenain
1888 1526 2018 1577 opinio
2045 1525 2194 1571 minus,
2225 1522 2259 1559 8<
2288 1536 2473 1575 qiiaeimzn

1349 1584 1471 1633 magis
1503 1581 1715 1635 probabilis
1745 1583 1820 1618 sit.

1402 1635 1469 1686 98.
1498 1636 1575 1674 Ob.
1596 1640 1785 1684 septnno'.
1801 1631 2015 1671 Concilium
2027 1628 2475 1669 Trident.Sess.XXlll.

1350 1701 1436 1739 cap.
1458 1687 1498 1734 4.
1528 1689 1575 1726 de
1606 1686 1788 1738 Reform.
1820 1684 2021 1737 prohibet,
2054 1683 2138 1721 illos
2169 1683 2294 1734 prima
2325 1692 2477 1719 tonsura

1350 1741 1526 1790 initiari,
1556 1742 1603 1779 de
1632 1740 1774 1794 quibus
1801 1736 2010 1789 probabilis
2039 1737 2272 1789 conjectura
2301 1747 2377 1773 non
2408 1736 2475 1782 sit,

1353 1805 1390 1832 ut
1421 1795 1503 1833 Deo
1532 1794 1696 1834 fidelem.
1718 1791 1868 1832 cultum
1897 1799 2078 1845 praestent
2100 1820 2110 1838 ‚
2141 1789 2210 1828 hoc
2240 1791 2330 1828 vitae
2360 1801 2486 1840 genus.

1350 1848 1526 1900 eligerer

1405 1915 1471 1954 99.
1505 1902 1617 1956 Resp.
1640 1932 1650 1951 ,
1680 1901 1767 1949 hic,
1801 1909 1838 1938 ut
1868 1898 1999 1937 multis
2027 1897 2117 1937 aliis
2147 1895 2266 1944 locis,
2297 1894 2474 1947 probabi-

1351 1955 1387 1992 le
1416 1957 1515 1994 suini
1547 1969 1616 2008 pro
1642 1952 1928 2006 probabiliore,
1977 1966 2041 1990 seu
2072 1950 2172 2002 quod
2211 1959 2357 1987 certum
2388 1950 2478 2000 qui-

1351 2009 1445 2047 dem,
1469 2009 1723 2061 undequaque
1752 2020 1826 2046 non
1856 2013 1908 2043 est
1939 2009 1955 2056 ς
1984 2018 2075 2043 cum
2106 2003 2176 2041 hac
2205 2003 2251 2041 de
2282 2016 2321 2040 re
2350 2003 2475 2040 omni-

1351 2062 1465 2101 moda
1495 2063 1682 2101 certitudo
1712 2060 1845 2099 haberi
1874 2066 2038 2110 neqqeat
2070 2058 2114 2106 )‚
2153 2057 2215 2094 sed
2246 2057 2345 2109 quod
2378 2069 2476 2107 prae·

1353 2117 1469 2154 misso
1497 2115 1669 2168 diligenti
1699 2114 1875 2154 examine
1903 2113 1950 2150 de
1979 2110 2258 2150 initiandorum
2281 2109 2475 2156 moribus,

1354 2170 1510 2218 studiis,
1544 2171 1723 2222 ingenio,
1760 2166 1923 2219 aliisque
1953 2165 2110 2204 Divinae
2140 2165 2346 2202 vocationis
2375 2163 2475 2200 indi-

1354 2224 1425 2261 ciis
1454 2222 1693 2275 probabilius
1713 2222 1980 2260 existimatur.
2007 2218 2143 2271 Neque
2171 2230 2260 2256 vero
2277 2219 2305 2254 si
2338 2217 2477 2270 proba·

1353 2275 1477 2315 bilius
1502 2275 1696 2328 judicetur
1723 2276 1894 2327 aliquem
1923 2286 1998 2312 non
2014 2287 2092 2310 esse
2119 2271 2167 2310 ad
2195 2279 2332 2308 statum
2363 2269 2477 2308 cleri-

1351 2330 1475 2369 calem
1505 2346 1526 2368 a
1557 2331 1639 2369 Deo
1667 2339 1872 2377 vocatum,
1919 2327 2114 2379 prudens,
2156 2324 2190 2361 8<
2219 2334 2351 2363 cautus
2382 2323 2477 2376 Epi-

1352 2397 1488 2437 scopus
1517 2386 1694 2423 eumdem
1724 2384 1841 2423 sacris
1869 2381 2101 2419 initiandum
2132 2379 2327 2417 censebit.

1417 2451 1503 2476 100.
1534 2438 1627 2490 obj.
1657 2447 1823 2476 octat-o.
1854 2434 1972 2473 Varia
1986 2445 2227 2473 summorum
2244 2429 2476 2469 Pontificum

1354 2505 1552 2544 respousa,
1581 2506 1669 2545 quae
1686 2488 1968 2531 Probabiljsmo
1996 2488 2125 2526 favere
2154 2485 2358 2523 videntur.
2388 2481 2477 2519 Pri-

1355 2558 1446 2583 mo.
1491 2546 1707 2585 Alexander
1737 2546 1807 2584 ΙΙΙ.
1836 2545 1904 2596 qui
1947 2542 2121 2592 regnavit
2148 2539 2199 2577 ab
2227 2550 2325 2593 anno
2361 2537 2476 2586 ¹¹59·

1355 2613 1476 2651 usque
1505 2601 1552 2638 ad
1581 2614 1643 2639 an.
1679 2599 1795 2638 1181.
1813 2628 1824 2647 ,
1854 2595 2074 2642 consultus,
2104 2607 2152 2630 an
2174 2604 2378 2642 conjuges,
2407 2589 2477 2641 qui

1355 2653 1415 2691 vel
1447 2667 1492 2691 ex
1523 2654 1761 2705 ignorantia,
1809 2650 1867 2688 vel
1902 2648 2048 2687 malitia
2087 2646 2258 2698 proprios
2301 2642 2401 2681 lilios
2429 2643 2477 2680 de

1356 2707 1458 2748 sonte
1487 2706 1710 2759 baptismali
1740 2710 2001 2755 susceperuut,
2031 2699 2138 2737 thoro
2166 2698 2331 2748 separari
2361 2695 2476 2734 debe-

1357 2771 1461 2808 rent,
1491 2761 1585 2800 duas
1600 2761 1795 2800 sententias
1815 2757 1938 2796 innuit
1959 2755 2076 2792 altera
2097 2753 2273 2790 tutiorem
2292 2781 2301 2798 ,
2332 2749 2367 2786 &
2389 2763 2475 2802 pro·

1357 2814 1587 2854 habiliorem
1617 2815 1664 2852 de
1693 2809 1922 2863 conjugibus
1951 2806 2199 2859 separandis,
2229 2805 2386 2843 aiteram
2404 2805 2476 2841 mi-

1355 2882 1430 2906 nus-
1467 2869 1739 2922 probabilem‚
1785 2867 1988 2913 minusque
2029 2871 2147 2899 tutam
2190 2860 2236 2898 de
2265 2858 2373 2896 thoro
2402 2870 2476 2895 non

1355 2924 1577 2974 separando,
1599 2920 1630 2958 St
1648 2921 1744 2959 hanc
1759 2917 1967 2957 secundam
1982 2914 2088 2953 alteri
2112 2913 2265 2966 praefert
2284 2939 2295 2951 .
2320 2910 2484 2963 Quam-

2371 2979 2425 3005 ris

1409 3083 1456 3123 (ὂ)
1486 3084 1564 3118 Dici
1605 3082 1712 3116 etiam
1750 3087 1862 3126 potest
1898 3090 1988 3114 cnm·
2005 3078 2039 3110 S.
2066 3075 2286 3121 Hieronymo
2318 3073 2410 3107 Dial.
2433 3073 2484 3105 Π..

1357 3139 1449 3165 cont.
1478 3131 1590 3175 l’elag.
1618 3142 1650 3162 n.
1673 3129 1704 3162 5.
1722 3149 1733 3169 ,
1758 3129 1847 3160 levia
1860 3138 1933 3160 esse
1949 3125 2133 3170 Evangelii
2152 3123 2367 3157 inundataud
2387 3133 2483 3152 mm-

1355 3180 1567 3221 purutionem
1593 3177 1852 3219 superstitionis
1878 3173 2056 3213 Judaicae,
2095 3175 2130 3204 in
2155 3184 2217 3214 qua
2257 3173 2351 3202 varia
2377 3178 2484 3199 esre--

1355 3227 1540 3257 laoniarum
1565 3235 1691 3265 genera
1717 3221 1942 3266 ‹Jnaerebantur
1962 3242 1973 3260 ‚
1998 3233 2063 3264 ‹luae
2083 3219 2185 3266 juxta
2212 3219 2364 3249 litteram
2383 3234 2393 3252 ‚
2431 3216 2472 3243 θ’

1355 3271 1518 3313 Ait-ostoli
1556 3267 1651 3301 Petri
1692 3270 1899 3301 sententiam·
1933 3268 2045 3300 nullus
2080 3269 2193 3311 potuit
2224 3266 2358 3305 explere:
2397 3263 2470 3289 CC·

1356 3316 1499 3350 tjonsul.
1526 3317 1561 3349 S.
1588 3314 1744 3350 'I'homas
1773 3325 1801 3347 1.
1831 3325 1862 3347 2.
1890 3325 1950 3359 qu.
1980 3314 2057 3348 108·
2084 3321 2150 3345 art.
2172 3312 2204 3352 4.
2231 3310 2267 3342 in
2294 3317 2384 3349 corp.
2404 3328 2414 3346 ,
2441 3305 2481 3336 δι

1356 3362 1400 3398 ad
1427 3373 1458 3396 2.
