2562 3694
913 138 1114 185 ACTUS
1147 137 1278 183 SPEI
1310 134 1519 183 LAUDA
1528 137 1575 183 B.

77 225 199 268 umet
230 223 294 265 liic
323 235 427 264 error
455 221 528 261 fuit
556 219 596 260 in
625 232 778 260 scenam
822 235 843 259 a
873 220 1070 269 Quietistis
1099 232 1207 257 revo-

80 291 190 320 catus
210 311 221 329 ‚
252 280 490 332 potissimum
520 284 647 313 autem
677 274 819 313 saecnlo
842 273 970 327 elapso
988 289 1009 311 a
1031 273 1207 312 Michae-

80 333 118 374 le
149 333 342 379 Melinos,
384 332 452 382 qui
482 330 655 367 omnium
685 327 1105 380 Pseudo-mysticorum
1138 327 1207 364 sas-

81 402 144 430 ces
172 384 324 436 collegit
342 407 353 420 ·
390 383 464 422 Sed
493 390 680 434 quantum
710 382 755 419 ad
786 395 866 419 rem
896 390 1060 420 nostram
1093 382 1206 433 perti-

81 449 143 481 net
163 467 175 486 ‚
202 438 279 475 duo
304 446 411 475 eram
441 437 630 489 praecipui
660 434 765 473 illius
793 448 959 473 errores:
988 438 1115 482 primo
1143 434 1208 471 de-

82 492 267 532 siderium
299 489 492 529 felicitatis
523 498 682 536 nostrae,
729 496 841 541 atque
880 499 1030 525 tetvitre
1062 500 1206 525 merce-

82 544 144 584 dis
172 545 471 598 expectationem
502 543 685 594 puritati,
715 542 748 577 8<
781 543 998 594 perfectioni
1020 542 1138 578 divini
1162 556 1202 578 a·

84 598 204 638 moris
231 596 408 636 officere:
435 593 636 643 secundo,
665 596 841 634 aniuuun
863 605 1057 648 propterea
1077 594 1205 646 perse·

84 768 164 793 rem
189 758 327 792 incaute
345 755 462 802 lapsus
476 762 555 797 est,
581 754 682 800 cujus
695 754 785 789 lianc
806 755 1081 800 propositionem
1100 754 1212 788 Joan-

84 817 146 840 nes
170 805 284 838 ΧΧΙΙ.
310 815 366 837 arn.
385 806 487 847 1329.
515 803 738 848 proscripsit:
768 804 836 848 Qui
854 816 918 836 ιιυιι
937 804 1114 835 intendunt
1131 812 1209 841 res,

84 863 148 886 nec
170 850 320 888 honores
339 871 351 890 ‚
375 861 437 884 nec
462 851 671 890 utilitatem,
698 861 759 883 nec
784 851 994 882 «levationem
1020 853 1207 890 internum,

87 909 150 932 nec
176 899 421 937 sanctitatem,
456 906 518 929 'nec
542 899 706 940 praemium
726 919 736 938 ,
773 908 834 929 nec
862 908 998 938 regnum
1026 897 1176 927 calorum
1194 916 1206 934 ‚

87 945 152 978 sed
177 943 328 976 erunibus
349 945 404 976 :ijs
422 946 711 976 'renunciaverunt
745 947 848 976 etiam
887 943 974 987 quod
1007 953 1097 973 suum
1123 948 1177 974 ecc
1194 961 1205 980 ,

86 993 124 1024 in
151 992 230 1023 illis
256 989 446 1022 hominibus
473 989 655 1022 honoratur
680 988 776 1022 Deus
792 1012 800 1020 .
829 987 986 1023 Ekardus
1007 996 1123 1020 tamen
1140 999 1206 1020 non

85 1043 271 1081 expectata
298 1035 474 1069 Pontificis
499 1037 671 1069 sententia
698 1036 791 1068 liunc
817 1047 972 1069 errorem
998 1034 1101 1066 simul
1127 1046 1207 1066 cittn

88 1081 267 1116 nonnullis
292 1082 370 1116 aliis
394 1081 468 1126 jam
494 1091 595 1115 antea
621 1091 848 1115 revocaverat
867 1105 875 1113 .
903 1081 1032 1114 Confer
1057 1080 1207 1113 jacobus

83 1126 238 1164 Echard.
264 1127 370 1162 Tom.
389 1130 413 1162 l.
441 1128 602 1172 Scripcor
626 1129 710 1160 Orcl.
740 1126 847 1160 Ρικειὶ.
876 1129 1060 1160 Refer-ente
1087 1135 1207 1159 autem

79 1174 232 1210 Nicolao
257 1175 447 1220 Eymerico
471 1174 506 1206 P.
526 1175 570 1206 ll.
598 1171 794 1206 Directorii
816 1173 1054 1218 Inquisitorum
1072 1185 1131 1217 qu.
1155 1185 1207 1206 11.

87 1233 122 1255 n.
136 1222 197 1262 8.,
220 1221 327 1253 ctiam
352 1227 507 1264 temporo
529 1219 727 1252 'Innocentii
756 1219 817 1254 Vl.
844 1219 987 1265 quidam
1017 1220 1209 1253 inCatalo-

85 1269 143 1300 nia
157 1287 168 1307 ‚
193 1268 225 1298 δι
249 1266 424 1310 Aragonia
448 1268 524 1300 ausi
550 1274 627 1299 sunt
642 1267 881 1311 dogmatizare
896 1289 906 1307 ,
933 1267 1019 1312 (laod
1036 1270 1147 1299 omnia
1165 1267 1208 1299 de

83 1324 209 1357 genere
234 1313 412 1353 bonorum,
435 1324 500 1357 ‹711ae
516 1312 644 1356 fienda
673 1322 770 1353 sunt,
786 1313 914 1358 fienda
940 1321 1018 1346 sunt
1045 1313 1115 1345 Dei
1149 1325 1209 1356 pu-

83 1372 125 1393 ro
149 1370 284 1398 amore,
321 1361 364 1391 (7⁶
389 1371 455 1391 non
478 1371 522 1392 ex
546 1361 618 1392 alia
646 1372 748 1393 causa
765 1381 776 1400 ,
818 1364 860 1392 (9·
887 1373 946 1403 spe
973 1361 1142 1392 merce-ftis
1169 1372 1210 1391 α-

83 1414 186 1440 terna
201 1428 210 1437 .
230 1404 393 1449 'Denique
418 1404 566 1439 celebris
585 1404 818 1450 Raymundus
840 1406 962 1440 Lullus
977 1404 1133 1449 ejusdem
1155 1417 1211 1438 er-

84 1452 179 1485 roris
205 1451 249 1485 ab
273 1448 393 1484 eodem
419 1451 610 1496 Eymerico
636 1453 700 1486 loc.
728 1453 787 1486 cit.
815 1464 874 1497 qu.
891 1464 924 1498 9.
952 1466 984 1486 n.
1005 1454 1035 1485 5.
1065 1463 1210 1485 accusa·

85 1506 170 1531 tur:
215 1497 307 1530 Lulli
334 1505 450 1530 tamen
477 1498 670 1542 apologiam
706 1497 890 1533 ediderunt
920 1498 1136 1543 Watlinglius
1174 1500 1210 1531 in

84 1544 215 1578 Annal.
241 1544 328 1577 Ord.
355 1544 395 1576 S.
424 1544 605 1578 Francisci
633 1543 675 1577 ad
702 1557 757 1578 an.
779 1547 879 1579 ¹315.
907 1560 940 1579 u.
965 1559 1016 1579 10.
1044 1557 1142 1589 seq„
1179 1548 1210 1577 &

87 1591 191 1624 Joan.
219 1590 316 1635 Bapt.
345 1591 510 1624 Sollerius
537 1592 571 1623 in
600 1590 704 1626 Actis
726 1592 848 1625 Sauct.
877 1591 919 1625 ad
943 1592 1037 1624 diem
1065 1593 1121 1624 30.
1147 1592 1212 1624 Ju-

87 1636 160 1670 nii.
187 1634 254 1670 Sed
279 1645 401 1669 contra
424 1647 482 1669 eos
506 1634 618 1668 videri
647 1645 790 1680 possunt
818 1636 1112 1671 Nat-Alexander
1130 1649 1210 1670 sanc.

89 1683 232 1717 XUL&
247 1681 342 1716 xiv.
369 1693 444 1727 cap.
459 1682 493 1715 3.
513 1689 580 1714 art.
603 1691 656 1714 ἰο-
672 1703 683 1722 ,
709 1682 891 1715 Ecliardus
920 1684 953 1715 in
976 1684 1109 1725 'Script-
1124 1684 1211 1725 Orcl-

87 1727 199 1764 Praed.
225 1728 393 1768 ‘Pom-L,
417 1727 478 1762 ubi
503 1725 546 1760 de
572 1726 685 1762 Nicoi.
710 1729 899 1773 Eymerieo
918 1750 929 1768 ‚
954 1732 986 1761 Bc
1013 1729 1210 1760 Antoninus

79 1773 268 1816 ,Bt-emona
295 1774 397 1813 Tom.
413 1775 454 1808 ll.
479 1772 630 1808 Butlarii
649 1773 823 1809 Dominic-
850 1776 1002 1808 inmotis
1029 1773 1073 1807 ad
1092 1776 1212 1807 Const.

92 1820 271 1856 XXth.
296 1821 456 1865 Gregorii
483 1821 546 1854 Xl.
588 1819 679 1854 Addi
705 1830 845 1866 potest,
870 1821 963 1854 hunc
989 1833 1144 1854 errorem
1171 1819 1213 1854 de

94 1865 293 1912 abjicienda
318 1877 378 1912 spe
395 1875 535 1900 aeternae
555 1867 797 1901 retributionis
817 1880 891 1901 esse
905 1854 1016 1901 multo
1035 1867 1215 1911 antiquio·

92 1925 195 1952 rem;
222 1913 324 1946 illum
350 1924 471 1958 nempe
496 1911 738 1948 disseminavit
764 1915 959 1958 Antigonus
979 1937 989 1954 ,
1023 1915 1082 1958 qui
1110 1913 1215 1947 simul

90 1971 175 1994 eum
199 1957 310 1992 Sadok
341 1959 417 1992 300.
443 1960 586 1993 circiter
612 1961 710 1994 annis
734 1969 812 2004 post
838 1961 1080 2006 captivitatem
1100 1959 1216 2003 Baby-

90 2006 243 2040 lonicam
269 2003 541 2040 Satlducaeorum
560 2007 670 2040 Sectae
695 2008 866 2052 originem
885 2005 1003 2040 dedit.
1031 2008 1083 2040 lta
1110 2006 1216 2039 refert

93 2052 284 2096 Basnagius
310 2051 345 2084 in
371 2052 464 2086 Hist.
489 2050 716 2086 'Judaeorum-

140 2103 190 2144 (o)
214 2097 281 2132 Hic
307 2099 446 2132 natione
471 2099 647 2144 Hispanus
673 2101 793 2133 Romae
817 2098 1037 2133 domicilium
1071 2097 1192 2132 fixerat
1209 2117 1220 2137 ,

99 2143 410 2189 ibique'exteriori
436 2144 588 2189 quadam
614 2145 814 2177 sanctitatis
841 2146 992 2189 imagine
1029 2145 1147 2188 plures
1184 2144 1220 2176 in

95 2190 151 2225 sui
179 2189 473 2230 admirationem,
496 2193 532 2222 ’ἀ
555 2190 732 2233 sequelam
759 2190 889 2224 traxit.
927 2191 1123 2224 Nonnullos
1151 2190 1222 2234 spi-

103 2237 274 2271 rituales=
317 2238 349 2267 ’δι
375 2235 542 2269 asceticos
566 2233 674 2269 edidit
700 2236 834 2277 libros,
861 2237 988 2282 quibus
1017 2236 1191 2270 doctiores
1211 2257 1223 2277 ‚

100 2286 133 2316 δι
157 2281 367 2316 oculatiores
393 2293 461 2315 non
479 2292 606 2327 parum
633 2284 799 2316 commoti
819 2293 900 2317 sunt
916 2307 925 2315 .
952 2284 1045 2318 Nata
1067 2282 1145 2316 inde
1165 2294 1227 2316 oc-

99 2329 194 2364 casio
217 2327 259 2361 de
288 2327 366 2373 ejus
390 2328 463 2362 vita
481 2351 492 2370 ,
535 2331 567 2361 &
591 2329 747 2363 moribus
774 2330 942 2363 attentius
975 2328 1225 2375 perquirendi,

97 2383 279 2420 :repertum
304 2383 356 2408 est
381 2372 523 2408 demum
542 2397 554 2416 ‚
580 2375 810 2410 Molinosium
830 2377 1049 2421 pestilentem
1067 2388 1139 2410 esse
1158 2375 1226 2420 hy-

100 2422 275 2468 pocritam
295 2442 307 2462 ‚
343 2421 403 2466 qni
431 2421 495 2455 sub
521 2421 610 2455 fictae
634 2422 776 2467 pietatis
803 2424 932 2457 cortice
969 2423 1227 2456 salacissimum

101 2466 342 2502 abscondebat
369 2468 586 2513 Epicurum.
613 2469 704 2503 Octo
725 2480 836 2514 supra
861 2471 1042 2514 sexaginta
1058 2469 1133 2514 ejus
1147 2480 1227 2514 pro-

105 2514 296 2561 positiones
322 2514 365 2548 ab
391 2515 594 2550 lnnocentio
612 2516 677 2550 Xl.
696 2516 908 2561 proscriptae
933 2526 1041 2557 sunt,
1068 2517 1139 2561 ipse
1165 2528 1228 2549 au-

103 2571 178 2595 tem
204 2570 281 2606 post
309 2572 444 2595 errores
463 2573 548 2595 suos
575 2562 689 2606 palam
716 2561 900 2607 ejuratos,
926 2566 957 2595 δι
985 2562 1104 2596 decem
1119 2574 1227 2596 annos

107 2619 189 2642 cum
214 2618 304 2641 verae
331 2607 544 2653 poenitentiae
571 2605 709 2642 indiciis
745 2609 779 2642 in
806 2620 944 2642 carcere
969 2618 1110 2644 exactos
1137 2621 1229 2643 anno

110 2653 215 2698 1695.
241 2665 259 2687 e
284 2654 376 2687 vivis
401 2655 573 2688 excessit.
599 2655 832 2694 Molinosium
859 2655 1058 2690 refutarunt
1086 2657 1176 2690 inter
1191 2667 1229 2689 a·

105 2699 171 2734 lios
197 2700 233 2734 P.
251 2699 458 2734 Dominicus
486 2701 585 2735 Ricci
611 2699 696 2735 Ord.
715 2701 825 2736 Praed.
852 2701 945 2735 edito
964 2703 1055 2736 libro
1073 2703 1106 2735 in
1121 2714 1229 2747 quar-

111 2753 171 2786 to,
197 2745 254 2780 cui
278 2747 424 2781 titulus:
450 2747 561 2781 Homo
588 2751 736 2781 interior
754 2769 764 2788 ,
784 2749 889 2794 juxta
910 2749 1077 2794 Angeh'ci
1095 2749 1229 2782 doctri-

103 2803 206 2833 nom,
231 2803 360 2826 necnon
386 2793 458 2826 SS.
478 2792 546 2826 PP.
572 2798 750 2838 expositus
776 2796 823 2829 ad
839 2797 1076 2839 explodendos
1094 2807 1231 2829 errores

105 2837 220 2872 Mtch.
246 2839 290 2872 de
317 2838 472 2874 Melinos
497 2839 609 2886 Neap.
638 2853 767 2886 1709.‚
804 2844 836 2874 ἀ
862 2841 967 2876 Card.
1001 2841 1043 2876 de
1071 2843 1205 2877 Laurea
1222 2864 1230 2874 .

106 2883 164 2918 De
187 2888 343 2919 oratione
369 2885 574 2927 Christiana
608 2897 728 2922 contra
753 2887 978 2934 Ostiensem,
1017 2893 1059 2923 Θ·
1096 2901 1233 2924 errores

105 2943 211 2973 nuper
236 2933 391 2965 invectos
417 2933 531 2967 Mich.
550 2933 738 2969 Melinosii
753 2958 761 2967 .

153 2978 202 3016 (b)
233 2978 271 3010 ln
296 2976 352 3011 his
369 2988 574 3013 numeratur
601 2981 724 3015 Franc.
743 2981 954 3015 Malavallus
974 2981 1204 3015 Massiliensis
1220 3002 1230 3022 ,

107 3024 169 3069 qui
197 3031 314 3057 tamen
338 3022 458 3058 audita
483 3036 628 3060 censura
653 3037 773 3062 contra
799 3040 900 3062 suum
921 3029 1051 3062 librum
1071 3028 1230 3072 Pratique

94 3070 218 3116 facile
242 3082 324 3113 pour
348 3073 461 3104 e'lever
485 3073 593 3106 l'ame
631 3076 651 3104 ἀ
677 3076 712 3108 la
738 3077 1004 3117 contemplation
1020 3097 1030 3116 ,
1072 3076 1114 3108 ab
1140 3076 1233 3119 Apo·

113 3116 236 3151 stolica
263 3115 348 3150 Sede
377 3127 433 3150 an.
454 3116 556 3152 1688.
583 3119 679 3159 lata,
706 3120 922 3164 palinodiam
947 3120 1118 3155 hmnilem
1143 3121 1234 3154 ceci-

112 3161 167 3196 nit
183 3184 194 3194 .
235 3161 302 3196 Sed
326 3172 445 3208 postea
469 3162 771 3210 pseudo-mystica
796 3166 871 3199 haec
896 3165 1057 3200 doctrina
1081 3166 1233 3212 majores

114 3206 152 3240 in
177 3208 293 3243 Gallia
316 3210 440 3243 turbas
464 3211 634 3244 excitavit
649 3234 660 3254 ‚
685 3223 770 3256 quas
797 3213 978 3256 aliquanto
997 3212 1108 3247 fusius
1126 3224 1232 3257 expo-

113 3263 198 3286 nere
223 3265 291 3289 nou
327 3256 395 3290 erit
422 3256 544 3290 inutile
564 3280 573 3288 .
612 3257 765 3291 Illustris
801 3257 962 3303 quaedam
987 3259 1151 3293 Matrona
1189 3256 1232 3292 de

115 3300 250 3346 Quyou
298 3301 394 3336 letati
422 3302 592 3346 majorem
619 3303 653 3336 in
679 3303 822 3337 modum
846 3302 962 3337 dedita
979 3325 988 3343 ,
1030 3305 1133 3338 malis
1159 3305 1234 3338 avi-

115 3345 184 3379 bus
211 3345 247 3378 in
300 3368 309 3378 .
335 3347 369 3381 la
392 3349 523 3384 Combe
552 3348 701 3391 incidit,
737 3361 841 3396 quem
876 3351 1054 3384 Melinosii
1081 3349 1238 3396 discipu-

100 3391 192 3425 ·lum
218 3391 338 3426 Romae
363 3393 493 3436 fuisse,
519 3396 612 3430 fama
638 3405 736 3430 erat.
775 3397 861 3441 Quoe
894 3397 936 3430 ab
961 3395 1025 3429 hoc
1051 3397 1236 3430 Directore

118 3437 423 3486 pseudo-mystica
448 3443 622 3488 principia
645 3441 837 3485 hauserat,
876 3443 953 3480 aliis
989 3454 1126 3490 quoqne
1152 3443 1238 3477 insi·

2256 150 2335 205 159

1274 219 1408 258 ctiouis
1437 219 1620 269 cupidum
1639 248 1649 264 ,
1693 226 1773 256 tum
1803 217 1850 256 ad
1881 227 2018 259 :eterna
2048 220 2265 275 supplicia,
2308 235 2391 265 tum

1275 273 1321 311 ad
1352 272 1501 310 beatam
1533 271 1751 308 ielicitateui
1785 273 2061 315 indifferentem
2105 292 2181 315 esse
2222 288 2395 330 oportere

1277 327 1341 377 (a)
1361 351 1372 364 .
1401 324 1449 364 Et
1469 338 1706 376 quamquain
1726 324 1972 366 Moliuosium
1993 330 2042 367 al»
2065 331 2278 383 Apostolica
2296 332 2395 371 Sede

1274 381 1496 418 damnatum
1526 378 1613 416 boui
1643 391 1770 415 omnes
1800 382 2099 432 execrabantur,
2142 387 2300 437 quidam
2338 394 2395 424 ta-

1274 447 1362 472 men
1391 431 1600 484 spiritualis
1630 432 1719 469 vitae
1749 430 1933 469 desiderio
1961 438 2060 486 capti
2079 467 2089 484 ‚
2128 452 2199 475 nun
2228 441 2314 477 satis
2342 441 2394 478 ab

1274 487 1356 538 ejus
1384 487 1555 524 doctriua
1586 484 1758 522 recedere
1787 486 1855 522 visi
1886 497 1968 523 sunt
1988 517 1997 533 ‚
2037 492 2101 526 etsi
2132 492 2180 528 ab
2211 493 2396 543 impuri,-

1273 541 1379 578 simis
1423 539 1506 590 ejus
1547 538 1719 577 moribus
1760 538 1870 590 longe
1912 539 2083 579 abessent
2115 543 2199 594 (b).
2247 547 2387 585 Contra

1273 607 1369 646 quos
1396 595 1443 632 sit

2229 647 2344 690 PRO-

1277 767 1385 789 nuare
1414 754 1537 796 sategit
1558 774 1569 792 ,
1594 750 1685 785 edito
1715 752 1808 786 libro
1830 767 1837 784 ε
1865 752 2000 798 Moy-en
2026 764 2123 788 court
2144 754 2306 800 &sut-lle
2317 771 2399 801 pour

1268 803 1369 847 fuste
1396 804 1569 834 l’orutcon
1588 815 1599 837 ,·
1641 811 1790 843 eumque
1828 799 1891 832 lior,-
1917 801 2031 844 primo
2056 802 2185 846 ingenii
2213 805 2265 837 sui
2298 815 2401 850 partu,

1277 861 1344 882 non
1374 859 1500 892 paucos
1528 847 1699 890 pra‘cipue
1726 846 1892 890 sequioris
1927 859 2028 880 sexus
2064 849 2212 882 asseclas
2249 850 2403 885 invenis-

1276 904 1352 936 set,
1378 894 1482 939 plut-1
1511 893 1576 925 alia
1604 892 1731 924 similia
1759 893 1927 935 opuscula
1957 894 1989 926 in
2010 895 2121 928 lucem
2142 895 2280 940 prodire
2298 909 2403 931 cura—

1274 943 1357 980 vit;
1402 944 1433 972 δε
1458 937 1549 984 quod
1577 939 1634 971 vix
1662 936 1828 971 credibile
1853 948 1904 971 est
1924 963 1933 980 ,
1976 941 2010 972 in
2043 942 2095 973 sni
2131 942 2402 978 admirationem

1276 988 1386 1021 traxit
1415 986 1685 1029 celeberrimum
1710 985 1815 1018 etiam
1844 986 2096 1027 F..·net·›ni·un‚
2122 990 2181 1033 qui
2202 998 2319 1033 postea
2339 993 2402 1024 Ar-

1276 1034 1518 1078 eliiepiscopus
1545 1033 1808 1064 Cameracensis
1835 1033 1922 1064 fuit.
1952 1033 2118 1067 'l‘entavit
2144 1044 2266 1080 postea
2281 1038 2406 1081 Guyo-

1277 1083 1333 1115 nia
1362 1079 1542 1121 llos-sueti,
1586 1079 1644 1121 qni
1675 1086 1710 1110 ut
1741 1079 1864 1110 Galim
1890 1081 2073 1113 oraculum
2101 1084 2226 1115 merito
2251 1082 2407 1118 habeba-

1278 1137 1362 1167 tur,
1406 1128 1504 1169 longe
1532 1125 1775 1170 gravissimam
1812 1126 1876 1158 sibi
1907 1127 2156 1161 auctoritatem
2183 1130 2407 1170 conciliare5

1276 1173 1335 1208 sed
1352 1173 1623 1210 ,oculatissimus
1652 1171 1780 1202 Praesut
1808 1172 1944 1204 femina·
1963 1193 1974 1211 ,
2012 1173 2170 1217 alioquin
2198 1176 2287 1219 piae,
2324 1177 2408 1210 illu-

1278 1222 1390 1253 siones
1419 1226 1535 1263 aperte
1566 1217 1763 1261 improbare
1792 1218 1895 1262 erepit
1912 1241 1919 1249 .
1950 1220 2114 1252 instituto
2133 1231 2254 1265 postea
2272 1234 2312 1256 ex
2336 1223 2408 1256 Re-

1279 1269 1330 1311 gis
1357 1263 1522 1300 mandato
1546 1263 1772 1306 diligentiore
1798 1265 1902 1296 totius
1931 1266 2060 1309 negotii
2079 1268 2265 1308 examine,
2294 1269 2328 1302 in
2350 1281 2407 1302 se-

1278 1314 1383 1347 cretis
1410 1308 1621 1356 quibusdam
1650 1311 1984 1354 Congregationibus
2007 1333 2018 1351 ,
2056 1313 2183 1356 quibus
2212 1314 2409 1359 Noaillius‚

1279 1361 1464 1394 Bossuetus
1483 1379 1493 1397 ‚
1515 1357 1723 1400 Praepositus
1745 1357 1778 1389 S.
1801 1357 1966 1401 sulpitii,
1987 1367 2091 1402 atque
2113 1360 2183 1404 ipse
2199 1360 2412 1396 Fenelonins

1278 1408 1497 1444 intererant,
1526 1415 1578 1435 res
1605 1402 1748 1435 definita
1773 1412 1850 1443 est,
1876 1406 1908 1436 &
1934 1414 2081 1448 corpus,
2109 1415 2145 1439 ut
2172 1417 2322 1448 vocant,
2347 1408 2411 1442 do·-

1278 1453 1402 1486 ctrinae
1441 1451 1701 1489 constitutum,
1743 1449 1799 1491 34.
1825 1450 1984 1483 articulis
2015 1462 2179 1495 germana
2207 1454 2413 1499 Tlieologiae

1278 1499 1430 1543 mystica
1459 1496 1631 1541 principia
1670 1489 1992 1540 comprehendens,
2030 1499 2158 1541 quibus
2186 1503 2217 1532 <Sc
2244 1502 2414 1545 Gnyoni.

1279 1545 1487 1588 subscripsit
1506 1566 1514 1574 .
1559 1541 1718 1575 Hartaeus
1757 1543 1863 1574 etiam
1891 1543 2180 1590 Areliiepiscopus
2209 1547 2417 1581 parisiensis

1280 1591 1517 1626 instructione
1533 1588 1701 1621 Pastor-ali
1724 1600 1819 1621 nonmev
1838 1590 2068 1634 Mystagogite
2090 1593 2325 1626 aberrationes
2340 1605 2417 1639 pro-

1279 1637 1420 1681 scripsit
1433 1659 1440 1667 .
1463 1636 1567 1668 Porro
1587 1644 1640 1667 res
1659 1633 1844 1668 videbatur
1862 1636 2007 1668 omnino
2022 1640 2235 1681 composita3
2254 1639 2312 1671 sed
2332 1652 2415 1674 cum

1280 1692 1398 1728 postea
1426 1682 1611 1714 Bossuetus
1643 1680 1778 1713 Literas
1809 1680 1980 1724 quasdam
2009 1683 2203 1716 pastorales
2231 1684 2284 1717 De
2313 1690 2417 1719 scaei-

1281 1731 1339 1761 bus
1365 1730 1536 1760 orationis
1561 1723 1724 1758 edidisset
1741 1746 1751 1765 ,
1788 1726 1996 1758 Fenelonius
2023 1735 2146 1761 contra
2171 1740 2228 1761 eas
2254 1729 2386 1765 librum
2403 1752 2416 1773 ,

1282 1775 1338 1808 cui
1366 1773 1489 1806 titulus
1514 1775 1539 1805 l’
1559 1771 1788 1814 E.rplicacion
1814 1772 1877 1804 des
1904 1776 2069 1806 maxlmes
2095 1776 2157 1808 (les
2173 1775 2295 1809 Saints
2314 1799 2325 1818 ,
2351 1790 2419 1822 pu-

1281 1820 1368 1855 blici
1393 1819 1483 1864 juris
1511 1819 1618 1851 fecit.
1663 1817 1729 1850 Hic
1765 1817 1855 1851 liber
1889 1819 1988 1862 quasi
2018 1820 2203 1854 classicum
2228 1825 2348 1867 magni
2381 1828 2418 1859 ὃς

1283 1867 1441 1900 diuturni
1469 1854 1552 1897 belli
1579 1858 1657 1896 fuit·
1676 1864 1766 1895 inter
1794 1864 1943 1907 insignia
1970 1863 2040 1897 duo
2060 1867 2253 1901 Gallicanae
2281 1870 2418 1905 lumina

1284 1913 1494 1953 Bossuetutn
1511 1931 1521 1949 ,
1547 1912 1578 1941 8<
1605 1908 1831 1942 Fenelonium
1853 1923 1860 1940 τ
1889 1921 2038 1954 cumque
2065 1915 2305 1949 contentiones
2331 1929 2420 1961 quo·

1285 1954 1374 1992 tidie'
1395 1956 1590 1990 acerbiores
1617 1954 1737 1987 fierent
1754 1976 1764 1994 ,
1792 1957 2004 1999 Apostolicae
2026 1956 2122 1991 Sedis
2148 1959 2323 2003 judicium
2351 1964 2419 1997 im-

1288 2005 1466 2050 ploratum
1493 2010 1570 2034 est.
1617 2002 1843 2034 innocentius
1874 2003 1950 2035 Xtt.
1979 2014 2014 2035 re
2041 2005 2423 2051 quamdiligentissime

1288 2061 1460 2096 perpensa
1491 2059 1544 2082 ιε’..
1565 2047 1688 2081 Mar-tii
1705 2047 1818 2091 ¹699·
1845 2047 2077 2084 decretorium
2095 2053 2278 2086 oraculum
2305 2055 2418 2097 fudit,

1288 2109 1358 2142 quo
1384 2095 1560 2128 Fenelonii
1585 2094 1675 2127 liber
1699 2092 1886 2128 damnatus
1912 2104 1988 2138 est,
2014 2099 2097 2141 quia
2124 2112 2166 2131 er
2194 2101 2268 2146 ejus
2293 2103 2421 2136 lectio-

1288 2157 1353 2184 ne,
1389 2146 1430 2175 Θ
1454 2155 1513 2175 usu
1530 2139 1668 2184 fideles
1708 2144 1834 2175 sensim
1859 2146 1895 2175 in
1929 2155 2065 2177 errores
2090 2147 2131 2178 ab
2159 2146 2325 2182 Ecclesia
2351 2149 2422 2184 Ca-

1290 2191 1422 2225 tholica
1443 2190 1516 2235 jam
1540 2189 1717 2221 ‹lamnatos
1755 2189 1872 2222 induci
1898 2200 2037 2232 possent
2053 2206 2066 2229 ,·
2108 2195 2140 2225 «sc
2167 2194 2307 2238 insuper
2348 2204 2423 2230 tres

1293 2247 1398 2282 supra
1423 2235 1548 2280 viginti
1568 2235 1821 2279 propositiones
1846 2247 1887 2268 ex
1907 2234 2028 2270 eodem
2057 2238 2149 2271 libro
2168 2249 2335 2274 extracta*
2350 2264 2361 2282 ,
2386 2251 2425 2277 ut:

1295 2287 1480 2318 temerarr'ae
1496 2303 1506 2322 ,
1545 2282 1780 2322 scandalon,
1807 2284 1893 2316 male
1920 2292 2081 2317 sonantes
2100 2307 2110 2326 ,
2136 2291 2266 2329 piarum
2291 2294 2423 2323 aurium

1293 2331 1465 2373 offe-nsit·ae
1482 2350 1492 2369 ‚
1519 2331 1668 2371 impr-axi
1682 2332 1907 2371 perniciose,
1931 2338 2030 2374 atque
2049 2336 2153 2365 etiam
2179 2346 2324 2367 err-nex
2342 2347 2424 2380 pro-

1295 2377 1435 2422 scriptae
1464 2383 1544 2410 sunt
1561 2397 1569 2406 .
1596 2375 1720 2408 Fasces
1739 2374 1936 2408 humillime
1950 2377 2113 2412 submisit
2135 2379 2363 2421 Vennonius,
2389 2385 2423 2414 δε

1296 2434 1417 2457 coram
1437 2421 1611 2466 frequenti
1637 2420 1864 2455 multitudine
1880 2423 2096 2458 Pontificiam
2114 2426 2248 2459 Bullam
2275 2440 2315 2460 ex
2338 2438 2422 2472 sug-

1296 2478 1394 2515 gestu
1413 2469 1447 2501 in
1465 2468 1623 2502 Ecclesia
1650 2468 1734 2512 legit
1754 2478 1788 2512 9.
1808 2470 1922 2512 April.
1946 2470 2048 2514 1699.
2063 2493 2075 2512 ‚
2100 2484 2269 2516 suumque
2289 2473 2422 2507 librum

1297 2527 1337 2551 ac
1364 2527 1499 2549 errores
1519 2515 1554 2547 in
1573 2526 1613 2548 eo
1630 2523 1811 2548 contentos
1838 2517 2067 2558 simpliciter,
2110 2523 2150 2551 (ν
2179 2521 2330 2553 absolute
2360 2519 2425 2553 da-

1277 2562 1457 2606 ,mnavit;
1485 2562 1581 2606 isque
1602 2561 1667 2594 fuit
1685 2559 1858 2594 diuturnae
1874 2564 1904 2593 ἃ
1925 2562 2085 2607 implexa!
2111 2566 2357 2598 controversiae
2383 2566 2425 2600 fi-

1295 2611 1350 2643 nis
1371 2632 1379 2641 .
1405 2609 1512 2643 Porro
1539 2615 1576 2640 ut
1601 2608 1785 2646 Bossuetus
1811 2608 1972 2645 observat
2001 2610 2034 2642 in
2063 2611 2336 2645 Averti'ssement
2364 2626 2422 2646 sur

1302 2659 1354 2691 les
1381 2659 1488 2689 e'crits
1513 2665 1563 2687 ec.
1593 2654 1696 2687 Tom.
1721 2654 1794 2694 Vt,
1821 2653 1861 2686 ad
1888 2665 2038 2699 quatuor·
2063 2657 2170 2690 veluti
2198 2659 2335 2703 fastigia
2361 2659 2425 2692 Fe-

1300 2702 1430 2737 nelonii
1457 2711 1591 2734 errores
1612 2701 1889 2734 revocabantur.
1918 2701 2028 2734 Primo
2048 2703 2183 2736 licitum
2210 2716 2283 2738 esse
2307 2704 2349 2739 de
2366 2717 2427 2740 sa-

1298 2749 1374 2783 lute
1401 2757 1533 2782 aeterna
1558 2745 1769 2791 desperare,
1808 2747 1862 2779 vel
1889 2748 2011 2781 saltem
2039 2749 2194 2791 ejusdem
2222 2752 2345 2785 salutis
2370 2764 2426 2786 sa-

1300 2796 1473 2831 crificium
1497 2795 1571 2828 Deo
1595 2793 1716 2826 offerre
1731 2815 1738 2824 .
1778 2793 1937 2827 Secundo
1963 2796 2166 2839 possibilem
2192 2809 2266 2831 esse
2290 2806 2426 2832 statum

1300 2843 1433 2877 amoris
1449 2863 1460 2882 ‚
1486 2841 1520 2874 in
1545 2851 1616 2884 quo
1644 2839 1781 2872 nullum
1810 2839 1855 2872 sit
1881 2842 2030 2885 propriae
2050 2843 2173 2876 salutis
2188 2842 2423 2878 desiderium:

1301 2890 1410 2923 immo
1436 2888 1529 2922 lumc
1556 2887 1668 2919 solum
1694 2894 1825 2920 statum
1852 2888 2048 2930 perfectum
2073 2901 2172 2930 esse,
2209 2893 2240 2923 δι
2273 2902 2426 2936 purum.

1298 2935 1416 2970 Tertio
1441 2946 1513 2967 esse
1541 2932 1691 2976 aliquem
1718 2941 1849 2966 statum
1868 2954 1879 2973 ‚
1907 2934 1940 2966 in
1968 2945 2038 2978 quo
2062 2935 2177 2970 anima
2203 2937 2344 2970 nonnisi
2372 2939 2426 2970 in-

1299 2983 1431 3016 stinctu
1455 2980 1621 3018 ducitur,
1663 2979 1815 3012 exclusis
1840 2980 2001 3014 omnibus
2029 2982 2166 3016 actibus
2191 2985 2339 3028 propria‘
2366 2985 2420 3016 in-

1297 3027 1441 3062 dustriae.
1458 3049 1469 3068 ,
1494 3025 1746 3071 pernionibus,
1773 3027 1965 3069 gratiarum
1993 3028 2186 3063 actionibus
2200 3040 2265 3062 etc.
2292 3029 2423 3074 Quarto

1299 3086 1374 3107 esse
1399 3073 1553 3118 aliquem
1579 3072 1888 3116 contemplationis
1917 3081 2074 3116 statum,
2099 3087 2119 3108 a
2139 3086 2208 3120 quo
2224 3078 2338 3108 omnia
2358 3075 2425 3108 Dei

1301 3119 1477 3154 attributa
1501 3130 1582 3152 cum
1608 3117 1766 3151 absoluta
1787 3140 1798 3158 ,
1832 3127 1905 3152 tum
1932 3120 2104 3162 relativa,
2147 3123 2300 3155 Personn
2338 3122 2424 3155 item

1303 3166 1439 3200 Divinae
1458 3188 1470 3208 ,
1498 3174 1602 3209 atque
1631 3164 1701 3208 ipse
1729 3163 1892 3199 Clu-istus
1918 3165 2180 3207 excluduntur,
2204 3168 2344 3212 solaque
2369 3167 2424 3200 di-

1301 3213 1383 3245 vina
1410 3212 1572 3246 Essentia
1599 3210 1632 3243 in
1659 3222 1695 3242 se
1721 3210 1979 3246 consideretur.
2005 3214 2091 3256 Quae
2115 3214 2230 3246 omnia
2256 3225 2297 3246 ex
2320 3214 2425 3246 Moti-

1303 3258 1390 3292 nosii
1411 3280 1422 3298 ,
1461 3260 1492 3289 δι
1517 3256 1778 3299 Quietistarum
1804 3256 1963 3292 doctrina
2001 3258 2178 3293 dimanare
2204 3269 2424 3303 compertum

1303 3306 1392 3338 fuit.
1431 3301 1551 3336 Videri
1577 3299 1618 3336 de
1645 3302 1710 3336 ltac
1735 3306 1969 3339 controversia
1996 3314 2140 3350 possunt
2166 3306 2301 3339 Relatio
2330 3307 2425 3341 facta

1305 3349 1348 3384 ad
1372 3347 1515 3384 modum
1542 3350 1653 3383 Diarii
1693 3362 1711 3384 a
1737 3350 1938 3397 Pliilippeau
1961 3374 1971 3391 ,
2012 3353 2083 3396 ipse
2109 3352 2291 3385 Bossuetus
2319 3352 2423 3386 Tom.

1304 3397 1392 3437 vt,
1419 3399 1451 3431 δε
1478 3395 1527 3431 La
1551 3395 1617 3432 Vie
1644 3395 1767 3433 deM.
1792 3398 1836 3432 de
1861 3398 2008 3433 Fe'ne'lon
2034 3408 2095 3443 per
2119 3399 2170 3432 M.
2193 3396 2233 3432 de
2249 3399 2422 3445 Ramsay.
