2570 3745
793 170 877 216 DE
913 170 1148 216 LIBERT.
1181 170 1294 215 SUB
1329 168 1562 212 GRA'TIA
1588 199 1597 211 .
2265 181 2319 219 85

114 256 185 307 57.
212 254 307 307 obj.
333 248 406 292 u'lt.
434 251 476 291 S.
498 252 656 304 August.
685 251 734 290 de
763 251 865 290 dono
893 266 1040 303 persev.
1070 265 1181 290 cun.

62 307 219 348 calculo
246 320 312 346 suo
340 306 435 344 lianc
464 306 759 358 propositionem
792 306 950 358 probat;
984 336 1009 353 ,‚
1040 305 1079 342 si
1111 307 1178 357 qui

63 388 94 410 ,‚
121 361 292 408 obeditis,
307 361 338 398 si
353 359 607 411 praedestinati
624 360 709 397 estis
726 358 938 409 rejiciendi,
955 357 1177 396 subtrahen-

63 441 92 461 „
110 421 179 451 ‘tur
204 412 407 452 obediendi
436 414 562 460 vires,
602 421 641 450 ut
669 412 824 451 obedire
860 414 1010 449 cessetis
1031 413 1051 426 ”
1070 438 1079 449 .
1129 410 1175 450 Et

61 463 183 503 solum
212 465 471 517 corrigendam
501 479 577 503 esse
605 466 710 503 docet
741 480 808 519 per
838 465 945 503 verbi
976 478 1176 516 personam

62 517 237 566 tertiam,
274 522 308 556 si
335 521 400 569 qui
427 518 608 557 obediunt
630 520 715 560 &a
762 532 849 569 ergo
879 526 1000 555 censet
1029 518 1069 556 S.
1100 517 1175 555 Do·

62 579 167 618 ctor,
205 570 312 621 justis
346 585 420 611 non
451 573 724 625 praedestin-uis
761 572 969 624 aliquando
1004 570 1177 609 subtrahi

61 622 260 662 obediendi
290 626 415 673 vires,
445 626 614 678 adeoque
643 626 714 664 διε.
774 667 777 671 ,
1039 630 1049 639 ’

111 676 182 715 58.
207 675 316 730 Resp·
344 680 472 730 primo
487 709 498 727 ‚
528 693 549 716 a
564 679 837 729 &Augustino
859 691 934 716 non
954 676 1078 716 solum
1100 689 1180 714 mo-

63 728 155 768 dum
176 729 290 782 hujus
304 731 525 770 durissimae
548 733 812 784 propositionis
833 762 843 778 ,
874 731 937 769 sed
958 733 1071 769 etiam
1091 730 1178 767 sub-

64 783 238 822 stantiam
270 785 393 836 ipsam
423 785 537 823 fuisse
574 786 843 830 reformatam5
887 798 974 822 nam
1013 797 1095 821 eam
1126 784 1179 820 sic

58 834 342 876 immutandam
371 851 448 877 esse
476 847 625 876 censet.
656 867 681 885 ,‚
711 838 751 875 Si
781 839 848 889 qui
878 837 1087 884 obediunt,
1117 836 1179 873 sed

57 916 88 936 „
118 890 158 928 in
183 902 354 941 regnum·
376 890 486 942 ejus,
529 891 564 928 ἃ
604 891 767 942 gloriam
811 890 1068 941 praedestinati
1107 901 1181 927 non

58 969 88 988 ,‚
111 951 227 991 sunt,
257 943 490 995 temporales
516 951 628 991 sunt,
671 956 741 980 nec
772 956 892 994 usque
921 944 960 979 in
991 942 1110 979 finem
1141 943 1180 980 in

63 1023 90 1043 „
120 996 251 1034 eadem
271 996 488 1036 obedientia
505 996 807 1048 permanebunt.
838 994 972 1032 Nonne
987 1024 1000 1041 ,
1030 993 1178 1040 subdit,

63 1075 91 1095 ‚,
121 1048 154 1085 ἃ
184 1050 310 1088 verius
338 1049 469 1087 eadem
498 1062 556 1087 res
574 1078 585 1096 ,
616 1047 649 1083 ἃ
678 1050 949 1099 congruentius
968 1047 1109 1085 dicitur
1131 1045 1177 1083 ²³?

61 1099 323 1147 Quamobrem
351 1102 387 1139 δε
413 1101 456 1140 8.
476 1099 564 1139 Pros
594 1113 634 1138 er
664 1100 866 1152 Augustini
895 1099 1107 1151 discipulus
1132 1100 1177 1137 in

61 1151 179 1204 Hesp.
207 1155 256 1193 ad
286 1168 301 1192 -ι
313 1155 350 1192 5.
378 1153 521 1207 object.
553 1115 707 1192 gallor.
738 1167 846 1192 num.
872 1166 931 1191 12.
962 1182 989 1200 ,‚
1010 1151 1089 1200 Qui
1120 1152 1179 1190 di-

61 1235 89 1255 „
111 1208 197 1258 cit,
238 1209 390 1259 inquit,
432 1207 533 1260 quod
562 1206 795 1259 quibusdam
824 1207 987 1253 vocatis,
1026 1204 1060 1240 δε
1089 1206 1178 1258 pie,

56 1271 92 1306 ,ς
117 1259 289 1313 justeque
331 1260 550 1301 viventi-bus
583 1259 799 1298 obedientia
829 1258 1099 1307 subtrahatur,
1139 1267 1179 1296 ut

58 1324 87 1360 „·
115 1310 270 1351 obedire
288 1313 489 1362 desistant,
514 1311 621 1351 male
639 1314 817 1365 opinatur
836 1313 882 1352 de
902 1312 1178 1360 honitatessDei,

56 1392 87 1412 ‚,
116 1373 229 1417 atque
257 1365 401 1417 justitia
421 1367 470 1404 ”.
509 1363 699 1406 Praeter‘ea
722 1368 875 1405 ¹etiamsi
905 1366 976 1404 illa
1006 1367 1178 1418 proposi-

56 1417 112 1453 tio
140 1425 233 1456 esset
251 1428 437 1471 quantum
458 1419 508 1458 ab
528 1419 776 1459 substantiam
797 1420 846 1457 ab
864 1420 1071 1471 Augustino
1093 1432 1178 1470 pro-

57 1467 175 1518 haia,
200 1471 366 1525 intelligi
395 1471 548 1511 deberet
575 1473 622 1510 de
651 1473 903 1511 subtractione
932 1473 1063 1523 gratia:
1096 1470 1178 1508 effi-

54 1523 187 1571 ·cacis,
224 1538 342 1578 quam
372 1527 503 1579 utique
532 1525 636 1576 justis
665 1539 737 1564 non
769 1525 1045 1577 praedestinatis
1076 1525 1179 1562 Deus

60 1586 107 1612 ex
138 1577 376 1616 inscrutabili
403 1578 637 1630 judiciorum
658 1592 813 1617 suorum
834 1579 971 1630 abysso
991 1578 1148 1629 denegat
1166 1607 1178 1623 ,

57 1640 137 1667 *non
162 1639 290 1680 ,tristem
320 1630 367 1668 de
393 1631 648 1669 subtractione
675 1632 807 1683 gratiae
837 1629 1059 1668 sufficientis
1078 1657 1087 1668 .
1133 1630 1180 1667 Et

54 1689 164 1721 certe
193 1682 338 1728 ihjdem
366 1682 407 1722 S.
428 1682 537 1722 Pater
564 1696 694 1722 omnes
715 1683 923 1722 ⁴hortandos
951 1696 1028 1720 esse
1057 1683 1178 1731 docet,

56 1723 454 1786 nt²perseverantiam
495 1752 517 1775 a
544 1736 630 1775 Deo
670 1737 902 1790 quotidianis
945 1736 1180 1774 orationibus

57 1796 242 1839 poscant3
271 1788 373 1841 quod
393 1791 525 1842 utique
554 1791 682 1830 facere
711 1803 787 1830 non
817 1797 993 1843 possent,
1023 1790 1052 1828 si
1073 1790 1179 1828 omui

59 1848 185 1879 essent
215 1841 362 1882 auxilio
389 1842 583 1884 destituti.

486 1950 665 1991 CAPUT
693 1951 761 1992 111.

180 2055 420 2096 Ostendetur
447 2069 475 2096 a
502 2061 642 2111 gratia
669 2057 805 2097 <la-tna
833 2057 1061 2097 humanam

386 2110 613 2151 libertatem
634 2125 723 2150 non
752 2112 857 2151 tolli„

117 2186 270 2268 '59.In
288 2225 388 2256 statu
417 2227 563 2258 natu-rae
589 2218 712 2272 ‘lapsae
737 2233 934 2272 superesse
962 2219 1181 2260 libertatem

56 2267 212 2307 arbitrii
230 2298 241 2316 ‚
270 2283 336 2307 seu
364 2271 646 2310 immunitatem
675 2287 697 2310 a
724 2275 966 2322 necessitate,
995 2275 1101 2311 omni
1122 2286 1181 2311 ar-

61 2331 330 2374 gumentorum
358 2337 494 2374 genere
522 2324 618 2363 alibi
639 2327 851 2365 evincimus
867 2326 981 2364 Tom.
1003 2325 1071 2365 lV.
1095 2327 1182 2365 Dis-

63 2382 153 2412 sert.
175 2375 241 2412 III.
269 2374 364 2412 c.·8.
394 2375 500 2413 Nihil
533 2376 799 2429 itaque-modo
827 2389 1017 2430 superest,
1047 2381 1120 2419 nisi
1142 2388 1185 2422 ut

63 2426 330 2475 ostendamus,
360 2426 457 2465 haue
485 2427 701 2468 libertatem
730 2444 752 2468 a
773 2432 900 2483 gratia
928 2434 1078 2471 victrici
1103 2434 1182 2472 mi·

65 2479 171 2519 nime
199 2479 304 2530 tot-li,
334 2489 398 2519 aut
426 2479 539 2521 laedi.

448 2587 762 2652 moposlTlo
776 2615 790 2628 .

64 2690 232 2745 Dogma
247 2692 354 2747 fidei
381 2703 468 2744 est,
510 2695 580 2734 sub
620 2701 757 2749 gratia
796 2695 952 2745 efficaci
981 2701 1182 2736 intactam

119 2758 334 2787 remanere
357 2747 583 2788 libertatem
612 2750 763 2788 arbitrii·
778 2781 789 2799 ,
821 2750 1051 2802 nullamque
1071 2750 1184 2791 abso-

123 2798 250 2839 lutam
279 2800 413 2840 induci·
440 2807 747 2843 necessitatem.

125 2904 192 2944 50·
206 2880 343 2948 Prob.
357 2909 388 2947 I.
419 2923 464 2948 ex
490 2911 537 2949 iis
564 2911 746 2951 omnibus
765 2910 892 2950 Sacrae
911 2911 1112 2962 scripturae
1131 2908 1186 2946 lo-

73 2959 157 3007 cis,
199 2959 240 2998 in
264 2961 408 3012 quibus
437 2974 558 3002 nostra
584 2964 742 3003 libertas
776 2966 952 3002 asseritur
971 2994 981 3012 ,
1024 2963 1056 2999 ἃ
1088 2977 1186 3015 prae-

68 3011 220 3051 dicatur
235 3042 247 3062 ,
278 3023 317 3051 ut
342 3028 432 3053 cum
459 3015 717 3057 Ecclesiastici
739 3017 828 3056 XV.
856 3017 915 3063 ¹4·
938 3017 970 3052 8<
990 3031 1067 3069 seq.
1088 3016 1184 3054 dici-

71 3071 156 3103 (ΜΖ
186 3094 212 3114 ss
243 3065 348 3105 Deus
376 3068 426 3106 ab
454 3069 561 3108 initio
588 3073 776 3110 constituit
807 3071 1000 3109 hominem
1023 3100 1033 3118 ,
1064 3068 1097 3105 8t
1124 3083 1183 3106 re-

72 3144 100 3166 ss
127 3117 242 3171 liquit
269 3119 383 3158 illum
414 3121 452 3158 in
483 3136 598 3161 marm
617 3125 770 3163 consilii
787 3126 843 3162 sui
861 3151 870 3162 .
904 3124 1054 3174 Adjecit
1077 3136 1183 3161 man-

76 3196 105 3218 s,
130 3171 236 3222 data,
267 3172 301 3209 8(
330 3184 522 3226 praecepta
549 3191 640 3226 sua,
669 3180 699 3216 si
721 3178 886 3217 volueris
908 3177 1085 3214 mandata
1106 3189 1184 3213 ser-

76 3248 107 3270 ss
132 3235 242 3275 Vara,
270 3229 549 3268 conservabunt
579 3239 676 3267 te·--
708 3233 892 3283 Apposuit
921 3230 991 3268 tibi
1020 3243 1183 3281 aquam,

81 3302 110 3323 ss
139 3274 173 3313 ἃ
198 3279 320 3330 ignem
338 3312 349 3331 ,
390 3283 437 3321 ad
466 3283 567 3335 quod
604 3283 794 3333 volueris,
836 3284 986 3337 porrige
1028 3296 1185 3320 manum

77 3355 107 3376 υ
135 3337 239 3368 tuam
256 3333 302 3359 ”⁰
341 3335 389 3374 Et
415 3350 640 3389 quanquam
671 3339 797 3389 priora
824 3338 893 3376 illa
914 3336 1046 3376 verba:
1077 3334 1186 3373 Deus

78 3379 132 3420 ab
157 3385 268 3423 ‘'¹²1'th
293 3386 379 3430 &c-
419 3390 594 3432 videntur
623 3391 759 3431 referri
787 3391 835 3431 ad
863 3392 1032 3445 primam
1062 3388 1186 3429 homi-

1251 251 1306 287 nis
1334 248 1591 287 conditionem
1609 278 1618 295 ,
1651 249 1688 286 in
1717 261 1794 299 qua
1813 247 2007 289 hominem
2028 252 2145 290 fuisse
2160 252 2276 292 uetiam
2299 255 2371 293 sub

1248 303 1370 354 gratia
1399 301 1565 339 liberum
1584 331 1594 350 ,
1626 314 1738 338 nemo
1760 301 1972 350 inficiatur,
2004 308 2198 357 sequentia
2219 317 2369 346 tames„

1246 355 1467 393 St-volaeris
1487 355 1574 395 (9⁶0.
1605 355 1802 392 manifeste
1833 366 1997 406 spectant
2028 359 2073 394 ad
2103 374 2190 397 eum
2214 370 2367 410 statum,

1248 410 1287 446 in
1317 422 1393 460 quo
1418 422 1577 454 sumus,
1610 417 1647 445 ut
1667 406 1810 445 scilicet
1830 421 1933 445 sacer
1951 418 2069 446 textus
2092 412 2225 450 iudicet
2242 444 2253 462 ,
2284 429 2369 453 eam

1249 461 1464 500 libertatem
1483 492 1492 510 ,
1521 475 1598 514 qua
1629 460 1742 498 homo
1771 470 1918 498 creatus
1941 462 2010 498 fuit
2028 492 2038 510 ,
2067 463 2191 501 adhuc
2213 478 2291 517 post
2313 469 2366 506 Ia-

1252 529 1362 567 psum
1392 515 1431 552 in
1464 514 1573 553 nobis
1598 515 1882 566 permansisse.
1927 514 2113 552 Praeterea
2144 517 2218 554 alia
2250 520 2365 560 husus

1277 569 1399 606 eneris
1434 577 1520 606 sunt
1557 581 1675 620 prope
1715 567 1867 605 infinita
1906 569 1942 605 in
1976 568 2103 606 Sacris
2134 570 2282 608 Litteris
2321 575 2367 612 ad

1252 583 1423 659 iismines
1454 622 1491 659 in
1519 630 1613 658 statu
1658 630 1805 658 natnrae
1849 621 1967 672 lapsae
2011 622 2181 670 directa,
2225 626 2368 676 quir-‚3

1247 674 1462 713 declaratur
1480 705 1490 722 ,
1521 687 1626 726 posse
1656 687 1720 712 nos
1742 674 1813 712 Dei
1843 677 1964 726 gratia
1983 676 2042 726 aij
2054 684 2132 714 utos
2149 706 2159 723 ‚
2192 676 2365 726 judicic,

1248 728 1281 764 ἃ
1312 728 1497 766 arbitratu
1528 737 1653 767 nostro
1683 736 1876 779 praecepta
1905 742 2076 776 servare,
2108 729 2166 767 vel
2198 743 2271 768 non
2292 745 2367 770 ser-

1249 795 1364 819 vare.
1404 781 1466 819 Sic
1498 780 1650 833 Moyses
1680 781 1887 819 Deuteron.
1910 781 2041 819 XXX.
2078 795 2139 834 ts).
2160 797 2238 835 seq.
2272 793 2368 836 post-

1249 849 1364 886 quam
1384 835 1634 886 proposuisset
1651 834 1792 887 populo
1806 834 2019 872 israelitico
2039 839 2178 884 ettam,
2195 844 2243 877 ⁶3>-
2264 851 2369 875 mor-

1248 897 1329 924 tem
1347 918 1356 935 ,
1388 886 1724 936 benedictionem,
1753 889 1801 928 (2⁹
1823 888 2178 937 maledictionem,
2211 891 2259 928 ita
2283 905 2371 929 eum

1249 940 1416 978 hortatus
1447 949 1515 978 est:
1546 971 1572 989 „
1603 941 1713 992 Elige
1743 954 1830 993 ergo
1852 943 2004 990 vitam,
2037 953 2075 980 ut
2103 943 2136 979 ἃ
2167 952 2206 981 tu
2236 945 2370 992 vivas,

1250 1023 1275 1042 „
1305 993 1339 1030 &
1356 1009 1482 1032 semen
1505 1003 1635 1042 tuum,
1658 994 1690 1030 8(
1706 995 1842 1045 diligas
1864 995 2076 1033 Dominum
2100 996 2226 1034 Deum
2247 1007 2370 1046 tuum,

1246 1075 1273 1093 „
1304 1057 1416 1098 atque
1446 1047 1598 1084 obedias
1620 1049 1700 1085 voci
1719 1048 1800 1098 ejus
1817 1047 1887 1088 ἃς.
1905 1049 1925 1063 ”
1943 1075 1953 1085 .
1986 1049 2033 1087 Et
2063 1049 2161 1091 nihil
2192 1051 2370 1103 frequen-

1246 1101 1320 1136 tius
1350 1101 1389 1137 in
1431 1109 1504 1137 tota
1534 1100 1649 1138 Sacra
1678 1100 1876 1151 Scriptura
1921 1104 2118 1154 utriusque
2160 1107 2372 1143 testamenti

1249 1151 1469 1202 hujusmodi
1500 1152 1849 1202 exhortationibus,
1896 1156 2038 1206 quibus
2076 1166 2202 1195 tamen
2242 1157 2370 1196 nullus

1249 1213 1340 1242 esset
1370 1204 1500 1253 locus,
1544 1207 1572 1243 si
1603 1208 1725 1256 gratia
1755 1207 1828 1245 Dei
1856 1211 1959 1246 omni
2002 1210 2154 1247 ademta
2195 1210 2370 1250 libertate

1248 1270 1315 1295 nos
1345 1257 1392 1295 ad
1421 1258 1658 1309 operandum
1689 1260 1883 1309 adigeret.

1301 1309 1366 1349 61.
1397 1309 1510 1349 Proh.
1543 1310 1580 1350 5.
1618 1325 1663 1348 ex
1694 1313 2006 1350 condemnatione
2031 1314 2103 1352 IV.
2146 1318 2368 1367 propositio-

1246 1366 1307 1402 nis
1334 1364 1525 1403 Jansenii:
1563 1394 1591 1413 ‚‚
1611 1364 1915 1417 Semipelagiani
1945 1367 1985 1404 in
2016 1365 2083 1404 lioc
2111 1376 2218 1405 crant
2249 1367 2372 1406 Iiaere-

1248 1447 1274 1466 „
1305 1418 1393 1465 tici,
1424 1418 1524 1470 quod
1555 1417 1718 1466 veilent,
1749 1433 1832 1456 eam
1862 1420 2023 1471 gratiam
2044 1419 2158 1458 talem
2179 1435 2278 1470 esse,
2307 1423 2374 1461 cui

1247 1500 1274 1519 ‚,
1305 1479 1424 1522 posset
1455 1470 1625 1509 humana
1656 1472 1827 1510 voluntas
1857 1475 2027 1510 resistere
2045 1503 2055 1520 ,
2085 1474 2145 1512 vel
2175 1475 2372 1528 obtempe-

1249 1552 1274 1571 „
1306 1536 1390 1561 rare
1414 1524 1462 1570 ”3
1491 1537 1581 1575 quae
1613 1526 1818 1576 propositio
1842 1526 1926 1563 ideo
1949 1536 1985 1563 ut
2009 1526 2186 1565 haeretica
2208 1531 2371 1580 proseri-

1249 1585 1312 1628 pta
1341 1586 1421 1624 est,
1464 1578 1556 1629 quia
1586 1580 1706 1629 gratia
1748 1578 1914 1616 liberum
1959 1578 2138 1618 humanae
2170 1581 2374 1622 voluntatis

1247 1630 1452 1667 arbitrium
1483 1629 1562 1668 tolli
1595 1631 1859 1682 significabat..
1892 1632 2016 1685 Atque
2045 1634 2083 1670 in
2107 1634 2235 1672 eodem
2259 1649 2371 1674 sensu

1247 1681 1447 1720 nonuultae
1479 1685 1750 1735 propositiones
1779 1684 1978 1732 Quesnelli
2010 1689 2231 1738 proscriptae
2263 1698 2372 1738 sunt,

1247 1744 1288 1773 ut
1325 1749 1384 1774 ιο.
1428 1766 1455 1784 ,‚
1486 1736 1622 1774 Gratia
1650 1746 1702 1775 est
1731 1739 2066 1790 operatio-manus
2103 1742 2375 1792 omnipotentis

1249 1818 1274 1837 „
1306 1788 1407 1836 Dei,
1468 1803 1556 1827 uam
1585 1789 1686 1829 nihil
1717 1791 1905 1843 impedire
1926 1800 2074 1843 potest,
2115 1801 2179 1830 ant
2208 1795 2373 1833 retarda-

1247 1871 1276 1891 ,η
1308 1855 1347 1879 re
1364 1843 1408 1889 '⁷3
1437 1803 1472 1879 gt
1493 1852 1627 1882 ceterae
1650 1844 1820 1896 ejusdem
1840 1847 2007 1896 generis,
2029 1858 2100 1883 non
2121 1845 2198 1884 aIia
2218 1846 2263 1884 de
2284 1862 2374 1886 cau-

1250 1909 1292 1934 sa
1320 1896 1509 1935 damuatae
1526 1927 1537 1946 ‚
1568 1898 1641 1936 nisi
1671 1898 1764 1951 quia
1791 1900 1954 1950 gratiam
1985 1909 2119 1938 nostrae
2144 1899 2319 1940 *libertati
2341 1903 2372 1940 i-

1251 1950 1435 1988 nimicam
1467 1950 1735 1990 insinuabant.

1306 2001 1372 2042 62.
1403 2003 1450 2041 Et
1478 2017 1568 2043 sane
1598 2018 1757 2058 magnus
1778 2001 1843 2043 ille
1859 2002 2026 2054 :Doctor‚
2055 2002 2089 2043 δι
2119 2006 2258 2045 vindex
2286 2023 2374 2061 gra·

1251 2057 1317 2094 tiae
1355 2055 1396 2094 S.
1429 2057 1659 2108 Augustinus
1688 2057 1927 2110 Pelagianis,
1970 2073 2014 2096 ac
2056 2059 2380 2111 Semipelagiani!

1251 2110 1597 2161 conquerentibus,
1627 2123 1673 2148 ex
1699 2113 1820 2163 ‘ipsius
1847 2111 2020 2150 doctrina
2048 2115 2155 2164 sequi
2178 2115 2374 2153 interitum

1252 2162 1440 2201 libertatis
1470 2162 1678 2210 humanae,
1708 2177 1901 2217 nunquam
1933 2166 2048 2203 victas
2077 2180 2212 2204 manus
2240 2166 2375 2214 ‹ie—diu

1251 2217 1313 2255 sed
1346 2224 1551 2269 utrumque
1577 2216 1837 2255 confitendum
1867 2231 1945 2255 esse
1968 2228 2156 2270 perpetuo
2185 2220 2372 2270 praedica-

1249 2272 1331 2319 vit,
1362 2269 1507 2308 scilicet
1535 2283 1726 2308 summam
1757 2270 1890 2322 gratiae
1920 2272 1998 2308 vim
2017 2300 2027 2318 ,
2067 2270 2100 2307 8(
2128 2270 2340 2311 efficaciam
2358 2302 2372 2322 ,

1251 2337 1401 2376 unaque
1430 2323 1544 2361 simul
1567 2324 1751 2375 integram
1775 2323 1989 2361 libertatem
2011 2322 2220 2362 humanam
2244 2326 2371 2377 (Vid-

1254 2375 1401 2415 Contra
1431 2376 1531 2414 <luas
1560 2381 1670 2426 epist.
1702 2376 1839 2429 Pelag.
1868 2376 1959 2414 Lib.
1976 2377 2029 2414 -11.
2059 2391 2098 2415 n.
2121 2377 2186 2417 50.
2216 2379 2250 2415 &
2279 2379 2372 2419 Lib.

1251 2430 1320 2468 IV.
1340 2445 1375 2468 ¹2.
1400 2429 1462 2468 ¹26.
1479 2429 1512 2465 ἃ
1531 2428 1594 2469 30.
1614 2432 1628 2479 )
1646 2456 1656 2468 .
1688 2429 1729 2467 St
1758 2442 1839 2467 non
1868 2439 1925 2468 est
1948 2427 2025 2468 Dei
2053 2431 2191 2482 gratia
2207 2462 2218 2480 ‚
2244 2433 2372 2485 inquit

1253 2485 1361 2536 epist.
1377 2482 1549 2522 CCXIV.
1578 2484 1672 2522 alias
1691 2480 1836 2521 XLVI.
1872 2482 2068 2533 quomodo
2094 2485 2225 2524 salvat
2255 2500 2372 2522 mun-

1252 2536 1386 2574 dum?
1415 2537 1464 2577 <J
1493 2541 1526 2575 si
1554 2551 1636 2575 non
1663 2546 1721 2575 est
1752 2535 1914 2574 liberum
1945 2536 2151 2574 arbitrium
2168 2568 2178 2585 ,
2209 2551 2369 2587 quornm

1253 2590 1301 2628 do
1332 2590 1482 2639 judicat
1511 2589 1744 2628 mundum?
1784 2590 1938 2629 Similia
1971 2592 2109 2640 repetit
2153 2593 2259 2640 epist.
2289 2605 2369 2643 seq.

1252 2643 1406 2682 CCXV.
1435 2643 1528 2682 alias
1558 2643 1721 2682 XLVII.
1750 2644 1783 2679 ἃ
1813 2643 1931 2681 alibi.
1975 2643 2031 2679 Ad
2060 2652 2148 2692 qnae
2181 2642 2297 2680 verba
2326 2645 2370 2682 S.

1251 2697 1464 2736 Bernartius
1489 2696 1687 2735 alludenst
1732 2727 1758 2745 ‚‚
1788 2696 1846 2734 De
1873 2696 2017 2746 gratia,
2055 2693 2087 2728 &
2117 2693 2239 2732 libero
2267 2695 2371 2735 arbi-

1253 2780 1280 2800 „
1309 2752 1381 2789 trio
1409 2750 1530 2789 dicit:
1571 2749 1663 2789 'tolle
1691 2749 1857 2786 liberum
1887 2746 2088 2785 arbitrium
2107 2777 2117 2795 ,
2157 2760 2234 2786 non
2259 2750 2334 2786 ¹etit
2356 2779 2368 2799 ‚

1254 2832 1280 2852 „
1309 2804 1411 2856 quod
1438 2803 1623 2842 salvetur:
1664 2801 1752 2840 tolle
1787 2799 1979 2851 gratiam,
2016 2811 2090 2838 non
2126 2802 2227 2850 erit,
2271 2803 2369 2841 unde

1254 2885 1280 2904 „
1308 2857 1476 2896 salvetur
1492 2858 1540 2895 ''-

1307 2909 1373 2949 65.
1402 2911 1537 2962 Neque
1565 2920 1655 2946 vero
1683 2904 1803 2958 aliqui
1832 2902 1978 2954 dicant,
2019 2916 2126 2959 posse
2155 2907 2273 2947 solam
2304 2923 2368 2948 voa

1253 2961 1408 3001 luntatis
1439 2963 1677 3006 libertatem,
1721 2959 1865 2997 scilicet
1908 2961 2188 3000 immunitatem
2224 2977 2247 3000 a
2282 2976 2368 3002 coa*

1251 3017 1376 3054 ctione
1393 3047 1403 3065 ,
1428 3029 1507 3054 non
1539 3023 1666 3052 autem
1688 3011 1905 3051 libertatem
1926 3014 2073 3052 arbitrii
2093 3044 2102 3062 ‚
2130 3029 2270 3068 nempe
2292 3018 2366 3055 im-

1252 3070 1475 3108 munitatem
1506 3082 1527 3104 a
1555 3067 1799 3114 necessitate,
1829 3067 1877 3105 ad
1899 3067 2096 3119 Augustini
2129 3079 2295 3107 mentem
2316 3071 2367 3108 si-

1252 3121 1333 3159 mul
1364 3136 1452 3160 cum
1479 3120 1612 3171 gratias
1643 3116 1814 3158 efficacia
1831 3122 2030 3172 coinpoui.
2075 3120 2159 3159 Non
2180 3124 2369 3175 inquam3

1251 3187 1310 3211 eos
1339 3177 1438 3212 enim
1468 3172 1710 3211 veliementer
1747 3171 1859 3221 falli,
1902 3172 1959 3211 vel
2002 3173 2115 3212 unico
2152 3174 2221 3213 hoc
2259 3190 2371 3225 argm-

1253 3237 1377 3265 mento
1406 3226 1612 3264 decretorio
1639 3228 1798 3265 evinco.
1827 3224 1977 3278 Saepins
2007 3226 2124 3265 'fassus
2152 3238 2202 3265 est
2231 3228 2271 3268 S.
2294 3225 2369 3267 Der.

1252 3289 1331 3316 ctor
1349 3309 1358 3327 ‚
1388 3279 1592 3317 admodum
1620 3293 1820 3332 operosum
1850 3291 1928 3318 esse
1958 3289 2120 3319 nostram
2150 3281 2365 3320 libertatem

1252 3346 1341 3371 cum
1367 3332 1436 3371 Dei
1465 3333 1584 3385 gratia
1603 3346 1831 3385 componere
1847 3360 1858 3370 .
1889 3359 1915 3381 ‚s
1937 3334 2009 3371 Ista
2028 3335 2188 3386 quaestio
2204 3363 2215 3383 ,
2244 3338 2363 3384 inquit

1254 3416 1280 3437 „
1309 3384 1397 3427 Lib.
1426 3387 1471 3427 de
1489 3387 1611 3440 gratia
1624 3386 1766 3428 Christi
1785 3398 1875 3438 cap.
1892 3386 1958 3439 47.
1988 3388 2040 3427 ita
2069 3397 2121 3428 est
2149 3387 2194 3425 ad
2224 3388 2364 3424 discer-

2182 3468 2208 3479 .,
2225 3452 2314 3477 nen-
