2570 3745
864 141 944 185 DE
980 139 1249 184 VOLUNT.
1285 138 1532 181 LIBERO.

109 217 199 279 ¹7²·
224 226 307 266 Nec
335 226 481 264 diverso
510 235 619 261 sensu
649 222 689 260 S.
711 219 869 272 Prosper
897 230 1161 271 spontaneum

47 285 266 333 Uppetitttm
296 278 441 323 sumit;
479 289 618 326 nempe
649 284 757 327 prout
787 284 837 312 est
867 289 889 313 a
917 286 1163 326 quacumque

51 333 226 373 absoluta
266 331 482 369 necessitate
524 329 735 373 immunis;
778 328 945 380 loquitur
976 328 1076 364 enim
1108 326 1162 364 ibi

50 388 99 426 de
128 399 170 425 eo
188 383 309 423 libero
337 383 522 430 arbitrio,
551 395 628 434 quo
658 382 780 420 Adam
811 395 897 419 usus
927 381 1046 418 estad
1077 392 1164 429 pec·

48 438 240 484 curidum,
283 435 461 488 quodque
490 434 551 473 vel
581 436 672 487 ipsis
708 435 934 473 adversariis
963 433 1167 472 fatentibus

55 491 106 531 ab
133 490 236 527 omni
268 491 481 528 necessitate
511 498 589 527 erat
620 491 792 527 immune
814 514 825 526 .

112 542 198 593 ¹75·
227 540 268 581 S.
289 550 418 580 autem
439 540 608 580 Thomas
624 545 739 580 sumit
759 542 994 579 coactionem
1013 569 1023 588 ‚
1053 546 1165 591 prout

50 594 318 648 complectitur
348 605 426 634 tam
450 595 668 634 violentiam
687 626 697 644 ‚
726 610 843 646 quam
862 594 1080 646 simplicem
1101 605 1166 630 ne-

57 649 271 688 cessitatem
289 674 300 689 .
343 648 494 701 Nempe
521 650 699 688 docuerat
729 648 872 686 ibidem
902 656 972 685 art.
1004 646 1068 694 3.‚
1097 645 1166 682 1111-

47 701 195 754 plicem
217 716 296 740 esse
315 704 546 742 coactionem
565 733 575 751 ,
597 702 754 740 alteram
777 701 1036 750 sufficientem
1053 726 1063 744 ,
1077 710 1168 748 quae

38 755 269 805 ‘compulsio
298 763 488 804 vocatur,
528 769 595 794 seu
638 756 846 802 violencia,
884 754 918 790 81
949 753 1019 789 1101.-
1056 753 1167 788 1110110

51 807 236 860 compelli
267 821 372 860 posse
401 808 492 847 dicit
521 823 582 846 eas
620 810 744 856 vires,
791 820 879 859 quae
907 815 991 844 sunt
1019 805 1166 856 organis

52 859 207 906 affixae,
237 875 371 900 earnm
400 862 549 900 actibus
577 861 759 899 violenter
787 863 980 903 extortis‚·
1009 858 1166 895 alteram

52 913 360 963 insufficientem
383 944 394 963 ,
431 927 522 967 quae
550 923 710 952 vocatur
740 912 921 963 impulsio
940 941 949 958 ‚
980 924 1043 949 seu
1073 914 1167 948 sim-

52 967 148 1016 plex
175 971 422 1016 necessitas,
449 975 490 1005 ut
510 979 569 1005 ex.
587 980 646 1018 gr.
676 965 889 1003 intellectus
916 964 1167 1003 demonstra-

51 1023 172 1058 tionis
200 1025 234 1058 vi
262 1024 439 1073 cogitur,
476 1019 686 1071 eodemque
714 1019 825 1058 modo
853 1019 1000 1068 cogitur
1029 1016 1164 1054 voluu-

52 1081 110 1111 tas
139 1087 160 1111 a
180 1073 281 1112 bono
308 1076 348 1112 in
376 1074 596 1120 communi,
624 1071 726 1123 quod
755 1083 830 1109 non
860 1079 976 1122 potest
994 1082 1069 1107 non
1088 1070 1166 1107 vel-

52 1124 119 1164 le.
165 1123 276 1164 Recte
303 1126 419 1177 igitur
447 1124 656 1178 Angelicus
691 1123 825 1172 docet,
866 1123 1035 1161 liberum
1064 1123 1167 1160 arbi-

52 1177 173 1216 trium
202 1178 277 1216 dici
307 1191 351 1216 ex
381 1190 451 1227 e0,
479 1177 582 1230 quoii
609 1181 697 1229 cogi
724 1190 804 1215 non
832 1185 984 1228 potest,
1026 1189 1167 1228 nempe

52 1243 181 1282 neque
207 1233 402 1270 coactione
415 1230 667 1284 compellente
683 1260 694 1279 ,
723 1244 788 1270 seu
808 1230 988 1269 violentia
1002 1244 1014 1276 5
1044 1243 1169 1282 neque

44 1282 304 1335 impellente,
333 1297 399 1324 seu
426 1285 644 1322 necessitate
660 1311 671 1323 .

115 1335 203 1388 174.
232 1337 380 1376 Eadem
410 1339 579 1386 ratione,
608 1339 646 1375 ni
677 1335 818 1384 fallor,
855 1336 1099 1374 commodum
1131 1350 1168 1373 e-

51 1388 106 1426 rit
133 1388 331 1441 explicare
358 1389 453 1429 alias
482 1403 557 1428 non
584 1388 789 1428 dissimiles
818 1388 971 1427 l'atrum
1012 1389 1169 1427 locutio-

55 1454 121 1479 nes
136 1471 147 1490 ,
176 1444 243 1494 qui
263 1445 499 1482 coactionem
515 1442 724 1495 aliquando
744 1443 873 1480 minus
901 1443 1053 1494 proprie
1068 1456 1171 1480 sum-

54 1504 213 1545 pserunt
241 1509 311 1548 pro
351 1496 519 1549 simplici
561 1497 781 1534 necessitate
810 1495 898 1546 (a),
946 1495 1175 1548 quandoque

56 1549 173 1586 etiam
209 1547 392 1587 latissime
428 1561 498 1601 pro
538 1548 705 1601 quadam
748 1550 965 1586 necessitate
1008 1548 1173 1596 morali,

0 1595 1 1637 ἶ
55 1612 123 1638 seu
152 1614 291 1653 magua
311 1600 561 1639 difficultate.
590 1600 778 1639 Similiter
807 1602 920 1638 etiam
944 1600 1173 1638 voluntatem

56 1653 265 1706 aliquando
292 1662 532 1706 sumpserunt
561 1666 630 1706 pro
659 1653 738 1692 sola
767 1654 1007 1691 immunitate
1037 1668 1058 1690 a
1087 1665 1173 1690 coa-

54 1708 208 1755 ctione,
249 1705 458 1759 aliquando
485 1706 600 1746 latius
628 1719 697 1758 pro
724 1707 966 1744 immunitate
994 1722 1017 1744 a
1046 1718 1174 1743 neees-

57 1760 188 1807 sitate,
216 1761 445 1812 quandoque
475 1761 589 1798 etiam
619 1760 812 1812 potissime
841 1773 910 1811 pro
930 1761 1175 1812 immunitate

57 1811 108 1850 ab
136 1814 243 1850 omni
271 1810 494 1850 difficultate
511 1838 525 1851 .

119 1865 210 1916 175.
240 1864 334 1917 ohj.
363 1869 505 1904 tertio.
534 1864 583 1904 S.
613 1865 826 1904 Bernardns
859 1864 932 1904 Uia·
967 1865 1174 1914 voluntas,

56 1916 185 1969 inquit
211 1918 302 1958 Lib.
344 1917 392 1956 de
418 1927 527 1971 grat.
554 1919 604 1959 Θ
633 1917 695 1957 lib.
725 1918 810 1957 arb.
839 1933 925 1972 cap.
961 1932 975 1956 1
998 1949 1009 1967 ,
1051 1918 1101 1956 ibi
1129 1919 1174 1955 li·

58 1968 220 2020 bertas‚
255 1971 306 2012 (9-
334 1970 407 2010 hoc
435 1981 520 2021 est,
562 1971 665 2024 quod
692 1971 768 2010 dici
795 1981 885 2023 puto
914 1970 1078 2011 liberum
1106 1984 1173 2008 ar-

58 2021 244 2062 bitrium:
285 2038 372 2077 cap.
400 2034 527 2064 autem
560 2038 597 2064 2.
626 2025 791 2078 probat,
831 2025 1069 2065 voluntatem
1099 2038 1172 2062 non

57 2089 166 2128 posse
193 2090 261 2115 sua
289 2077 466 2117 libertate
494 2079 638 2132 privari
655 2099 675 2128 ,·
703 2083 798 2131 quia
825 2077 1060 2130 impossibile
1088 2086 1174 2126 est,

60 2127 131 2166 sibi
150 2142 231 2167 non
258 2129 417 2170 obedire
429 2131 480 2170 de
492 2135 636 2183 seipsa
648 2147 663 2176 ;
691 2144 812 2170 nemo
838 2136 974 2183 quippe
1003 2139 1175 2170 autnon

59 2181 165 2230 vult,
194 2182 296 2232 quod
324 2183 427 2232 vult,
456 2193 527 2222 aut
555 2185 631 2222 vult
647 2214 660 2233 ,
687 2184 788 2235 quod
816 2198 895 2221 non
925 2185 1001 2224 vult
1018 2211 1028 2222 .
1058 2184 1175 2223 Simi-

60 2232 115 2272 lia
143 2236 636 2288 repetit·quamsaepissiine
657 2266 668 2284 ‚
709 2251 799 2288 quae
827 2238 1027 2276 ostendunt
1055 2236 1175 2275 solam

61 2286 292 2335 voluntatis,
323 2301 396 2327 non
427 2299 555 2327 autem
582 2289 734 2341 arbitrii
762 2289 978 2328 libertatem
1008 2290 1127 2328 fuisse
1153 2305 1176 2329 a

61 2339 104 2380 S·
132 2340 326 2379 Bernardo
353 2342 559 2380 admissam
576 2367 588 2378 .

119 2393 208 2444 176.
238 2393 376 2446 Resp.,
406 2393 648 2433 Mellifluum
676 2394 880 2434 Doctorem
910 2409 932 2434 a
959 2394 1177 2446 voluntate,

60 2459 179 2500 quam
209 2445 376 2488 liberum
406 2447 609 2486 arbitrium
639 2449 834 2497 nominat,
863 2457 1101 2488 nontautum
1123 2451 1175 2488 ri-

58 2499 187 2552 gidam
208 2501 442 2540 coactionem
459 2531 472 2549 ,
501 2498 563 2539 sed
579 2502 693 2539 etiam
715 2501 925 2540 absolutam
946 2516 1174 2555 quamcum-

57 2566 134 2605 que
162 2554 419 2591 necessitatem
449 2553 674 2592 submovere
690 2568 700 2600 3
731 2569 775 2592 ac
805 2555 960 2607 proinde
988 2554 1173 2608 intellige-

58 2617 100 2642 re
127 2618 205 2644 non
234 2605 468 2645 voluntatem
497 2608 677 2659 praecise,
709 2617 747 2645 ut
776 2607 936 2646 facultas
964 2617 1016 2646 est
1044 2609 1173 2647 volen-

57 2658 100 2695 di
135 2660 416 2710 quomodocum
447 2674 520 2708 ne,
565 2662 627 2699 sed
658 2669 696 2699 ut
725 2669 776 2699 est
820 2660 980 2699 facultas
1021 2661 1171 2701 volendi

57 2722 149 2749 cum
177 2709 386 2762 electione,
469 2713 725 2752 indifferentia
742 2740 754 2752 .
783 2713 830 2752 Et
857 2714 1014 2766 quidem
1033 2728 1170 2767 quam·

56 2775 226 2817 cumque
253 2764 464 2805 absolutam
492 2767 749 2806 necessitatem
778 2781 801 2805 a
828 2767 869 2805 S.
885 2767 1076 2805 Bernardo
1103 2780 1167 2805 ex-

55 2815 186 2866 cludi,
226 2816 404 2869 pluribus
431 2818 514 2871 ejus
541 2820 667 2859 verbis
703 2820 946 2859 manifestum
976 2820 1046 2859 fit.
1089 2820 1167 2858 lbi-

16 2920 19 2925 *
53 2869 145 2908 dem
173 2871 295 2909 enim:
315 2901 342 2920 ,‚
362 2872 428 2911 Est
456 2886 574 2922 vero,
615 2877 766 2925 inquit,
795 2875 890 2912 ratio
918 2874 1004 2913 data
1033 2871 1166 2912 voluu-

17 2932 19 2963 i
55 2949 84 2972 „
113 2923 214 2971 tati,
243 2932 285 2962 ut
312 2925 472 2964 instruat
498 2925 634 2974 illam,
668 2941 741 2966 uon
768 2928 957 2974 destruat,
1004 2927 1168 2964 destrue-

2230 156 2283 195 27

1230 247 1256 267 „
1285 218 1373 255 ritui
1398 242 1468 255 .....
1491 217 1569 254 sive
1598 217 1644 255 ad
1673 218 1842 265 bonum,
1871 221 2029 270 gratiam
2060 232 2235 272 sequens:
2265 217 2305 258 91
2329 251 2341 268 ,

1230 300 1256 320 „
1287 271 1474 360 11117110111,
1519 270 1654 307 horum
1691 271 1889 322 quodlibet
1929 274 2152 323 prohibente
2195 274 2339 311 ratione

1231 352 1259 373 „
1287 337 1334 362 vo
1354 333 1459 362 unias
1490 335 1563 360 11011
1598 334 1747 375 posset,
1791 325 1963 362 voluntas
2007 325 2084 376 ]’,1111
2116 340 2188 364 11011
2217 337 2341 371 esset3

1231 407 1258 426 „
1288 377 1355 416 nbi
1375 379 1520 429 quippe
1534 378 1753 423 necessitas,
1774 375 1943 426 jamnon
1964 378 2136 415 voluntas
2153 383 2178 400 ‘⁵'
2198 407 2207 418 .
2238 378 2341 417 'l'um

1233 439 1356 482 postea
1384 430 1536 469 subdit:
1568 427 1792 466 Voiunmtts
1819 442 2033 467 consensus
2054 436 2183 480 utique
2213 433 2342 468 volim-

1231 487 1358 521 tarius
1377 514 1386 530 ,
1424 496 1503 519 non
1533 486 1783 520 necessarius
1800 512 1811 529 ,
1848 495 1930 520 non
1958 487 2175 534 incongrue
2203 484 2342 521 {licitur

1233 536 1395 575 liberum
1426 535 1660 584 arbitrium,
1690 539 1771 586 ipse
1801 535 1893 573 iiber
1913 539 2139 585 suipropter
2169 538 2343 575 volunta-

1232 599 1341 637 tem,
1371 594 1453 640 ipse
1475 589 1604 641 judex
1632 594 1691 627 sur·
1718 598 1875 642 propter
1903 594 2132 628 rationem.
2163 590 2209 626 Et
2238 592 2344 628 simi-

1233 641 1286 681 lia
1308 642 1419 682 habet
1433 645 1520 682 satis
1539 642 1659 682 multa
1679 673 1690 692 ,
1718 643 1861 696 quibus
1879 643 2058 691 ostendit,
2088 657 2126 680 se
2153 642 2344 691 liberum,

1233 696 1268 733 ἃ
1299 696 1554 735 voluntarium
1598 706 1794 749 tamquam
1823 696 1898 735 duo
1933 698 2136 748 synonima
2162 709 2312 735 sumere
2333 726 2346 744 ,

1232 763 1401 802 quacum
1434 764 1479 787 ue
1507 750 1678 788 absoluta
1707 751 1923 788 necessitate
1952 758 2122 789 semota.

1293 817 1381 855 177.
1405 765 1482 841 ί1113
1511 804 1656 842 accedit
1679 834 1689 851 ,
1732 803 1833 855 quod
1863 803 1903 842 S.
1934 802 2041 842 Pater
2083 802 2230 842 ibidem
2258 815 2346 852 cap.

1237 869 1274 906 7.
1304 855 1495 908 triplicem
1536 857 1730 908 distinguit
1760 856 1972 895 libertatem
1995 886 2006 905 ,
2047 871 2070 895 a
2098 857 2314 895 necessitate
2336 885 2348 903 ,

1234 923 1255 945 a
1279 919 1455 960 peccato,
1484 925 1506 948 a
1537 911 1717 955 miseria;
1747 909 1780 946 81
1810 909 1903 948 duas
1931 911 2153 962 posteriores
2179 909 2346 948 amissis-

1235 975 1273 998 se
1305 961 1425 1000 Adam
1456 973 1609 1014 peccato
1637 977 1703 1001 suo
1730 963 1863 1011 docet,
1892 977 1968 1001 non
1998 972 2123 1001 autem
2153 964 2319 1014 primam
2337 989 2348 1002 .

1237 1014 1398 1053 Arbitrii
1427 1020 1555 1067 utique
1585 1016 1805 1055 libertatem
1823 1047 1834 1064 ‚
1875 1026 1963 1054 tarn
1991 1026 2075 1067 post
2109 1025 2318 1066 peccatum
2336 1045 2349 1064 ‚

1233 1082 1359 1118 <sinim
1389 1079 1484 1107 ante
1500 1083 1656 1119 semper
1676 1075 1796 1108 tenuit
1826 1073 2109 1108 inconcussum
2126 1095 2137 1107 .
2165 1070 2274 1107 Certe
2302 1068 2350 1108 li-

1235 1122 1360 1160 bertas
1389 1123 1538 1161 arbitrii
1569 1124 1609 1161 in
1628 1123 1772 1161 Artemo
1802 1122 1908 1161 nulla
1937 1132 2015 1161 erat
2043 1124 2256 1160 necessitate
2285 1122 2350 1159 ad·

1235 1177 1378 1212 stricta:
1427 1177 1508 1226 pari
1540 1190 1627 1227 ergo
1670 1178 1810 1214 ratione
1846 1177 1892 1214 ad
1924 1185 2089 1214 mentem
2120 1176 2160 1214 S.
2193 1175 2351 1213 Abbnis

1235 1227 1541 1267 Clarrevallensis
1571 1232 1684 1266 etiam
1715 1230 1753 1266 in
1783 1228 1890 1267 nobis
1920 1229 2132 1276 remansit,
2175 1230 2351 1279 quumvis

1236 1293 1310 1319 non
1337 1281 1497 1319 omnino
1527 1283 1669 1333 integra
1699 1280 1732 1317 ἃ
1762 1295 1876 1330 sana,
1908 1291 1946 1319 ut
1975 1283 2013 1320 in
2047 1280 2114 1318 illo
2142 1290 2247 1319 erat.
2277 1282 2353 1319 De·-

1237 1348 1346 1372 mum
1376 1335 1631 1373 exclusionem
1673 1334 1952 1386 cujuscumque
1982 1333 2168 1373 absolutae
2197 1334 2354 1372 necessi·

1240 1389 1322 1424 tatis
1352 1388 1401 1425 ad
1432 1390 1640 1435 meritum,
1670 1387 1704 1423 8<
1733 1388 1959 1426 demeritum
1991 1389 2136 1440 requiri
2170 1389 2207 1425 in
2223 1387 2354 1424 eodem

1239 1439 1340 1477 libro
1382 1440 1595 1479 luculenter
1637 1441 1742 1479 docet
1784 1441 1825 1479 S.
1868 1441 2114 1489 Bernardus,
2158 1442 2354 1493 inquiens:

1241 1491 1348 1531 lImc
1378 1502 1455 1541 est,
1485 1493 1586 1544 quod
1615 1497 1797 1542 insanis,
1827 1495 1886 1532 rel
1904 1492 2124 1545 injlzntibus
2142 1524 2152 1540 ,
2182 1498 2355 1544 itemque

1239 1545 1549 1595 dormientibus,
1577 1546 1700 1595 nihil,
1742 1547 1844 1598 quod
1859 1547 2050 1599 faciunt,
2093 1547 2150 1585 vel
2178 1546 2320 1585 bonum
2343 1577 2354 1595 ‚

1240 1600 1298 1636 vel
1328 1600 1482 1637 malum
1503 1604 1749 1649 imputatur:
1779 1604 1873 1650 qum
1902 1605 2115 1649 nimirum,
2145 1605 2242 1638 sicut
2271 1613 2356 1637 suoe

1240 1665 1321 1688 non
1351 1661 1441 1689 sunt
1469 1661 1669 1702 compotes
1698 1657 1895 1700 racionis,
1932 1657 1988 1690 sic
2016 1665 2091 1691 nec
2120 1665 2235 1689 usum
2264 1657 2355 1690 reti-

1240 1713 1306 1741 net
1334 1707 1504 1755 propriae
1533 1705 1743 1743 voluntatis
1753 1720 1768 1750 ,-
1798 1718 1852 1743 ac
1868 1717 1938 1756 per
1964 1704 2037 1743 Izoc
2067 1718 2141 1744 nec
2155 1705 2354 1758 judicium

1241 1756 1430 1795 libertatis
1451 1784 1463 1795 .

1302 1811 1390 1862 178.
1420 1810 1561 1849 Dices.
1603 1811 1709 1850 Idem
1737 1811 1778 1851 S.
1806 1810 2042 1850 Bernardus:
2077 1841 2103 1860 „
2125 1811 2247 1850 Nemo
2287 1826 2358 1865 pn-

1246 1894 1274 1913 „
1303 1873 1381 1912 tet,
1410 1868 1535 1916 inquit
1563 1863 1653 1903 ibid.
1683 1877 1773 1916 cap.
1810 1878 1872 1903 10.
1899 1878 1941 1902 n.
1972 1865 2060 1914 55.‚
2099 1866 2182 1903 ideo
2210 1865 2357 1904 dictum

1242 1947 1269 1966 „
1300 1917 1467 1955 liberum
1497 1917 1725 1967 arbitrium,
1767 1918 1870 1969 quod
1912 1931 2024 1970 aequa
2060 1919 2155 1956 inter
2182 1919 2356 1967 bonum,

1241 1999 1269 2018 „
1297 1969 1332 2006 8r
1356 1969 1503 2008 malum
1541 1979 1745 2022 potestate,
1787 1979 1851 2008 aut
1879 1971 2061 2009 facilitate
2099 1981 2264 2010 versetur
2284 1997 2357 2011 .....

1242 2051 1269 2072 „
1300 2022 1484 2075 Alioquin
1511 2036 1582 2060 nec
1598 2023 1731 2070 Deus,
1760 2036 1830 2061 nec
1862 2023 1997 2076 Angeli
2027 2026 2170 2072 sancti,
2200 2027 2357 2063 cumita

1241 2104 1268 2125 „
1297 2077 1371 2114 sint
1400 2076 1491 2114 boni
1509 2105 1520 2124 ,
1552 2084 1590 2114 ut
1619 2089 1692 2114 non
1722 2077 1864 2127 possint
1891 2090 1968 2113 esse
1996 2075 2118 2125 mali,
2161 2090 2229 2114 nec
2257 2090 2356 2130 prae-

1243 2158 1270 2178 „
1299 2131 1525 2167 varicatores
1556 2129 1645 2166 item
1674 2128 1831 2180 Angeli,
1862 2142 1953 2167 cum
1981 2130 2034 2167 ita
2061 2131 2133 2168 sint
2162 2130 2283 2178 mali,
2316 2140 2356 2170 ut

1243 2212 1269 2231 „
1297 2181 1378 2234 jam
1406 2195 1481 2222 11011
1511 2182 1660 2221 valeant
1689 2196 1764 2221 esse
1792 2182 1883 2221 boui
1902 2213 1912 2230 ‚
1955 2181 2069 2221 liberi
2098 2182 2248 2222 arbitrii
2278 2198 2357 2222 esse

1243 2265 1270 2285 ,‚
1297 2236 1472 2275 dicentur
1493 2260 1565 2274 .....
1583 2237 1774 2274 Caeterum
1795 2249 1866 2274 nec
1885 2236 1988 2275 Deus
2017 2245 2118 2274 caret
2146 2236 2268 2275 libero
2295 2251 2355 2276 ar·

1244 2318 1273 2338 „
1301 2288 1444 2338 bitrio,
1484 2303 1555 2328 nec
1589 2289 1789 2328 diabolus:
1829 2291 2013 2342 quoniam
2055 2291 2156 2342 quod
2185 2289 2253 2328 ille
2280 2305 2360 2331 esse

1244 2371 1272 2391 „
1300 2356 1378 2381 non
1458 2350 1524 2380 test
1553 2342 1677 2381 malus
1694 2373 1706 2393 ,
1735 2356 1808 2382 non
1839 2342 1994 2381 infirma
2015 2342 2107 2381 facit
2135 2340 2355 2393 necessitas,

1243 2424 1272 2444 „
1300 2397 1363 2434 sed
1425 2409 1505 2433 rma
1535 2397 1577 2434 in
1605 2396 1706 2435 bono
1746 2395 1946 2444 voluntas,
1981 2395 2016 2433 ἃ
2045 2395 2261 2435 voluntaria
2291 2397 2356 2436 fir-

1244 2478 1271 2497 „
1300 2451 1435 2487 initas:
1463 2448 1640 2502 quodque
1667 2452 1700 2488 is
1728 2462 1801 2488 non
1829 2448 1928 2488 valet
1949 2450 1988 2488 in
2015 2449 2162 2488 bonum
2191 2463 2249 2488 res
2265 2453 2354 2488 ›ira-

1243 2530 1270 2550 „
1298 2515 1364 2549 re,
1396 2515 1469 2540 11011
1495 2501 1622 2542 aliena
1651 2503 1742 2541 facit
1769 2503 1936 2542 violenta
1963 2504 2177 2555 oppressio,
2205 2466 2267 2540 sed
2287 2516 2354 2542 sua

1242 2583 1268 2603 7,
1300 2556 1419 2608 ipsius
1448 2556 1486 2593 in
1515 2555 1620 2594 malo
1645 2556 1834 2595 obstinata
1865 2556 2066 2603 voluntas,
2107 2570 2152 2593 ac
2180 2555 2353 2593 volunta-

1242 2637 1268 2655 „
1299 2611 1355 2647 ria
1383 2608 1585 2647 obstinatio
1600 2612 1650 2647 “0
1679 2610 1827 2648 Putavit
1856 2622 1942 2659 ergo
1961 2607 2002 2646 S.
2023 2608 2236 2646 Bernardus
2256 2638 2267 2655 ,
2296 2621 2355 2646 so-

1239 2660 1278 2698 la
1307 2663 1550 2701 immunitate
1578 2677 1600 2702 a
1628 2664 1823 2702 coactione
1850 2662 2017 2700 liberum
2044 2660 2248 2698 arbitrium
2277 2673 2355 2700 ser-

1239 2716 1354 2753 vari.

1299 2780 1387 2821 179.
1417 2767 1529 2822 Resp.
1560 2769 1633 2808 His
1658 2767 1785 2807 verbis
1813 2767 1962 2805 videtur
1990 2765 2030 2804 S.
2049 2764 2266 2806 Ber-nardus
2294 2781 2352 2806 so-

1231 2817 1316 2859 lum
1344 2822 1547 2861 excludere
1573 2837 1595 2859 a
1614 2822 1736 2859 libero
1762 2819 1919 2858 arbitrio
1933 2819 2004 2857 Dei
2022 2850 2033 2868 ,
2061 2819 2097 2856 &
2115 2819 2342 2863 Sanctorum

1235 2886 1318 2911 eam
1348 2875 1644 2915 indifferentiam
1663 2904 1674 2921 ,
1705 2876 1824 2911 immo
1845 2872 2119 2925 proclivitatem
2136 2903 2148 2922 ,
2176 2888 2267 2927 quae
2286 2867 2353 2917 est·

1236 2929 1283 2963 ad
1313 2927 1486 2976 malum,
1515 2941 1632 2979 quam
1662 2935 1795 2964 nostrae
1813 2926 1998 2965 libertatis
2024 2927 2214 2966 defectum
2243 2942 2322 2967 esse

7 2971 21 3030 Ῐξ
56 3003 86 3025 „
115 2984 169 3014 ret
196 2985 351 3026 autem,
392 2979 424 3016 si
451 2981 707 3019 necessitatem
737 2981 857 3018 ullam
887 2982 921 3018 ei
952 2980 1168 3031 imponere,

19 3059 23 3089 k
57 3040 88 3078 ⁴„
112 3031 318 3090 quominus
346 3029 467 3068 libere
495 3045 567 3082 pro
602 3033 760 3070 arbitrio
788 3047 829 3072 se
855 3032 1050 3081 volveret,
1092 3035 1170 3071 sive

19 3095 22 3128 1
57 3106 88 3128 ‚,
114 3093 156 3122 111
173 3083 322 3122 malum
341 3085 571 3123 consentiens
587 3087 796 3137 appetitui,
825 3094 889 3125 aut
909 3099 1074 3139 nequam
1093 3088 1170 3139 spi-

1237 2979 1271 3014 &
1300 2981 1347 3017 ad
1375 2982 1493 3032 ipsius
1520 2981 1715 3018 essentiam
1743 2981 1903 3018 minime
1933 2982 2103 3032 requiri,
2132 2982 2349 3021 1010111130-

1238 3033 1478 3081 stendemus‚
1508 3047 1584 3071 non
1614 3042 1740 3070 autem
1761 3033 2055 3072 indifferentiam
2083 3035 2349 3075 contradictio·

1238 3086 1322 3134 1113,
1364 3099 1455 3138 quae
1482 3097 1534 3126 est
1562 3086 1610 3124 ad
1638 3098 1764 3124 mium
1789 3096 1917 3126 actum
1932 3102 1958 3140 ,g
1987 3086 2050 3127 vel
2076 3087 2228 3138 alium,
2269 3102 2348 3128 ser-

2229 3155 2295 3181 Va-

89 3259 160 3312 ·(0)
184 3257 251 3294 Vel
274 3261 345 3307 ipse
368 3263 530 3298 Julianus
556 3264 770 3300 coactionem
812 3262 1000 3309 aliquando
1033 3273 1169 3305 sumere

23 3314 27 3350 1
60 3315 159 3338 visus
183 3313 235 3338 est
258 3317 321 3350 pro
346 3310 500 3355 simplici
525 3312 756 3351 necessitate,
781 3320 821 3345 nt
847 3322 925 3344 cum
946 3308 1035 3355 apud
1050 3312 1168 3344 Sanct-

24 3354 25 3381 1
57 3349 296 3396 Augustinum
318 3353 424 3392 Libro
450 3359 477 3391 1.
515 3358 641 3402 Operis
666 3356 804 3403 Imperff.
830 3369 907 3403 σας.
931 3358 988 3393 82.
1026 3358 1165 3401 inquit:

1237 3265 1397 3300 Libertas
1421 3266 1564 3300 arbitrii
1599 3266 1817 3310 possibilitas
1841 3275 1921 3310 est,
1957 3271 2012 3305 vel
2033 3270 2267 3312 admittendi,
2291 3269 2344 3303 eet

1237 3314 1367 3349 vitandi
1395 3315 1530 3358 peceati
1547 3335 1560 3356 ,
1585 3325 1710 3358 expers
1735 3318 1894 3360 cogentis
1917 3319 2163 3355 necessitati)-
