2570 3745
283 149 367 198 254

226 229 368 266 similia
398 226 510 264 etiam
541 223 654 263 tradit
682 221 810 262 Sanct.
825 224 1033 275 Gregorius
1057 223 1224 273 Magnus
1253 222 1342 260 Lib.

226 279 412 320 XXXtV.
455 279 669 318 Moralium
697 292 785 330 cap.
820 278 879 315 15.
921 290 1110 325 asserens,
1151 273 1346 326 Reprobos

224 346 322 372 ante
358 333 491 371 oculos
520 332 599 371 Dei
641 344 864 383 numquam
905 344 1044 369 veram
1086 334 1343 368 sanctitatem

223 387 394 427 habere.

279 455 371 481 201.
403 440 459 479 Ad
482 453 514 479 1.
535 454 658 492 resp.,
689 439 926 491 praeteritum
949 437 1004 475 ibi
1034 436 1126 487 poni
1155 447 1224 485 pro
1244 446 1346 485 prae-

223 497 348 542 senti,
379 494 472 532 idest
500 508 581 532 non
610 493 821 531 ambulant
838 521 848 539 ,
877 491 980 542 quod
1008 490 1048 526 in
1067 488 1194 525 Sacris
1216 487 1346 524 litteris

221 549 387 588 insolens
417 561 488 586 non
519 558 593 586 est.
624 548 705 584 lmo
720 555 839 583 textus
855 543 961 581 hebr.
983 542 1036 578 sic
1059 539 1194 577 babet:
1225 536 1346 584 ’ᾔδη

223 609 342 655 vnn
362 610 472 647 Γῃηη
491 610 613 656 Tyn-f
629 607 686 643 κη
703 607 796 641 xcx.
825 595 913 634 Nec
932 602 1147 645 operantur
1162 596 1346 643 iniquita-

224 663 305 692 tem
329 684 338 702 ,
367 657 415 695 Θ
444 659 486 691 in
515 658 584 690 viis
612 665 697 704 ejus
726 650 962 688 ambulant.
1007 646 1131 698 Atque
1160 647 1210 683 ita
1239 644 1343 683 hunc

221 707 352 746 locum
383 710 650 759 interpretatur
680 706 793 742 etiam
823 702 863 739 S.
895 701 1127 752 Augustinus
1147 699 1271 737 Serm.
1292 699 1342 737 ΙΙ.

220 764 261 800 in
291 762 468 799 eumdem
499 759 637 797 Psalm.
666 773 707 795 n.
738 769 774 794 2.
804 756 1001 807 inquiens:
1031 752 1074 791 Sc·
1102 752 1341 801 ambulant,

220 828 302 852 non
330 822 546 864 operantur
575 814 853 859 iniquitatem:
896 811 930 845 si
958 820 1038 845 non
1065 816 1283 858 operantur
1309 811 1343 844 ι’-

218 872 487 919 niquitatem,
520 877 598 901 non
628 862 773 901 habent
801 870 1012 913 peccatum
1030 891 1041 908 ,
1077 865 1171 912 quia
1199 873 1341 911 pecca-

217 931 304 959 tum
334 923 521 970 imquitas
536 926 620 955 est.
649 916 828 955 Secundo
855 917 931 954 dici
953 916 1067 953 etiam
1088 923 1226 967 potest,
1257 913 1341 953 haec

216 974 428 1012 Psalmistae
459 971 576 1010 verba
605 984 680 1009 non
722 983 852 1008 carere
881 969 1088 1021 mysteri03
1132 968 1339 1020 significari

215 1039 356 1078 nempe
373 1056 384 1074 ,
415 1039 481 1078 per
512 1033 710 1076 peccatum
725 1024 856 1061 omnia
871 1022 1060 1061 bonorum
1077 1034 1239 1074 operum
1259 1036 1340 1060 me—

215 1083 287 1118 rita
314 1088 425 1118 antea
466 1086 683 1116 coacervata
722 1077 864 1115 deleri:
911 1076 1012 1127 quod
1042 1074 1220 1113 Ezechiel
1251 1075 1339 1113 Pro-

214 1133 329 1186 pheta
357 1133 497 1170 clarius
527 1132 707 1184 expressit
735 1131 865 1169 dicens
893 1143 978 1182 cap.
1010 1128 1153 1167 XV111.
1184 1129 1249 1175 24.
1296 1129 1340 1167 St

215 1190 401 1225 averterit
429 1200 471 1224 se
495 1187 626 1238 justus
655 1198 682 1222 a
705 1186 865 1237 justitia
893 1196 969 1221 sua
989 1208 1030 1221 ...
1058 1196 1200 1221 omnes
1221 1185 1340 1236 justi-

214 1244 280 1278 zioe
308 1243 422 1294 ejus,
452 1253 552 1292 quas
569 1238 766 1290 fecerat,
795 1252 875 1275 non
905 1235 1242 1275 recordabuntur.

269 1308 361 1333 202.
393 1294 497 1332 Alter
527 1293 631 1330 locus
674 1292 942 1343 intelligendus
984 1299 1036 1329 est
1066 1305 1155 1328 rum
1185 1291 1225 1330 S.
1257 1291 1336 1329 Au-

211 1350 359 1400 gustino
388 1347 434 1385 de
464 1346 557 1384 don.
586 1358 733 1398 persev.
763 1359 852 1397 cap.
871 1345 909 1383 8.
940 1345 986 1382 ‹le
1015 1348 1154 1382 aeternia
1187 1345 1336 1398 praede-

210 1403 437 1449 minatione,
481 1413 552 1438 non
581 1401 627 1438 de
657 1399 860 1451 temporali
890 1397 1210 1445 sanctificatione,
1243 1399 1336 1435 idest

210 1459 395 1493 exierunt
425 1467 477 1491 ex
506 1451 644 1500 nobis,
691 1454 784 1504 quia
813 1466 889 1493 non
918 1462 1022 1489 eraut
1066 1465 1111 1488 ex
1141 1451 1249 1488 nobis
1279 1466 1334 1488 se-

209 1509 378 1547 cundum
408 1516 591 1545 aeternam
623 1505 656 1541 &
684 1507 888 1557 gratuitam
920 1504 1167 1553 electionem,
1197 1518 1336 1557 quam-

208 1563 268 1602 vis
297 1570 415 1600 essent
444 1574 488 1598 ex
519 1560 629 1598 nobis
643 1560 854 1597 secundum
878 1558 1128 1611 temporalem
1149 1559 1335 1609 gratiam.

210 1616 400 1655 Audiatur
426 1614 469 1653 S.
499 1613 665 1652 Doctor.
705 1641 730 1660 „
760 1612 865 1661 Quid
894 1622 975 1660 est,
1005 1625 1162 1665 quaeso,
1193 1625 1267 1650 non
1297 1626 1336 1650 e·

212 1698 239 1718 „
268 1679 353 1707 rant
380 1681 426 1705 ex
456 1665 594 1706 nobis?
623 1667 754 1704 Nonne
784 1667 905 1705 vocati
924 1665 1105 1713 fuerunt,
1134 1678 1180 1702 ex
1204 1666 1338 1716 impiis

210 1751 237 1771 „
266 1721 485 1773 justificati,
514 1721 548 1757 ἃ
579 1733 645 1772 per
674 1719 872 1757 lavacrum
904 1719 1198 1768 regenerationis
1227 1731 1335 1754 reno-

211 1805 238 1826 „
267 1774 376 1813 vati?
404 1773 478 1812 Sed
505 1774 536 1810 si
566 1772 713 1810 audiret
744 1772 836 1819 ille,
865 1773 932 1823 qui
954 1770 1098 1809 sciebat
1114 1769 1331 1822 proculdu-

208 1859 236 1879 ‚‚
265 1828 357 1877 bio,
387 1828 488 1880 quod
504 1825 680 1874 dicebat,
711 1826 934 1877 respondere
951 1832 1093 1875 posset:
1123 1823 1225 1861 Vera
1246 1833 1330 1861 sunt

208 1912 235 1934 κ,
264 1882 350 1920 ltaec
377 1881 530 1919 omnia:
559 1889 663 1917 erant
693 1891 737 1916 ex
770 1878 903 1923 nobis3
947 1891 1079 1914 verum
1111 1885 1238 1915 tamen
1271 1892 1328 1915 se-

208 1965 236 1985 „
265 1935 435 1974 cundum
462 1933 580 1972 aliam
609 1933 874 1971 discretionem
907 1944 982 1969 non
1024 1939 1132 1968 erant
1173 1943 1221 1968 ex
1261 1945 1329 1968 no-

209 2018 236 2038 „
267 1989 326 2027 bis
355 1989 405 2025 ’'-

262 2042 352 2080 203.
383 2041 587 2079 Sententiae
623 2046 750 2077 autem
786 2038 914 2076 allatae
958 2051 1003 2075 ex
1032 2037 1182 2076 Sanctis
1211 2036 1330 2075 Patri-

204 2095 303 2144 bus,
335 2095 565 2146 Augustino,
596 2093 629 2130 8(
659 2093 846 2144 Gregorio
874 2091 1013 2129 debent
1041 2089 1112 2128 hoe
1142 2104 1251 2128 sensu
1268 2105 1331 2129 ac-

204 2150 284 2201 cipi
302 2179 312 2197 ,
352 2157 390 2185 ut
419 2147 575 2200 reprobi
603 2159 680 2185 non
709 2145 872 2184 habeant
902 2160 986 2183 eam
1012 2148 1329 2196 poenitentiam,-

205 2201 268 2243 vel
296 2205 586 2249 sanctitatem,
632 2213 722 2252 quae
753 2214 872 2253 usque
900 2199 948 2238 ad
987 2208 1199 2236 extremum
1239 2199 1328 2236 vitae

207 2265 446 2295 momentum
475 2256 657 2293 duratura
685 2256 759 2302 sit,
802 2267 938 2305 eosque
968 2253 1102 2291 debeat
1144 2261 1329 2304 perpetuo

205 2323 296 2348 cum
326 2310 409 2347 Deo
436 2308 666 2360 conjungere
683 2335 694 2346 .
722 2308 823 2346 Nam
852 2307 893 2345 S.
916 2307 1149 2358 Augustinus
1178 2307 1217 2344 in
1238 2305 1328 2344 Lib.

206 2362 255 2400 de
283 2370 449 2414 corrept.
478 2363 527 2401 Θ·
556 2365 691 2414 gratia
719 2375 805 2412 cap.
834 2374 874 2413 9.
911 2360 959 2398 de
988 2360 1124 2398 iisdem
1156 2359 1330 2411 reprobis

207 2415 393 2469 loquens,
422 2412 515 2452 Non
544 2424 684 2462 erant,
713 2414 982 2468 inquit,filii,
1011 2418 1137 2452 etiam
1165 2412 1326 2465 quando

206 2478 326 2508 erant
353 2473 395 2507 in
423 2467 668 2520 professione
689 2498 699 2516 ,
740 2468 790 2508 (9⁹
818 2473 980 2506 nomine
996 2467 1182 2521 filiorum
1199 2481 1214 2512 ;
1242 2479 1326 2504 non

206 2528 302 2575 qnia
325 2524 528 2575 justitiam
556 2521 868 2569 simulaverunt,
897 2521 966 2560 sed
986 2525 1080 2573 qaia
1099 2524 1141 2559 in
1170 2534 1222 2559 ea
1241 2534 1325 2558 non

205 2585 543 2630 permanserunt.
590 2575 639 2613 Et
667 2575 806 2612 iterum
847 2588 934 2626 cap.
970 2575 1029 2613 15.
1077 2575 1125 2613 de
1153 2574 1325 2627 reprobis

205 2633 298 2669 item
327 2630 514 2683 loquens,
559 2628 752 2667 Gratiam
780 2627 860 2665 Det
888 2632 1128 2678 suscipiunt,
1171 2629 1324 2681 inquit,

209 2684 277 2723 sed
305 2684 543 2734 temporales
570 2691 688 2731 sunt,
717 2694 791 2720 nec
817 2691 1095 2732 perses-erant:
1125 2681 1324 2729 deserunt,

209 2737 256 2777 Θ·
284 2737 539 2777 deseruntur.
568 2737 610 2776 S.
640 2745 767 2776 tamen
788 2736 997 2788 Gregorius
1026 2735 1179 2773 fortasse
1200 2734 1326 2786 loqui-

211 2797 272 2827 tur
297 2792 342 2830 de
369 2791 600 2844 quibusdam
631 2789 736 2829 falsis
764 2788 898 2841 justis,
927 2790 994 2841 qui
1024 2787 1115 2826 tales
1143 2796 1326 2840 apparent

212 2850 298 2879 ante
325 2845 451 2884 oculos
479 2845 678 2884 hominum
695 2874 706 2893 ,
733 2857 825 2882 cum
845 2844 948 2895 apud
964 2842 1090 2880 Deum
1119 2843 1190 2880 sint
1209 2841 1326 2888 mali3

214 2894 270 2938 sbi
301 2899 402 2936 enim
430 2898 575 2938 subdit:
604 2898 719 2948 Soepe
746 2910 925 2950 namque
952 2895 1070 2934 homo
1098 2895 1233 2934 multis
1260 2908 1326 2934 oc-

213 2948 314 2986 culte
343 2956 510 2999 peccatis
540 2952 769 2991 involvitur.

268 3002 359 3048 204.
387 3004 460 3042 Ob.
492 3007 528 3044 5.
564 3005 753 3045 nonnulla
781 3005 822 3045 S.
853 3004 1058 3056 Augustini
1086 3004 1324 3042 testimonia.

219 3054 361 3093 Unctio
388 3057 608 3108 invisibilis,
639 3060 762 3111 inquit
781 3059 913 3097 Tract.
933 3059 997 3097 ΙΙΙ.
1026 3059 1066 3096 in
1097 3058 1203 3111 epist.
1221 3059 1250 3096 Ι.
1280 3057 1323 3096 S.

213 3109 349 3148 Joann.
378 3122 484 3146 num.
519 3125 578 3149 12.
620 3112 735 3151 Tom.
766 3114 860 3162 111.,
907 3111 1085 3150 charitas
1131 3112 1201 3149 illa
1230 3120 1321 3159 est,

211 3175 304 3214 quoe
332 3165 372 3199 in
402 3175 643 3215 quocumque
659 3165 789 3216 fuerit
807 3197 818 3215 ,
864 3175 1077 3218 tamquam
1120 3165 1241 3204 radix
1270 3165 1325 3203 illi

214 3219 320 3260 erit.;
348 3219 527 3267 quamvis
556 3217 719 3256 ardente
747 3221 827 3257 sole
856 3233 1041 3260 arescere
1069 3232 1147 3257 non
1177 3227 1325 3271 potest.

214 3268 264 3308 Et
291 3269 420 3307 Tract.
452 3268 553 3308 Vm.
583 3283 619 3307 n.
635 3283 674 3321 9.
705 3271 904 3312 Raclicata
930 3282 990 3311 est
1018 3271 1237 3312 charitas?
1264 3285 1328 3310 se-

214 3335 332 3380 curus
360 3330 443 3363 esto
463 3351 476 3373 ,
516 3320 611 3362 nihil
639 3326 738 3362 mali
763 3326 974 3377 procedere
1000 3336 1153 3380 potest.
1194 3326 1327 3368 Etiam

811 143 891 187 DE
927 142 1160 187 GRATIA
1195 139 1242 184 P.
1265 142 1321 184 ΙΙ.
1355 138 1619 183 DISSERT.
1645 141 1686 183 11
1720 141 1849 185 CAR
1874 142 1928 184 V.

1411 221 1451 257 in
1483 219 1572 257 Lib.
1603 221 1652 258 ΙΙ.
1680 229 1785 258 cont.
1812 225 1925 272 epist.
1954 219 2213 258 Permeni'ani
2241 221 2328 273 cap.
2361 219 2422 260 15.
2459 235 2525 262 ex-

1412 273 1561 325 plicans
1590 272 1658 311 illa
1693 274 1809 312 verba
1838 276 1879 313 S.
1911 275 2042 312 Pauli:
2089 274 2277 324 Spiritum
2307 275 2424 313 nolite
2453 289 2526 316 ex..

1412 329 1620 377 tinguere,
1655 326 1842 378 Spiritum
1872 330 2026 380 proprie
2055 329 2222 379 extingui
2255 341 2359 378 posse
2387 342 2525 379 nega13

1413 379 1476 417 sed
1507 381 1652 430 inquit:
1698 379 1905 429 Quantum
1934 386 1975 419 in
2003 380 2104 420 robis
2132 391 2218 429 est,
2247 382 2367 419 nolite
2396 387 2451 420 sic
2481 398 2529 421 a-

1413 446 1532 485 gere,
1580 441 1796 482 tamquam
1808 440 2024 474 ,conemini
2053 434 2240 486 Spiritum
2271 439 2526 487 extinguere,

1413 495 1483 523 aa?
1512 497 1726 537 tamquam
1743 485 1931 536 Spiritum
1945 493 2165 526 extinctum
2181 490 2393 539 deputetis.
2423 492 2528 530 hine

1415 538 1598 591 Magister
1627 541 1894 577 sententiarum
1926 540 2135 592 Augustino
2163 542 2384 581 adhaerens:
2433 543 2527 581 Per-

1402 592 1525 644 fecta
1554 591 1755 640 charitas,
1798 593 1919 643 inquit
1950 595 1987 631 in
2017 595 2082 633 111.
2111 595 2216 634 Seut.
2245 598 2332 634 dist.
2363 597 2429 635 51.
2470 602 2528 635 sic

1410 645 1600 683 radicata
1628 655 1714 693 est,
1757 653 1797 681 ut
1825 649 1958 682 amitti
1995 657 2193 697 nequeat,
2239 653 2433 701 incipiens
2461 659 2525 689 ta-

1411 713 1503 738 men
1522 729 1533 749 ,
1561 701 1612 740 <9⁶
1637 707 1824 751 provecta
1853 702 1987 736 amitti
2012 709 2136 750 potest
2153 731 2164 749 ,
2191 702 2240 742 ζῇν
2269 716 2375 753 soepe
2403 708 2526 742 amit-

1409 757 1502 791 titur
1518 780 1528 791 .
1559 752 1741 802 Magistro
1754 752 1858 791 Sent.
1873 754 1989 790 etiam
2005 754 2212 791 Gratianus
2227 759 2410 795 consentit
2426 757 2526 797 Part·

1410 808 1458 846 ΙΙ.
1487 822 1601 846 causa
1631 807 1696 846 55.
1724 821 1765 859 q.
1797 807 1834 845 5.
1864 805 1914 844 de
1944 805 2088 846 Pcenz't.
2116 806 2201 844 dist.
2232 820 2270 845 2.
2298 822 2384 849 can.
2416 825 2453 850 2.

1465 862 1557 899 205.
1588 859 1700 912 Resp.
1742 860 1784 898 S.
1815 862 2071 913 Augustinum
2113 858 2220 911 loqui
2261 861 2309 898 de
2337 863 2527 903 fructibus

1407 913 1601 953 charitatis
1618 945 1628 963 ,
1656 914 1726 966 qui
1753 927 1948 960 arescere,
1991 912 2025 949 8<
2053 912 2218 951 deficere
2245 926 2319 952 non
2349 928 2527 968 possunt,

1405 978 1606 1022 quousque
1635 970 1859 1006 remanserit
1888 981 2020 1006 eorum
2059 968 2166 1006 radix
2195 966 2384 1007 charitas:
2427 972 2529 1009 unde

1409 1023 1525 1060 etiam
1556 1022 1650 1061 lianc
1681 1024 1864 1060 rationem
1880 1021 2012 1059 affert:
2045 1020 2207 1068 Omne,
2236 1019 2339 1072 quod
2366 1022 2529 1062 radica-

1406 1085 1492 1113 tum
1522 1085 1606 1124 est,
1636 1078 1808 1113 nutritur
1835 1075 1970 1113 calore
1997 1074 2118 1123 solis,
2149 1086 2229 1111 non
2257 1079 2430 1114 arescit.
2474 1079 2529 1117 Ita.

1409 1131 1665 1182 Augustinum
1694 1128 1861 1181 explicat
1886 1129 2087 1181 Correptio
2114 1129 2353 1180 Gregoriana
2395 1130 2442 1167 ad
2472 1130 2529 1169 lo-

1405 1197 1495 1221 cum
1525 1183 1702 1221 Gratiani
1731 1183 1916 1228 citatum3
1946 1196 2013 1220 nec
2042 1181 2160 1220 aliam
2190 1196 2267 1219 esse
2295 1182 2337 1221 S.
2353 1182 2531 1223 Doctoris

1407 1245 1574 1276 mentem
1594 1267 1604 1284 ,
1634 1236 1754 1288 liquet
1784 1249 1828 1273 ex
1857 1234 2011 1274 laudato
2038 1234 2169 1274 Tract.
2201 1234 2329 1285 VIII„
2374 1237 2440 1276 ubi
2470 1240 2530 1276 in-

1401 1292 1512 1342 quit:
1542 1320 1568 1339 „
1591 1289 1772 1328 Radicata
1801 1298 1854 1326 est
1881 1287 2100 1341 cupiditas>
2128 1289 2271 1342 species
2301 1300 2417 1341 potest
2447 1305 2526 1329 esse

1405 1373 1432 1392 ,,
1460 1344 1647 1382 bonorum
1677 1343 1866 1380 factorum
1884 1371 1894 1390 ,
1938 1355 2028 1379 vera
2056 1355 2172 1394 opera
2213 1342 2311 1382 bona
2341 1357 2418 1381 esse
2447 1358 2525 1383 non

1405 1426 1431 1445 „
1462 1406 1643 1448 possunt.
1695 1394 1874 1433 Radicata
1918 1403 1972 1432 est
1999 1393 2194 1432 charitas?
2239 1410 2394 1434 securus
2424 1407 2527 1447 esto,

1406 1479 1433 1497 „
1463 1448 1560 1487 nihil
1592 1450 1686 1487 mali
1717 1449 1922 1501 procedere
1951 1456 2070 1500 potest
2098 1448 2120 1463 ’'
2139 1474 2150 1486 .
2193 1449 2370 1486 Ceterum
2401 1449 2530 1489 chari-

1403 1511 1476 1540 tate
1508 1512 1588 1540 utut
1620 1503 1784 1541 radicata
1815 1501 1979 1539 deficere
1996 1514 2102 1554 posse
2121 1515 2191 1554 per
2220 1510 2442 1553 peccatum,
2473 1504 2527 1542 ita

1402 1570 1533 1609 saepe,
1563 1557 1597 1594 ἃ
1628 1555 1842 1595 luculenter
1871 1556 2104 1607 Augustinus
2134 1555 2311 1602 tradidit3
2344 1565 2382 1593 ut
2411 1557 2529 1609 plane

1401 1623 1532 1648 coecus
1560 1612 1634 1659 sit,
1664 1611 1731 1662 qui
1763 1609 1799 1646 id
1830 1621 1902 1646 non
1932 1609 2084 1647 videat.
2121 1608 2213 1646 Vid.
2242 1622 2328 1661 sup.
2359 1624 2399 1648 n.
2436 1609 2526 1651 180.

1460 1662 1551 1702 206.
1582 1663 1770 1714 Spiritum
1800 1670 1926 1699 autem
1956 1660 1997 1700 S.
2028 1663 2195 1713 extingui
2227 1675 2360 1714 posse,
2407 1666 2525 1703 meri-

1403 1724 1440 1754 to
1481 1725 1589 1767 negat
1617 1716 1658 1754 S.
1689 1714 1823 1763 Pater,
1866 1719 1907 1752 in
1936 1720 2089 1765 seipso,
2132 1728 2368 1768 quamquam
2400 1715 2527 1757 homi·

1399 1783 1465 1807 nes
1494 1771 1540 1807 ad
1572 1770 1608 1807 id
1637 1778 1821 1807 conentur
1841 1769 2005 1821 peccatis
2033 1770 2134 1806 suis:
2162 1782 2237 1807 non
2266 1778 2375 1821 negat
2395 1779 2525 1810 tamen

1400 1836 1506 1875 posse
1535 1824 1654 1875 ipsius
1682 1823 1848 1874 Spiritus
1874 1822 2004 1859 Sancti
2041 1822 2140 1860 dona
2178 1826 2219 1859 in
2248 1821 2359 1860 nobis
2401 1826 2524 1862 extin-

1397 1878 1461 1927 gui
1479 1907 1491 1926 ,
1537 1890 1628 1914 cum
1657 1877 1820 1928 gratiam
1849 1874 2152 1915 sanctificantem
2181 1875 2298 1928 culpa
2325 1886 2454 1915 nostra
2482 1891 2523 1916 a·

1397 1939 1584 1968 mittimus
1601 1956 1612 1968 .

1454 1997 1547 2035 207.
1576 1983 1636 2021 Ad
1678 1984 1940 2021 auctoritatem
1985 1995 2076 2022 vero
2103 1982 2280 2034 Magistri
2311 1982 2444 2032 Sent.,
2487 1981 2525 2021 ἃ

1398 2037 1576 2076 Gratiani
1607 2051 1705 2089 resp.
1734 2051 1824 2076 cum
1853 2037 1958 2074 Estio
1986 2038 2026 2075 in
2047 2037 2114 2075 Ill.
2144 2036 2249 2074 Sent.
2277 2037 2363 2077 dist.
2385 2038 2450 2077 51.
2482 2035 2523 2091 §-

1400 2102 1438 2127 2.
1486 2091 1527 2128 Si
1559 2091 1597 2128 id
1627 2090 1895 2129 intellexerunt
1937 2091 1986 2128 de
2013 2089 2195 2128 charitate
2237 2088 2353 2140 hujus
2395 2093 2522 2140 vitae,

1400 2157 1556 2182 naevum
1587 2143 1689 2182 hunc
1719 2158 1798 2182 esse
1826 2142 1876 2181 ab
1905 2156 2037 2181 eorum
2067 2142 2179 2182 libris
2209 2146 2346 2181 merito
2375 2157 2526 2195 expuu-

1394 2198 1560 2249 gendum
1578 2224 1590 2236 .
1618 2198 1727 2237 Sicut
1758 2199 1871 2236 etiam
1899 2206 2049 2235 eertum
2071 2206 2150 2245 est,
2180 2198 2382 2248 deceptum
2403 2199 2523 2237 fuisse

1396 2252 1656 2299 Gratianum,
1700 2250 1855 2303 quando
1889 2247 1963 2287 loc.
1993 2252 2059 2289 cit.
2089 2264 2175 2301 cap.
2207 2262 2244 2288 2.
2287 2249 2373 2288 haec
2402 2251 2523 2291 verba.

1398 2314 1596 2357 tamqnam
1619 2306 1818 2355 Augustini
1848 2303 1980 2342 citavit
2009 2305 2050 2342 in
2080 2305 2188 2356 epist.
2217 2303 2264 2341 ad
2293 2303 2522 2344 Julianum:

1400 2356 1615 2408 Charitas,
1662 2370 1752 2410 quoe
1789 2356 1920 2395 deseri
1962 2366 2113 2408 potest,
2162 2370 2386 2408 numquam
2425 2371 2522 2397 vera

1382 2409 1504 2464 sitim
1546 2426 1638 2451 nam
1668 2419 1707 2449 ut
1736 2410 1910 2450 Editores
1938 2410 2176 2450 Benedictini
2213 2420 2312 2449 recte
2339 2410 2521 2451 observa-

1392 2475 1505 2515 runt,
1553 2465 1639 2504 haec
1681 2464 1868 2517 epistola,
1927 2478 2018 2518 quae
2060 2465 2163 2504 idem
2201 2473 2253 2503 est
2295 2478 2384 2503 cum
2418 2464 2521 2504 libro

1392 2518 1441 2557 de
1469 2518 1713 2558 salutaribus
1753 2518 2002 2558 documentis
2044 2517 2099 2556 ad
2134 2517 2352 2570 quemdam
2385 2516 2520 2557 Comi-

1393 2582 1474 2611 tem
1505 2577 1582 2626 (in
1612 2573 1778 2626 append.
1808 2573 1924 2611 Tom.
1953 2571 2021 2609 Vl.
2043 2571 2088 2619 ),
2117 2584 2212 2624 opus
2240 2572 2419 2622 spurium
2439 2581 2518 2621 est,

1394 2626 1428 2662 ἃ
1459 2626 1603 2675 Paulo,
1632 2640 1699 2666 seu
1728 2625 1888 2665 Paulino
1903 2624 2134 2664 Patriarchae
2155 2624 2418 2677 Aquilejensi‚
2447 2627 2518 2677 qui

1393 2680 1550 2719 ineunte
1577 2678 1731 2720 Saeculo
1760 2679 1832 2719 IX.
1862 2678 2018 2727 floruit,
2048 2677 2378 2729 adjudicandum.

1451 2734 1543 2773 208.
1573 2734 1666 2787 Obj.
1697 2742 1826 2772 sexto·
1853 2733 1893 2771 S.
1916 2732 2178 2784 Hieronymus
2207 2733 2247 2770 in
2279 2731 2357 2770 fine
2385 2746 2447 2786 ep.
2468 2731 2517 2771 ad

1395 2786 1596 2827 Ruffinum
1615 2815 1626 2827 .
1668 2787 1887 2834 Amicitia,
1916 2786 2069 2837 inquit,
2105 2798 2195 2837 ‹711oe
2223 2784 2405 2824 desinere
2432 2794 2517 2839 pot-

1396 2850 1481 2890 est,
1511 2855 1605 2881 vera
1633 2853 1856 2892 numquam
1871 2836 1961 2890 fuit
1976 2852 1992 2883 5
2021 2839 2052 2877 si
2082 2852 2170 2892 ergo
2190 2837 2363 2878 homines
2392 2840 2433 2878 in
2453 2839 2518 2891 ju-

1392 2894 1620 2935 stificatione
1648 2907 1736 2932 vere
1766 2893 1858 2931 facti
1893 2900 1978 2930 sunt
2005 2893 2122 2931 amici
2151 2892 2226 2932 Dei
2243 2924 2256 2943 ‚
2297 2905 2517 2946 numquam

1393 2959 1552 3002 possunt
1579 2949 1629 2986 ab
1658 2948 1741 2998 ejus
1769 2946 1940 2984 amicitia
1968 2947 2172 2985 excidere.

1450 3015 1541 3054 209.
1572 3001 1685 3052 Resp.
1702 3029 1712 3048 ‚
1744 2998 1973 3052 Hieronym.
1988 3000 2161 3039 locutum
2178 3014 2255 3039 esse
2275 2998 2515 3052 emphatice,

1391 3054 1428 3092 ἃ
1456 3055 1619 3092 oratorio
1648 3065 1753 3091 more
1795 3053 1844 3091 ad
1883 3054 2136 3093 imitationem
2177 3054 2287 3093 illius
2315 3050 2514 3090 Tullianae

1392 3108 1584 3148 sententiae
1614 3108 1654 3145 111
1670 3106 1760 3145 Lib.
1788 3106 1840 3145 de
1867 3111 2053 3146 amicitia
2080 3120 2167 3161 cap.
2187 3119 2228 3159 9.
2259 3104 2300 3143 V
2296 3119 2379 3144 erae
2406 3108 2514 3144 ami-

1390 3164 1780 3214 citiqessempiternae
1807 3169 1898 3198 sunt
1912 3176 1929 3206 ;
1957 3160 2029 3199 hoc
2058 3170 2138 3208 est,
2168 3160 2412 3209 sempiternae
2431 3170 2514 3195 esse

1391 3214 1601 3255 deberent.
1629 3215 1806 3253 Ceterum
1836 3226 1940 3266 posse
1969 3226 2101 3254 veram
2116 3211 2328 3250 amicitiam
2343 3222 2511 3258 cessare,

1394 3270 1428 3307 &
1456 3268 1568 3317 tolli,
1597 3267 1659 3307 vel
1688 3267 1768 3321 ipso
1795 3280 1863 3306 suo
1891 3267 2067 3320 exemplo
2094 3265 2190 3303 scire
2216 3265 2336 3316 potuit
2354 3263 2396 3302 S.
2414 3262 2509 3302 Hie-

1393 3336 1605 3378 ronymus,
1632 3333 1744 3373 cnjus
1771 3321 1986 3374 diutinam,
2014 3319 2050 3358 δε
2076 3319 2265 3361 sinceram
2291 3317 2514 3359 amicitiam

2362 3381 2455 3410 cum
