2570 3745
211 181 298 224 &18

149 259 239 298 {icat
255 289 265 307 ,
295 258 367 296 nisi
383 269 455 297 non
470 256 709 311 respiciendo
724 290 735 308 ,
763 274 830 298 seu
844 274 919 299 non
936 260 1158 314 imputando
1173 274 1262 312 pec-

145 321 228 351 cata
251 338 261 350 .

202 380 267 417 77.
298 365 411 418 Resp.
441 365 680 405 Psalmistam
708 370 876 420 seipsum
905 368 1127 420 explicare,
1168 367 1263 404 dum

146 422 321 457 continuo
351 419 502 458 subdit:
538 419 594 457 Et
621 434 763 459 omnes
794 426 1020 472 iniquitates
1050 433 1165 457 meas
1195 420 1260 457 de-

148 474 212 511 le:
243 487 309 511 uec
340 473 450 510 aliter
479 473 747 526 intelligendus
776 485 827 513 est
857 475 896 512 S.
927 474 968 512 P.
997 473 1260 523 Augustinus.

147 528 190 564 ln
221 526 290 564 hoc
320 535 446 565 autem
476 529 682 566 adversarii
704 529 968 579 decipiuntur,
998 527 1097 577 quod
1128 524 1262 575 liujus-

146 581 250 618 modi
280 580 401 618 solum
431 581 515 619 loca
541 582 804 628 considerant,
855 582 893 618 in
924 579 1064 631 quibus
1107 587 1262 628 peccata

145 635 246 685 tegi,
278 634 337 670 vel
369 647 439 672 non
469 636 650 686 imputari
681 634 884 679 dicuntur,
914 633 999 668 aliis
1029 633 1260 682 praetermis-

145 689 221 735 sis,
264 688 304 725 in
334 688 475 738 quibus
503 689 635 725 eadem
663 695 817 738 peccata
855 697 1006 736 prorsus
1033 685 1180 732 deleri,
1227 685 1262 721 8<

147 748 188 778 ut
219 743 271 779 ita
298 741 425 778 dicam
442 771 454 789 ,
483 741 665 779 radicitus
692 739 962 787 averruncari,
993 740 1195 791 perspicue
1214 739 1264 778 si-

144 794 402 846 gnificantur.

203 847 267 898 78.
298 847 389 892 Ubi.
418 845 612 885 secundo.
650 845 692 882 In
723 843 831 896 justis
860 844 985 883 adhuc
1013 849 1101 884 sun't
1129 848 1264 898 pecca-

144 909 182 938 ta
200 927 210 937 .
241 901 339 938 Nam
361 894 568 950 'Apostolus
597 897 738 936 Paulus
767 898 815 936 ad
845 898 955 938 Rom.
986 899 1072 937 VII.
1108 913 1168 951 17.
1206 900 1264 938 di-

145 955 279 993 cebat:
310 983 336 999 „
367 951 443 1002 jam
475 964 548 989 non
577 966 645 1003 ego
672 965 808 1005 operor
837 952 957 1002 illud,
986 954 1050 992 sed
1078 953 1265 1005 quodlta-

149 1037 175 1055 „
205 1007 297 1045 bitat
329 1007 364 1042 in
394 1019 455 1042 me
485 1016 683 1057 peccatum
713 1006 734 1021 ’³

204 1073 266 1110 ές).
299 1059 439 1110 Resp.,
478 1060 629 1097 nomine
659 1060 803 1111 peccati
834 1060 888 1098 ibi
917 1059 968 1098 ab
998 1060 1177 1113 Apostolo
1205 1061 1265 1100 in·

146 1113 266 1164 telligi
296 1114 671 1162 concupiscentiam,
713 1127 804 1165 quae
835 1115 874 1151 in
905 1113 1013 1165 justis
1054 1114 1179 1153 adime
1208 1128 1266 1153 re-

146 1176 296 1214 manet,
327 1166 359 1201 8(
390 1166 530 1203 dicitur
560 1175 786 1218 peccatum,
816 1169 908 1219 quia
938 1182 981 1206 ex
1004 1177 1157 1220 peccato
1186 1177 1265 1217 est,

147 1219 182 1255 ἃ
211 1220 257 1256 ad
287 1229 483 1271 peccatum
507 1220 689 1269 inclinat,
719 1222 1045 1274 quemadmodum
1067 1235 1111 1259 ex
1127 1221 1167 1260 S.
1186 1223 1265 1260 Au·

146 1274 295 1324 gustino
317 1272 538 1310 'l'ridentina
555 1273 733 1326 Synodus
761 1274 970 1313 declaravit
985 1275 1082 1314 Sess.
1099 1275 1148 1314 V.
1179 1290 1265 1314 can.

148 1328 186 1365 5.
218 1326 275 1364 his
305 1327 453 1365 verbis:
484 1356 509 1374 „
540 1327 648 1365 Hanc
677 1330 1020 1380 concupiscentiam
1038 1360 1048 1378 ,
1076 1343 1195 1382 quam
1223 1344 1266 1367 a-

149 1410 176 1429 „
207 1379 388 1432 liquando
420 1379 618 1432 Apostolus
661 1392 858 1432 peccatum
896 1383 1091 1434 appellat,
1139 1390 1267 1422 sancta

148 1463 174 1481 „
205 1434 381 1484 Synodus
409 1432 602 1482 declarat,
647 1433 860 1473 Ecclesiam
889 1435 1126 1474 Catliolicam
1169 1449 1266 1473 nun-

146 1516 173 1534 „
204 1501 318 1538 quam
351 1486 580 1524 intellexisse
610 1498 807 1538 peccatum
830 1488 1047 1540 appellari,
1076 1489 1179 1542 quod
1199 1503 1263 1527 ve-

148 1569 176 1589 „
208 1553 247 1577 re
265 1571 274 1588 ,
304 1540 338 1576 δε
369 1541 521 1593 proprie
551 1542 590 1578 in
622 1542 756 1579 renatis
772 1543 816 1579 sit
837 1552 1063 1593 peecatum,
1091 1543 1156 1582 sed
1173 1543 1266 1594 quia.

148 1623 175 1642 „
206 1607 250 1630 ex
280 1603 434 1645 peccato
463 1603 535 1642 est,
566 1593 599 1629 8<
628 1594 674 1631 ad
705 1604 902 1646 peccatum
932 1595 1094 1634 inclinat
1115 1597 1165 1634 ''.
1196 1595 1266 1634 Vi-

147 1649 221 1694 de,
251 1661 338 1699 quae
368 1648 468 1684 dicta
497 1657 580 1685 sunt
609 1647 658 1685 T.
690 1648 758 1686 IV.
789 1648 891 1686 Diss.
921 1651 991 1688 III.
1022 1664 1061 1688 n.
1097 1651 1134 1687 5.
1167 1663 1248 1701 seq.

203 1700 270 1737 80.
302 1701 415 1738 Dices
433 1726 443 1737 .
472 1700 513 1738 Si
543 1711 713 1739 remanet
743 1703 889 1753 peccati
919 1704 1027 1740 radix
1045 1733 1056 1750 ,
1085 1716 1174 1754 ergo
1203 1716 1266 1739 ve·

149 1765 238 1791 rum
267 1763 347 1801 est,
376 1753 478 1805 quod
500 1753 741 1791 protestantes
770 1755 931 1803 docent,
962 1764 1114 1807 peccata
1141 1754 1267 1793 solum

150 1807 261 1854 radi,
292 1806 326 1842 δε
356 1809 457 1858 tegi,
500 1820 574 1844 non
606 1820 694 1845 vero
725 1808 904 1845 radicitus
934 1808 1046 1857 tolli,
1089 1809 1123 1845 8<
1151 1810 1268 1847 extir-

151 1873 234 1912 pari
258 1886 268 1896 .

208 1914 274 1951 St.
308 1912 447 1964 Ἡρη»,
496 1912 673 1951 subtilem
707 1913 805 1951 hano
836 1928 912 1952 esse
953 1914 1267 1964 cavillationem,

154 1981 244 2019 quae
274 1976 345 2003 tota
377 1969 414 2003 in
447 1967 749 2017 aequivocatione
777 1968 920 2006 cubat.
949 1970 1270 2020 Concupiscentia

153 2023 256 2058 enim
287 2020 427 2057 dicitur
454 2022 598 2072 peccati
630 2021 737 2058 radix
768 2034 842 2058 non
861 2021 1081 2072 formalis,
1111 2023 1175 2060 sed
1195 2026 1267 2060 vir-

154 2074 296 2111 tualis:
339 2085 414 2110 non
443 2074 550 2124 quasi
583 2075 690 2111 radix
720 2073 857 2126 capilli
889 2076 988 2124 rasi,
1035 2088 1124 2126 quae
1154 2088 1199 2113 ex
1229 2089 1267 2112 se

151 2129 290 2166 iterum
321 2128 480 2174 crescit,
511 2126 543 2163 8<
573 2127 759 2180 capillum
780 2130 994 2180 germinat,
1023 2129 1087 2166 sed
1107 2130 1199 2181 quia
1219 2130 1270 2167 ita

155 2182 201 2218 ad
233 2179 379 2218 malum
412 2180 594 2229 inclinat,
632 2191 672 2219 ut
702 2182 772 2219 nisi
802 2181 1001 2230 voluntas,
1044 2185 1165 2233 gratia
1194 2183 1270 2220 Dei

154 2234 391 2286 opitulante,
421 2243 495 2272 tota
525 2249 592 2273 sua
621 2237 659 2273 vi
688 2237 855 2284 resistat,
903 2235 1075 2274 homines
1103 2236 1152 2274 ad
1180 2250 1270 2289 pec·

155 2298 238 2325 cata
268 2289 406 2325 iterum
435 2286 581 2326 trahat.

210 2341 276 2378 82.
306 2341 399 2386 Obi.
431 2341 466 2378 5.
497 2342 592 2379 Justi
623 2356 820 2394 nunquam
848 2352 934 2380 sunt
964 2359 986 2381 a
1014 2344 1178 2395 peccatis
1197 2344 1271 2381 im-

158 2406 312 2432 munes:
356 2394 509 2431 Dicitur
552 2396 650 2432 enirn
682 2397 789 2433 Isaiae
821 2396 963 2436 LXIV.
993 2396 1057 2435 6.;
1104 2426 1132 2446 „
1162 2397 1270 2435 Facti

159 2477 188 2496 „
216 2461 373 2494 sumus,
405 2456 443 2484 nt
472 2448 661 2485 immundi
691 2463 822 2487 omnes
851 2464 943 2500 nos,
975 2450 1008 2486 ἃ
1037 2452 1144 2502 quasi
1176 2465 1271 2503 pan-

159 2530 186 2549 „
216 2514 287 2538 nus
318 2510 554 2538 menstruatae
583 2515 716 2539 omnes
745 2502 896 2553 justitiae
927 2513 1089 2542 nostras.
1121 2503 1174 2542 Et
1203 2503 1271 2542 Job

160 2584 186 2603 „
216 2558 416 2604 antiquior
445 2554 556 2592 Imm
587 2554 741 2593 <limabat
770 2569 804 2593 c·
827 2556 900 2595 IX.
933 2572 968 2596 2.
1000 2558 1099 2596 Vere
1129 2559 1208 2596 scio
1228 2584 1270 2597 ...

159 2638 187 2657 „
216 2609 317 2661 qnod
348 2621 421 2645 non
452 2607 679 2654 justificetur
708 2608 822 2647 homo
850 2613 1077 2662 compositus
1094 2612 1191 2649 Deo:
1220 2612 1272 2652 &³

160 2690 187 2710 „
216 2674 304 2711 cap.
333 2660 467 2700 XXV.
498 2662 536 2708 4.
569 2663 628 2700 5.;
677 2664 876 2715 Numquid
913 2664 1113 2715 justificari
1155 2674 1273 2717 potest

160 2743 188 2761 „
218 2713 331 2752 homo
358 2726 598 2767 comparatus
629 2715 737 2764 Deo,
785 2727 849 2755 aut
879 2732 1064 2769 apparere
1107 2719 1272 2757 mundus

163 2795 190 2814 „
220 2778 327 2805 natus
355 2769 400 2806 de
429 2768 620 2807 muliere?
654 2769 755 2808 Ecce
784 2770 873 2809 luna
905 2774 1016 2809 etiam
1046 2786 1119 2809 non
1148 2772 1272 2824 splen-

164 2848 190 2867 „
219 2819 305 2876 det,
336 2821 367 2857 8<
397 2823 517 2860 stellae
547 2837 622 2861 non
653 2833 738 2862 sunt
768 2825 923 2862 mundae
954 2826 992 2862 in
1009 2834 1212 2876 conspectu
1234 2840 1271 2864 e-

162 2902 191 2920 „
220 2886 306 2922 Jns.
337 2874 436 2912 Item
467 2876 575 2915 Psal.
608 2877 770 2916 CXLII.
802 2892 839 2916 2.
884 2879 967 2916 Non
1000 2879 1110 2916 intres
1140 2880 1177 2916 in
1210 2879 1270 2931 ju-

163 2954 190 2973 „
219 2925 362 2986 dicium
393 2943 478 2967 cum
509 2945 615 2969 servo
642 2941 734 2980 tuo,
777 2934 868 2984 quia
897 2945 968 2970 non
999 2931 1271 2984 justificabitur

163 3007 191 3027 „
221 2992 260 3016 tn
292 2992 487 3030 conspectu
518 2993 581 3020 tuo
610 2987 732 3022 onmis
761 2989 916 3024 vivens:
964 2991 1026 3024 cui
1055 2987 1184 3024 simile
1213 2996 1271 3025 est

165 3061 193 3079 „
223 3031 315 3068 illud
345 3031 450 3070 Psal.
484 3035 668 3075 CXXIX.
687 3039 747 3077 3.:
777 3040 817 3077 Si
851 3041 1066 3092 iniquitates
1094 3040 1270 3079 observa-

164 3113 190 3132 „
221 3086 320 3122 Verlfl
341 3085 529 3135 Domine,
561 3090 748 3140 Domine,
784 3095 869 3144 quis
898 3093 1122 3132 sustinebit?
1151 3094 1270 3133 Jocm.

163 3167 190 3186 „
220 3142 341 3175 etiam
373 3144 482 3186 epist.
510 3154 541 3177 i.
560 3155 592 3177 c.
622 3144 652 3180 l.
682 3144 720 3182 ὃ.
751 3146 790 3183 Si
821 3148 1057 3195 dixerimus,
1087 3150 1271 3200 quoniam

162 3220 189 3239 „
220 3195 418 3243 peccatum
449 3206 522 3230 non
555 3194 761 3246 habemus,
793 3201 863 3252 ipsi
885 3215 949 3239 nos
969 3201 1205 3250 seducimus,
1235 3202 1269 3237 &

162 3273 190 3291 τι
218 3247 354 3283 Vffl‘lissfl
385 3246 424 3282 5¹2
454 3246 560 3283 [1οὗἶὸ
588 3261 661 3284 ¹101]
693 3260 743 3286 est
773 3253 819 3290 ”’.
858 3254 897 3291 Si
927 3264 1053 3292 autem
1085 3269 1171 3293 vere
1201 3255 1271 3292 tol-

161 3297 330 3336 lerentur
361 3308 539 3350 peccata,
582 3299 712 3339 saltem
743 3304 862 3356 aliqui
891 3310 1047 3346 omnino
1074 3308 1192 3361 justi,
1238 3308 1271 3343 8<

161 3353 297 3390 mundi
328 3352 584 3390 invenirentur
600 3379 610 3389 .

218 3405 283 3444 85.
315 3404 425 3458 Resp.
455 3406 502 3444 ad
535 3419 596 3455 1.,
626 3407 762 3445 Isaiam
793 3408 897 3460 loqui
926 3412 971 3450 de
1001 3414 1141 3465 populo
1155 3416 1272 3452 lsrae-

715 178 797 224 ΒΕ
829 170 1064 225 GRATIA
1096 177 1144 222 P.
1174 178 1233 223 11.
1264 170 1530 222 DISSERT'.
1564 180 1620 224 11.
1653 182 1782 227 cap,
1816 184 1896 228 ΠΙ.

1331 258 1438 296 litico
1466 258 1536 296 sub
1566 259 1673 311 lege,
1700 262 1814 314 cujus
1843 262 2000 316 proinde
2029 262 2173 313 justitia
2201 261 2330 301 vocari
2360 271 2444 303 me-

1331 313 1403 349 rito
1432 320 1573 363 poterat
1602 315 1869 365 immunditia,
1899 319 1992 370 quia
2020 317 2080 354 lex
2109 320 2188 355 vim
2211 316 2448 368 justificandi

1331 366 1491 402 minime
1522 365 1686 404 habebat
1703 393 1714 405 .
1744 368 1863 407 Erant
1889 371 2045 422 quidem
2066 372 2181 408 etiam
2203 381 2293 409 tunc
2322 371 2447 423 aliqui

1329 417 1487 466 Sancti,
1529 419 1593 456 sed
1622 422 1871 471 paucissimi,
1913 427 1981 475 qui
2010 437 2084 462 non
2113 425 2160 462 ad
2188 423 2310 475 legem
2328 455 2339 472 ,
2378 424 2450 463 sed

1327 472 1376 509 ad
1402 472 1607 523 spiritum,
1637 472 1672 508 St
1700 476 1860 525 gratiam
1889 478 1979 513 novi
2011 477 2245 517 Testamenti
2277 480 2447 530 pertine-

1328 525 1447 571 bant,
1491 527 1635 577 quique
1664 527 1702 563 in
1734 526 1805 564 liae
1832 529 2001 578 generali
2029 534 2208 569 sententia
2236 544 2310 568 non
2341 545 2445 570 com-

1332 577 1648 630 prehenduntur.
1686 579 1733 616 Et
1759 594 1847 617 sane
1875 581 1921 617 de
1948 584 2127 633 operibus
2155 584 2342 635 justorum
2374 585 2446 623 sub

1328 633 1450 682 gratia
1478 632 1589 669 aliter
1632 632 1800 684 loquitur
1829 633 2054 684 Scriptura:
2100 650 2189 674 nam
2220 639 2267 675 de
2295 637 2445 676 Christo

1331 686 1383 723 ita
1412 683 1555 723 Paulus
1583 685 1630 723 ad
1659 686 1738 724 Tit.
1768 685 1814 724 il.
1852 686 1911 732 14.
1941 688 2015 723 ait:
2056 688 2136 735 Qui
2164 690 2267 728 dedit
2293 693 2447 730 semeti-

1332 768 1358 787 „
1389 753 1502 791 psum
1533 753 1602 791 pro
1630 739 1766 787 uobis,
1810 749 1850 777 ut
1879 753 1942 777 nos
1972 740 2172 778 redimeret
2201 743 2250 780 ab
2276 746 2383 783 omni
2414 746 2448 783 i-

1332 821 1360 840 „
1389 793 1574 844 niquitate
1592 823 1602 841 ,
1634 793 1668 829 &
1699 793 1901 830 mundaret
1929 792 2005 831 sibi
2024 792 2210 845 populum
2231 798 2448 848 acceptabi-

1332 876 1359 893 „
1390 844 1494 894 lem,
1523 855 1742 884 sectatorem
1773 846 1960 884 bonorum
1990 860 2150 899 operum
2181 848 2226 885 ”.
2257 847 2306 885 Et
2328 850 2447 900 Apoc.

1331 899 1444 938 XIX.
1461 899 1500 938 8.
1531 899 1820 951 justificationes
1835 900 2059 938 Sanctorum
2074 910 2345 953 comparantur
2360 901 2450 954 bys-

1331 957 1420 990 sino
1434 953 1677 1003 splendenti,
1706 956 1756 995 <9⁴
1773 953 1969 992 candido.
2001 954 2177 991 Attamen
2199 962 2451 1006 quantacum-

1331 1018 1408 1059 que
1435 1009 1482 1046 sit
1511 1007 1710 1045 hominum
1740 1009 1914 1060 puritas,
1944 1007 1977 1044 8<
1998 1009 2194 1056 sanctitas,
2225 1022 2358 1047 verum
2376 1017 2450 1058 est,

1332 1060 1435 1112 quod
1463 1061 1614 1100 dicebat
1630 1061 1727 1110 Job,
1756 1076 1841 1099 eam
1872 1063 1912 1099 in
1939 1063 2221 1113 comparatione
2250 1063 2454 1101 sanctitatis

1333 1115 1409 1152 Dei
1438 1116 1546 1167 quasi
1577 1116 1864 1153 immunditiam
1897 1117 2094 1167 reputari.
2127 1115 2237 1153 Unde
2257 1114 2298 1153 S.
2322 1115 2452 1167 Augu-

1332 1168 1454 1206 stinus
1484 1169 1521 1206 in
1551 1169 1639 1207 Lib.
1669 1169 1713 1206 ad
1744 1169 1923 1206 Orosium
1951 1182 2038 1219 cap.
2075 1182 2135 1206 10.
2178 1169 2376 1221 inquiebat
2402 1169 2452 1206 de

1333 1220 1582 1260 homiuibus:
1627 1252 1653 1270 „
1683 1222 1804 1273 Cujus
1833 1222 2125 1274 participatione
2153 1222 2242 1273 justi
2272 1232 2383 1270 sunt,
2414 1237 2453 1260 e·

1332 1305 1361 1324 „
1390 1274 1450 1326 jus
1477 1277 1762 1327 comparatione
1790 1289 1860 1313 nec
1889 1274 1978 1325 justi
2008 1284 2115 1313 sunt:
2143 1277 2194 1316 <J
2224 1280 2305 1327 ipse
2325 1276 2394 1314 Iob
2415 1289 2452 1315 c·

1333 1358 1361 1378 „
1391 1325 1462 1365 IV.
1498 1342 1559 1379 17.
1599 1328 1803 1379 Numquid
1833 1327 1948 1364 homo
1978 1327 2050 1365 Dei
2078 1331 2361 1381 comparatione
2390 1329 2454 1381 ju-

1333 1411 1362 1429 „
1391 1380 1648 1428 stificabitur,
1691 1390 1757 1418 aut
1787 1380 1928 1417 factore
1955 1393 2023 1416 suo
2052 1383 2185 1431 purior
2214 1384 2285 1419 erit
2315 1385 2372 1420 vir
2401 1381 2454 1420 ’Ἴ

1333 1435 1398 1472 Sic
1427 1433 1560 1472 lumen
1588 1434 1756 1471 candelae
1789 1432 1944 1471 nullum
1973 1447 2050 1471 esse
2079 1434 2245 1472 dicimus
2275 1436 2318 1473 in
2346 1449 2454 1473 com-

1332 1488 1529 1540 paratione
1558 1487 1671 1526 solis.

1388 1540 1455 1586 84.
1487 1541 1526 1579 lu
1555 1541 1682 1579 verbis
1711 1549 1839 1578 autem
1868 1539 2008 1579 Psalm.
2038 1540 2195 1578 CXLII.
2238 1540 2362 1579 solum
2397 1542 2455 1580 in-

1332 1595 1508 1632 dicantur
1538 1604 1691 1646 peccata
1721 1593 1888 1632 venialia
1907 1623 1916 1641 ,
1946 1594 2088 1645 quibus
2109 1593 2283 1644 necjusti
2299 1604 2455 1644 carent,

1334 1651 1412 1684 nisi
1439 1660 1494 1683 ex
1522 1648 1685 1697 speciali
1715 1648 1912 1699 privilegio
1930 1677 1940 1694 ,
1970 1647 2311 1698 quemadmodum
2342 1649 2390 1686 de
2406 1648 2455 1687 B.

1339 1699 1503 1752 Virgine
1531 1710 1638 1738 tenet
1669 1700 1884 1748 Ecclesia,
1930 1709 1969 1737 ut
2000 1702 2039 1739 in
2067 1701 2183 1738 Cone.
2213 1701 2325 1739 Trici.
2354 1702 2454 1741 Sess.

1335 1753 1405 1791 VI.
1434 1768 1521 1791 can.
1554 1754 1618 1793 25⁷.
1646 1755 1849 1792 definitum
1879 1754 1979 1791 fuit.
2008 1754 2120 1792 Unde
2140 1753 2180 1791 S.
2200 1754 2455 1805 Augustinus,

1334 1816 1535 1859 postquam
1564 1808 1746 1856 dixisset,
1789 1807 1942 1845 Sanctos
1973 1820 2046 1845 non
2076 1809 2128 1844 ita
2156 1810 2282 1844 sanari
2313 1810 2352 1845 in
2383 1807 2456 1846 hac

1337 1862 1443 1908 vita,
1475 1871 1512 1898 ut
1541 1861 1718 1898 omnibus
1749 1862 1877 1909 vitiis,
1907 1860 1940 1896 8(
1971 1862 2133 1912 peccatis
2155 1862 2345 1899 immunes
2366 1862 2455 1910 sint,

1337 1915 1389 1952 ita
1418 1914 1544 1952 subdit
1575 1915 1665 1952 Lib.
1698 1916 1745 1952 ll.
1793 1914 1840 1952 de
1869 1924 2128 1964 peccatorum
2171 1919 2324 1951 meritis
2369 1928 2456 1967 cap·

1341 1979 1427 2019 19.t
1455 1998 1481 2015 „
1512 1967 1562 2005 Ut
1593 1979 1778 2020 quantum
1810 1970 1972 2019 pertinet
2002 1968 2049 2005 ad
2080 1969 2363 2019 integerrimam
2395 1981 2455 2005 re-¹

1336 2050 1364 2069 „
1392 2020 1523 2072 gulam
1553 2023 1722 2059 veritatis
1750 2020 1855 2072 ejus,
1885 2034 1957 2058 non
1980 2020 2206 2072 justificetur
2227 2022 2265 2058 in
2295 2035 2455 2073 conspe-

1336 2104 1364 2123 „
1393 2083 1456 2112 ctu
1487 2073 1568 2125 ejus
1595 2077 1720 2113 omnis
1749 2077 1880 2114 vivens
1909 2075 1959 2112 ''.
1998 2076 2177 2113 Ceterum
2209 2074 2349 2113 multos
2379 2085 2456 2113 esse

1336 2142 1360 2165 a
1388 2127 1593 2165 lethalibus
1621 2129 1729 2166 noxis
1759 2141 1895 2180 puros,
1926 2128 2028 2166 idem
2059 2127 2258 2165 Psalmista
2287 2126 2457 2166 declarat

1336 2180 1478 2220 Psalm.
1497 2180 1677 2220 CXVIII.
1706 2183 1856 2219 dicens:
1886 2181 2002 2218 Beati
2021 2181 2278 2218 immaculati
2307 2185 2347 2218 in
2368 2185 2455 2229 ria,

1336 2238 1402 2287 qui
1431 2234 1643 2273 ambulant
1673 2239 1713 2272 ιή
1744 2236 1830 2286 lege
1859 2234 2056 2279 Domini5
2086 2234 2118 2270 ἃ
2137 2234 2233 2272 l’sal.
2251 2234 2379 2272 XVII.
2408 2235 2457 2273 de

1338 2302 1376 2326 se
1406 2291 1487 2341 ipso
1516 2290 1629 2326 dicit:
1664 2288 1861 2326 Iietrc'huet
1891 2287 1986 2325 mihi
2007 2287 2206 2326 Dominus
2236 2287 2457 2326 secundum

1330 2351 1533 2394 Justttmm
1565 2355 1701 2378 meam
1718 2367 1729 2379 .

1392 2396 1459 2434 85.
1492 2395 1670 2447 Denique
1700 2395 1741 2433 S.
1770 2394 1925 2432 Joannis
1956 2395 2213 2434 testiinonium
2244 2395 2458 2446 intelligen-

1336 2449 1429 2487 dum
1462 2458 1512 2486 est
1541 2449 1586 2487 de
1616 2450 1780 2502 peccatis
1809 2447 2043 2496 venialibus,
2073 2464 2094 2486 a
2123 2449 2263 2500 quibus
2293 2462 2364 2487 nec
2394 2447 2456 2500 ju-

1337 2505 1382 2540 sti
1414 2505 1606 2541 immunes
1634 2513 1740 2549 sent3
1772 2511 1810 2540 ut
1831 2504 1931 2540 enim
1953 2502 2091 2539 dicitur
2104 2502 2186 2539 Jac.
2205 2503 2271 2539 Ill.
2301 2506 2340 2538 ιή
2358 2502 2458 2538 mul-

1338 2560 1388 2594 tis
1417 2555 1660 2606 offendimus
1687 2569 1828 2594 ornnes
1844 2586 1854 2604 ,
1885 2555 1918 2590 ἃ
1936 2554 2009 2591 Job
2026 2554 2115 2592 XV.
2139 2556 2223 2592 15.:
2257 2554 2353 2591 Caelz·
2375 2567 2458 2592 non

1340 2620 1431 2648 sunt
1461 2610 1598 2647 mnndi
1627 2615 1667 2648 in
1697 2618 1904 2656 conspectu
1920 2609 2028 2654 ejus5
2060 2606 2092 2642 8(
2122 2616 2319 2659 propterea
2341 2609 2457 2646 etiam

1341 2663 1429 2716 J‘usti
1463 2666 1512 2702 ita
1545 2665 1670 2702 Deum
1698 2672 1833 2708 orant;
1881 2660 2032 2698 dimitte
2076 2659 2186 2697 nobis
2227 2660 2357 2698 debita
2386 2674 2456 2698 no-

1339 2728 1458 2762 scrti5
1503 2719 1600 2755 unde
1630 2719 1670 2756 S.
1702 2719 1856 2767 August.
1900 2716 2006 2765 epist.
2035 2713 2207 2752 CLVIII.
2238 2714 2288 2751 al.
2321 2714 2385 2767 89.
2417 2729 2455 2753 n.

1340 2772 1380 2810 5.
1412 2781 1510 2809 recte
1540 2771 1758 2824 inquiebat:
1790 2798 1814 2816 2,
1843 2767 1922 2815 Qui
1955 2768 2214 2805 misericordia
2245 2768 2316 2806 Dei
2346 2767 2457 2819 adju-

1397 2836 1453 2862 tus
1471 2856 1481 2873 ,
1513 2824 1545 2860 8<
1573 2827 1720 2877 gratia,
1750 2822 1799 2860 al)
1829 2823 1881 2858 eis
1902 2822 2066 2872 peccatis
2088 2821 2335 2869 abstinuerit,
2365 2835 2454 2874 quae

1397 2881 1508 2917 etiam
1541 2880 1706 2916 crimina
1737 2883 1948 2921 vocantur,
1978 2884 2091 2927 atque
2113 2875 2179 2912 illa
2197 2884 2372 2927 peccata,
2403 2876 2455 2913 si*-

1397 2948 1442 2970 ne
1471 2932 1610 2984 quibus
1642 2943 1712 2967 non
1741 2928 1804 2965 hic
1834 2929 2005 2974 vivitur,
2048 2928 2232 2966 mundare
2273 2928 2458 2981 operibus·

1399 2984 1696 3030 misericordiae,
1745 2982 1777 3016 &
1809 2982 1880 3032 piis
1909 2981 2146 3019 orationibus
2175 2995 2248 3020 non
2279 2982 2451 3034 neglexe-

1397 3042 1470 3086 rit,
1501 3036 1709 3075 merebitnr
1737 3033 1824 3071 hinc
1854 3036 1957 3072 exire
1987 3035 2066 3072 sine
2094 3032 2273 3086 peccam,
2316 3047 2453 3086 quam*

1397 3093 1478 3139 vis,
1509 3104 1596 3128 cum
1630 3089 1691 3126 hic
1721 3089 1890 3136 viveret,
1940 3087 2116 3126 habuerit
2145 3087 2331 3126 nonnulla
2363 3101 2451 3137 pec-

1396 3153 1500 3183 cata:
1530 3144 1622 3194 quia
1650 3143 1744 3180 sicut
1774 3143 1839 3178 ista
1870 3155 1943 3180 non
1972 3142 2205 3188 defuerunt,
2243 3141 2294 3178 ita
2323 3153 2449 3178 reme-

1395 3199 1456 3236 dia
1475 3229 1484 3244 ,
1514 3197 1654 3249 quibus
1684 3204 1960 3246 purgarentur,
1990 3194 2180 3232 affuerunt
2209 3194 2230 3209 '²

1393 3251 1458 3289 86.
1489 3251 1629 3288 Dices.
1659 3248 1698 3285 S.
1730 3247 1988 3301 Hieronymus
2017 3248 2104 3285 Lib.
2136 3248 2200 3284 111.
2239 3248 2277 3283 iu
2306 3246 2449 3285 Jerem.

1339 3320 1425 3358 cap.
1462 3304 1520 3342 15.
1551 3302 1742 3354 explicans
1771 3303 1882 3339 citata
1913 3301 2028 3338 verba
2058 3299 2154 3336 Psal.
2183 3300 2336 3338 CXLII.
2354 3330 2365 3349 ,
2390 3301 2451 3338 'id

1339 3360 1483 3397 dictum
1513 3371 1588 3394 esse
1615 3355 1812 3402 observat,
1842 3368 1920 3392 non
1938 3353 1990 3391 acl
2011 3358 2353 3403 comparationem
2369 3353 2448 3391 Dei

1341 3417 1358 3465 (
1387 3421 1429 3451 ut
1457 3419 1623 3458 veterat,
1651 3409 1700 3448 (θ’
1730 3412 1818 3447 novi
1846 3408 2022 3446 haeretici
2050 3407 2177 3446 volunt
2194 3438 2204 3458 ,
2235 3409 2284 3449 (9·
2313 3415 2447 3459 patro-

2360 3473 2402 3497 uz

1339 2856 1366 2874 2>

1338 2909 1366 2928 θ’

1338 2963 1366 2983 ³2

1339 3016 1367 3035 Ἃ

1339 3069 1367 3089 29

1339 3123 1367 3142 2>

1339 3176 1365 3195 2²

1338 3229 1365 3248 2²
