2570 3745
906 120 988 170 DE
1022 122 1558 172 CONCUPISCENTIA
1577 157 1589 170 .
2291 150 2312 167 .-

69 235 103 258 „
129 206 226 246 ratio
253 204 470 246 deliberans
497 215 572 243 non
593 210 705 256 potest
725 216 924 243 occurrere
942 235 952 253 ‚
982 206 1081 258 quod
1098 218 1188 243 con-

74 290 104 311 „
133 262 241 313 tingit
269 262 308 299 in
334 258 469 298 subitis
498 257 689 296 motibus.
734 259 834 296 Cum
864 268 991 297 autem
1021 273 1066 296 ex
1098 271 1188 348 *prrs-

75 335 103 363 ·„
131 314 236 352 sione
261 312 402 364 aliquis
425 311 598 400 procedit
627 311 674 349 ad
703 320 831 350 actum
861 313 1029 364 peccati,
1059 325 1103 350 ve
1139 311 1188 350 ad

76 396 102 416 ‚‚
131 377 352 405 consensum
374 364 428 402 vde
448 364 635 402 iberatutn
650 393 660 413 ,
686 363 761 403 hoc
783 378 855 404 non
877 365 919 403 fit
938 365 1086 417 subito,
1117 378 1187 402 un·

76 449 101 468 „
129 418 176 455 de
205 419 299 456 ratio
326 415 550 455 deliberans-
572 427 687 468 potest
699 418 794 456 ‘huic
822 430 1040 456 occurrere:
1071 426 1187 469 potest

74 499 100 520 „
125 472 224 508 enim
246 468 446 508 excludere
462 500 472 518 ,
499 467 563 508 vel
580 470 718 509 saltem
740 472 926 524 impedire
943 473 1184 523 -passioirem;

70 552 97 572 „
127 523 227 560 unde
255 523 285 560 si
316 535 390 560 non
423 533 622 571 occurrat,
673 534 723 562 est
764 534 961 576 peccatum
1003 523 1183 561 mortale:

70 603 98 624 ,‚
121 577 225 614 sicut
248 576 447 624 videmus,
476 578 579 629 quod
600 578 719 616 innita
734 575 971 625 homicidia,
1001 576 1034 612 ἃ
1063 575 1183 615 multa

67 656 95 678 „
123 628 312 667 adulteria
338 643 406 683 per
436 631 646 682 passionem
676 633 962 669 committuntur
992 633 1018 651 “
1036 655 1047 667 .

121 682 188 728 45.
218 682 394 721 Notanda
419 693 473 721 est
500 684 615 722 etiam
645 684 721 723 alia
765 683 937 735 ejusdem
964 682 1005 722 S.
1031 681 1182 720 Praece-

64 737 185 788 ptoris
225 736 399 775 doctrina
439 745 509 774 art.
552 739 719 789 praeced.
751 738 816 775 ubi
859 734 1180 789 distinguendum

66 796 152 836 est,
181 789 306 842 inquit
323 818 334 838 ,
358 817 392 838 -„
420 791 514 842 quia
537 792 665 842 passio
691 790 922 843 quaudoque
951 789 1106 842 quidem
1123 797 1181 826 'est

68 871 94 891 ,‚
125 850 253 891 tanta,
275 844 385 896 ¹quod
407 841 575 881 'totaliter
600 842 727 881 aufert
758 856 868 880 usum
892 843 1054 880 rationis
1065 868 1081 889 -,
1111 843 1182 879 sic-

68 923 95 944 „
125 904 164 933 ut
192 904 297 948 patet
322 897 365 935 in
394 895 453 934 his
470 926 481 944 ,
509 896 578 948 qui
600 905 751 947 propter
772 908 940 943 amorem
959 924 970 943 ,
1001 894 1060 932 vel
1082 896 1181 931 iram

66 979 95 998 „
125 950 337 996 insaniunt5
366 948 400 985 &
428 959 520 986 tunc
548 948 579 986 si
609 947 694 987 talis
708 949 867 1000 passioa
887 949 1081 1000 principio
1103 948 1182 984 fue-

67 1031 96 1051 „
128 1003 174 1040 rit
203 1001 445 1050 voluntaria,
487 1002 699 1053 imputatur
728 1010 832 1039 actus
873 1002 921 1039 ad
951 1009 1181 1053 peccatum,

65 1083 93 1104 ,‚
122 1056 215 1108 quia
243 1064 297 1094 est
321 1053 560 1092 voluntarius
587 1054 626 1092 in
656 1063 724 1092 sna
745 1067 893 1102 causa,
941 1056 1037 1092 sicut
1067 1054 1183 1090 etiam

66 1136 94 1157 „
122 1109 170 1146 de
198 1109 378 1147 ebrietate
404 1107 550 1146 dictum
572 1114 633 1145 ‘est
649 1132 661 1145 .
688 1107 732 1145 Si
760 1119 852 1147 vero
871 1121 984 1146 causa
1004 1119 1079 1145 non
1100 1107 1182 1144 fue-

66 1190 96 1210 „
122 1162 173 1199 rit
188 1159 399 1199 voluntaria
415 1190 426 1209 ‚
453 1159 518 1198 sed
532 1159 717 1198 naturalis
739 1185 780 1199 ...
810 1169 914 1199 actus
927 1161 1082 1198 omnino
1098 1160 1182 1198 red·

66 1242 94 1262 „
120 1213 224 1252 ditur
250 1213 550 1262 involuntarius,
584 1227 630 1252 ac
658 1227 727 1266 per
755 1226 991 1267 consequens
1019 1212 1182 1251 totaliter

66 1294 94 1315 ,‚
123 1276 322 1306 excusatur
350 1280 374 1306 a
398 1274 557 1320 peccato
576 1270 611 1289 '“
628 1288 647 1305 .-
688 1266 780 1306 Vid.
808 1269 933 1307 »etiam
973 1276 1110 1320 quoest.
1137 1265 1181 1305 6.

57 1328 136 1358 art.
169 1334 206 1370 7.
235 1320 282 1360 ad
313 1317 351 1360 5.

119 1372 187 1419 44.
215 1373 291 1413 Sed
319 1373 369 1412 ad
399 1384 561 1413 ‘omnem
602 1371 825 1413 evitandum
872 1384 1039 1412 errorem
1083 1372 1182 1411 iilud

59 1438 217 1479 quoqne
244 1437 298 1465 est
311 1426 690 1465 animadvertendum
708 1457 720 1475 ,
748 1428 841 1480 quid
864 1429 1016 1480 proprie
1035 1427 1081 1464 sit
1096 1439 1186 1464 cou-

61 1481 206 1517 sentire
234 1481 584 1533 concupiscentiae;
621 1492 715 1518 narn
746 1480 952 1533 aliquando
988 1481 1031 1519 fit
1060 1479 1186 1533 illud,

68 1531 115 1570 ad
144 1533 246 1586 quod
275 1534 582 1586 concupiscentia
612 1534 785 1585 instigat,
828 1536 924 1586 quin
950 1542 1080 1573 tamen
1125 1532 1185 1571 illi

68 1587 372 1625 consentiamus.
418 1585 514 1625 Puta
540 1598 631 1623 cum
662 1585 775 1624 homo
814 1600 838 1625 a
878 1586 1184 1637 concupiscentia

59 1641 252 1678 'excitatur
278 1639 324 1676 ad
353 1638 520 1678 dandam
548 1637 819 1677 eleemosinam
839 1648 993 1690 propter
1028 1641 1186 1676 inanem

67 1690 229 1744 gloriam
258 1691 524 1745 aucupandam
541 1717 553 1729 .
582 1691 624 1730 Si
648 1691 880 1730 eleemosina
893 1692 1024 1739 detur,
1055 1691 1088 1726 ἃ
1108 1703 1186 1728 non

62 1757 116 1783 ‘ex
141 1743 248 1783 malo
271 1744 352 1784 fine
375 1743 645 1798 inanisgloriae
660 1773 674 1793 ,
697 1745 748 1783 zfit
763 1745 883 1794 illud,
912 1745 960 1783 ad
980 1744 1082 1797 quod
1095 1757 1185 1782 con-

69 1796 306 1850 cupiscentia
333 1797 549 1848 excitabat,
581 1811 658 1837 nec
678 1807 812 1836 ‘tamen
840 1797 902 1836 illi
929 1798 1186 1836 consentitur.

123 1851 190 1898 45.
219 1851 402 1900 Quaeres‚
432 1866 480 1890 an
506 1853 554 1891 sit
583 1861 782 1904 peccatum
805 1850 963 1891 mortale
990 1864 1190 1890 consensus

70 1904 112 1944 in
137 1904 429 1944 delectationem
460 1918 662 1944 veneream
673 1904 695 1943 2

123 1955 192 2004 ³46.
223 1956 336 2011 Resp.
353 1987 364 2007 ,
384 1959 552 2009 ’omnino
575 1957 828 2011 rejiciendam
837 1972 922 1998 ‘esse
945 1954 1059 1998 ¹illam
1089 1953 1189 1997 ce‘le·

68 2008 152 2050 kris
181 2010 270 2051 Ant.
293 2011 453 2051 Arnaldi
483 2010 698 2051 doctrinam
717 2042 728 2061 ,
756 2014 825 2066 qui
854 2014 894 2051 in
921 2013 1087 2065 quadam
1105 2011 1188 2049 De·

69 2066 221 2104 cisione
266 2076 390 2116 supra
430 2065 654 2117 impudicas
694 2065 980 2105 delectationes
1028 2069 1044 2116 (
1074 2064 1188 2103 Tom-

69 2114 222 2158 XXVI.
254 2117 376 2169 Oper.
407 2118 566 2158 Amaldi
581 2133 674 2172 pag.
696 2120 792 2169 25.)
823 2118 1088 2158 delectationes
1107 2130 1190 2155 mo-

68 2180 173 2209 rosas
200 2170 245 2208 in
268 2172 436 2209 'materia
457 2185 652 2220 venerea,
680 2171 890 2211 dummodo
918 2172 1016 2210 absit
1046 2172 1191 2210 deside-

72 2224 176 2261 rium
205 2231 311 2261 actus
328 2253 340 2272 ,
381 2222 465 2261 vult
492 2237 570 2262 non
597 2237 679 2262 'esse
706 2225 780 2263 nisi
809 2234 964 2277 peccata
991 2223 1189 2263 venialia-0

66 2276 204 2323 Quam
233 2276 448 2315 doctrinam
477 2290 500 2315 a
527 2276 568 2315 S.
590 2278 812 2328 Augustino
840 2275 931 2315 Lib.
955 2277 1005 2315 ΙΙ.
1031 2276 1190 2315 ‘Contra

63 2327 279 2369 ..sultanum
294 2343 381 2381 cap.
401 2340 465 2367 ῐο.
493 2342 603 2367 num.
622 2330 686 2369 53.
715 2330 890 2368 traditam
916 2343 999 2368 -esse
1027 2332 1190 2382 putavit.

119 2381 196 2433 ΆῚ.
226 2381 489 2422 Veruntamen
518 2382 560 2420 S.
589 2381 759 2422 Thomas
793 2395 816 2420 0
845 2385 958 2421 timus
989 2383 1191 2435 Augustini

73 2436 265 2487 interpres
298 2449 333 2474 t.
364 2448 401 2475 2.
443 2443 580 2488 quaest.
613 2435 677 2486 74.
719 2445 790 2474 art.
848 2463 859 2475 .
904 2436 973 2475 ubi
1003 2436 1191 2488 inquirit,

74 2496 209 2527 utrum
237 2500 454 2531 consensus
483 2493 524 2527 in
553 2487 860 2527 delectationem
901 2494 949 2527 stt
977 2498 1191 2541 peccatum

71 2541 272 2590 mortale,
314 2543 368 2581 ita
396 2541 572 2581 resolvit:
622 2572 648 2591 „
679 2542 830 2596 Aliquis
857 2543 904 2580 de
947 2543 1192 2582 fornicatione

71 2623 104 2643 ,‚
134 2595 300 2646 cogitans
328 2595 376 2634 de
403 2595 550 2634 duobus
578 2604 695 2648 potest
724 2596 903 2634 delectari
919 2610 931 2641 ;
978 2608 1052 2634 uno
1081 2597 1193 2635 modo

77 2673 106 2698 ,‚
133 2647 180 2685 de
209 2649 291 2701 ipsa
317 2650 567 2701 cogitatione,
597 2647 674 2687 alio
705 2650 816 2688 modo
839 2649 889 2687 de
918 2651 1000 2703 ipsa
1024 2650 1192 2688 fornica-

76 2727 107 2748 „
135 2702 238 2739 tione
264 2704 452 2754 cogitata.
499 2702 710 2741 Delectatio
737 2712 863 2741 amem
892 2703 938 2741 de
966 2704 1192 2755 cogitatione

78 2781 106 2802 „
135 2754 218 2805 ipsa
242 2757 415 2807 sequitur
444 2755 731 2795 inclinationem
760 2756 971 2795 affectusin
997 2758 1192 2808 cogitatio-

80 2834 108 2855 „
137 2819 227 2845 nem
256 2808 400 2860 ipsam3
429 2812 616 2862 cogitatio
643 2818 779 2848 autem
809 2814 896 2862 ipsa
916 2809 1132 2856 secundum
1148 2822 1193 2848 se

80 2887 109 2908 ,‚
138 2872 220 2898 non
247 2868 307 2899 est
323 2872 541 2910 ‚peccatum
570 2864 764 2902 mortale:
794 2865 874 2902 imo
892 2864 1120 2916 quaudoque
1141 2871 1193 2902 est

80 2940 109 2962 ,‚
139 2912 292 2951 veniale
315 2922 462 2954 tantum
479 2946 490 2963 ‚
517 2925 612 2969 puta
639 2930 729 2956 cum
756 2917 900 2970 aliquis
929 2916 1111 2954 inutiliter
1132 2929 1192 2953 co-

81 2993 111 3015 „
138 2968 230 3019 gitat
257 2966 304 3005 de
327 2980 399 3006 ea:
427 2969 664 3021 quandoque
691 2979 829 3009 autem
857 2975 943 3008 sine
970 2978 1193 3019 peccaton—

83 3045 112 3067 „
140 3023 307 3066 mnino,
349 3024 442 3073 quia
471 3034 560 3061 cum
587 3022 730 3075 aliquis
773 3023 917 3062 utiliter
940 3024 991 3061 de
1020 3036 1065 3060 ea
1089 3023 1194 3074 'cogi-

87 3097 116 3118 ,2
140 3081 193 3111 tat
214 3098 254 3111 ...
296 3073 410 3120 Quod
439 3087 564 3115 autem
593 3075 734 3128 aliquis
758 3076 929 3128 cogitans
955 3077 1002 3114 de
1027 3077 1195 3114 fornica-

89 3147 118 3168 „
143 3126 241 3164 tione
269 3126 475 3167 delectetur
503 3129 548 3167 de
577 3130 659 3180 ipso
685 3138 771 3168 actu
799 3131 984 3181 cogitato,
1016 3129 1086 3167 lioc
1106 3143 1194 3167 con-

92 3200 121 3221 „
146 3177 173 3236 ξί
224 3180 251 3216 it
279 3194 324 3219 ex
353 3179 452 3230 hoc,
499 3183 600 3235 quod
628 3180 776 3222 affectio
811 3195 895 3234 ejus
935 3181 1116 3220 inclinata
1145 3191 1197 3220 est

92 3254 120 3275 ‚a
149 3240 189 3287 Ψ
243 3241 314 3272 unc
341 3244 469 3274 actum
487 3260 502 3273 2
550 3234 664 3274 Unde
689 3235 792 3289 quod
820 3235 964 3288 aliquis
990 3237 1196 3274 consentiat

91 3306 122 3326 aa
153 3293 192 3318 m
219 3282 329 3323 talem
355 3288 673 3338 delectationem,
721 3288 791 3327 hoc
830 3289 930 3328 nihil
972 3287 1078 3326 aliud
1118 3297 1196 3337 est,

88 3360 119 3380 2²
147 3346 264 3385 quam
291 3341 390 3389 quod
416 3344 498 3395 ipse
525 3344 732 3384 consentiat
759 3344 802 3384 in
828 3342 930 3394 hoc,
965 3340 1069 3393 quod
1093 3339 1198 3392 affe·

2296 166 2310 192 A

1256 236 1282 257 „
1311 212 1397 244 ctus
1425 219 1518 245 suus
1546 212 1594 244 sit
1625 208 1838 249 inclinatus
1854 215 1893 249 in
1912 211 2252 263 fornicationem:
2277 218 2368 257 nul·

1255 289 1284 310 „
1313 259 1373 298 lus
1402 262 1505 298 enirn
1533 261 1767 310 delectatur,
1798 266 1869 302 nisi
1902 267 1939 303 iu
1970 279 2038 315 e0,
2068 269 2168 320 quod
2190 279 2250 308 ‘est
2278 284 2367 310 con·

1257 344 1282 364 „
1313 313 1435 351 forme
1462 315 1649 365 appetitui
1679 315 1788 366 ejus.
1836 318 1946 362 Quod
1984 330 2110 358 autern
2151 322 2292 376 aliquis
2322 338 2367 364 ex

1258 397 1282 417 ‚‚
1311 363 1585 406 deliberatione
1615 367 1756 419 eligat,
1793 370 1893 422 qnod
1922 371 2074 410 effectus
2103 388 2191 412 suus
2220 379 2368 417 consor·

1257 451 1284 470 ‚,
1309 429 1439 458 metur
1467 419 1552 468 liis,
1581 434 1670 473 quae
1700 423 1911 461 secuudum
1942 438 1978 461 se
1994 435 2075 462 sunt
2093 439 2247 476 peccata
2265 444 2364 470 mor.

1255 503 1283 523 ,‚
1314 472 1426 520 talia,
1455 483 1506 511 est
1534 483 1735 525 peccatum
1764 473 1926 513 mortale
1946 480 1970 498 ‘⁴
1990 502 2001 514 .
2036 477 2147 517 Unde
2168 484 2259 519 talis
2276 496 2368 521 con·

1251 537 1390 565 sensus
1419 531 1460 564 in
1488 525 1796 567 delectationem
1815 533 1970 579 peccati
1990 534 2171 570 mortalis
2201 544 2258 572 est
2278 549 2366 584 pec·

1245 587 1391 619 catum
1424 581 1594 619 mortale
1610 607 1622 618 .

1306 633 1371 677 48.
1403 632 1600 680 Quantum
1632 647 1720 672 vero
1737 635 1910 687 ⁴pertinet
1939 636 1987 674 ad
2014 635 2056 676 S.
2089 638 2271 690 August.‚
2308 642 2370 680 de-

1251 687 1414 724 cretoria
1442 688 1620 727 videntur
1649 687 1763 739 hujus
1778 689 2106 729 Sanct.Doct0ri³
2135 693 2252 731 verba
2280 694 2370 733 Lib.

1249 736 1340 777 X11.
1369 738 1418 776 ‹le
1452 734 1589 778 Trinlt.
1619 755 1706 793 cap.
1743 754 1802 780 ια.
1850 742 1900 780 ab
1931 743 2118 794 Angetico
2146 745 2242 784 ibid.
2272 747 2370 786 alla-

1243 798 1286 828 'ta
1302 817 1312 829 .
1347 790 1462 830 Totus
1493 798 1610 832 homo
1626 824 1636 841 ‚
1668 796 1792 846 inquit
1809 825 1819 843 ,
1849 794 2132 846 damnabitur,
2162 804 2239 836 nlst'
2258 799 2345 841 ltoec
2358 831 2371 850 ,

1249 857 1339 894 φασιν
1367 849 1451 883 sine
1481 847 1680 886 voluntate
1724 848 1917 898 operandt
1937 881 1946 895 ‚
1994 850 2063 889 secl
2092 861 2233 891 tamen
2276 867 2370 892 cum

1254 898 1454 953 voluntate
1483 904 1671 938 animam
1700 901 1843 940 talthus
1872 901 2124 954 oblectantia,
2160 907 2281 945 solius
2309 921 2373 947 co-

1249 954 1456 1002 gitationis
1484 956 1705 990 sentiuntur
1734 968 1820 994 esse
1848 967 2018 1006 peccata
2036 988 2047 1006 ‚
2075 971 2147 1010 per
2166 958 2370 1001 Mediato-

1249 1016 1305 1040 τις
1332 1010 1513 1056 gratiam
1544 1011 1829 1047 remittantur.

1307 1058 1373 1109 49.
1401 1058 1623 1110 Legendutn
1654 1061 1811 1100 consulo
1841 1063 2028 1114 integrum
2058 1063 2100 1104 S.
2118 1062 2281 1106 Thomae
2308 1080 2371 1107 ar-

1249 1110 1413 1149 ticulum
1431 1142 1440 1160 ,
1473 1112 1537 1150 ubi
1571 1115 1774 1152 notandum
1798 1118 1996 1168 praecipue
2013 1147 2024 1166 ,
2053 1120 2154 1170 quod
2169 1121 2215 1158 ad
2241 1134 2276 1160 2.
2298 1123 2373 1160 ait:

1252 1193 1278 1211 „
1308 1163 1515 1209 Couseusus
1545 1167 1585 1203 in
1615 1177 1813 1217 peccatum
1831 1199 1842 1215 ‚
1871 1170 1971 1221 quod
1998 1181 2054 1209 *est
2083 1173 2230 1212 veniale
2250 1188 2293 1212 ex
2310 1190 2372 1227 ge·

1251 1245 1278 1264 „
1308 1231 1425 1265 nere,
1450 1227 1508 1256 est
1537 1220 1686 1257 veniale
1715 1231 1942 1272 peccatutn3
1990 1223 2024 1261 8<
2053 1227 2265 1265 secuudum
2288 1227 2371 1267 ‘hoc

1252 1298 1278 1318 ,‚
1309 1279 1425 1322 potest
1453 1271 1660 1320 concludi,
1707 1276 1811 1326 quod
1840 1286 2042 1314 cousensus
2071 1279 2112 1315 iu
2154 1279 2370 1319 delectatio-

1250 1351 1278 1371 „
1307 1332 1425 1372 nem,
1454 1338 1542 1378 quae
1573 1336 1626 1364 est
1653 1325 1700 1364 de
1730 1329 1813 1378 ipsa
1841 1341 1938 1366 vana
1954 1331 2178 1381 cogitatione
2207 1333 2370 1373 fornica-

1249 1403 1276 1423 „
1307 1378 1447 1425 tionis,
1481 1387 1544 1417 ·est
1573 1389 1775 1432 peccatum
1803 1381 1951 1420 veniale
1970 1409 1979 1420 .
2027 1382 2104 1422 Sed
2145 1385 2374 1436 delectatio,

1255 1458 1280 1478 „
1310 1442 1398 1482 quae
1429 1441 1482 1469 est
1511 1432 1551 1468 in
1583 1434 1663 1483 ipso
1692 1443 1778 1471 actu
1815 1435 2108 1485 fornicationis,
2153 1439 2202 1477 de
2236 1453 2374 1491 genere

1255 1512 1281 1531 „
1311 1497 1381 1522 suo
1409 1494 1461 1522 est
1490 1487 1693 1536 peccatum
1724 1487 1907 1533 mortain
1944 1489 2008 1527 sed
2037 1491 2139 1542 quod
2169 1502 2255 1531 ante
2284 1507 2373 1532 con-

1254 1565 1280 1584 „
1309 1551 1463 1576 sensum
1491 1540 1539 1576 sit
1569 1539 1722 1581 veniale
1764 1551 1962 1591 peccatum
1994 1552 2168 1592 tantum,
2218 1545 2289 1584 hoc
2318 1556 2373 1585 est

1255 1616 1281 1637 ‚‚
1312 1604 1380 1641 per
1407 1591 1611 1639 accidens,
1659 1593 1804 1631 scilicet
1845 1605 1998 1645 propter
2041 1598 2373 1648 imperfectionem

1256 1670 1283 1690 „
1312 1651 1442 1688 actum
1471 1656 1561 1696 quae
1590 1645 1747 1695 quidem
1776 1647 2016 1697 imperfectio
2035 1649 2182 1687 tollitur
2197 1665 2377 1703 percon-

1256 1723 1282 1742 „
1311 1709 1460 1733 sensum
1489 1695 1746 1735 deliberatum
1789 1702 2144 1750 supervenientem:
2191 1705 2292 1742 uude
2328 1717 2375 1743 ex

1247 1774 1284 1796 -„
1313 1746 1384 1786 hoc
1412 1749 1616 1787 adducitur
1645 1753 1683 1788 in
1711 1762 1820 1790 sua-m
1843 1761 2053 1803 naturam,
2095 1764 2134 1794 ut
2162 1758 2209 1796 sit
2237 1772 2374 1810 pecca·

1218 1827 1226 1833 -
1254 1828 1285 1850 1„
1309 1809 1397 1840 itum
1426 1802 1588 1840 mortale
1618 1803 1667 1842 ''--.

1594 1906 1881 1949 ‘CAPUT
1962 1912 2033 1953 lv.

1371 2011 1436 2052 Ᾱη
1463 2009 1705 2068 Ignorantia
1733 2024 1872 2055 causet
1901 2019 2252 2059 involuntarium?

1316 2119 1379 2158 50.
1407 2095 1471 2162 S.
1503 2119 1669 2160 Thomas
1703 2135 1736 2161 t.
1769 2137 1805 2162 2.
1835 2133 1971 2174 quaest.
2004 2125 2067 2177 76.
2097 2137 2168 2166 art.
2202 2141 2238 2167 2.
2269 2131 2374 2181 igno-

1253 2175 1421 2211 mutiam
1453 2177 1490 2212 in
1519 2187 1561 2212 eo
1589 2190 1611 2212 a
1639 2178 1844 2215 nescientia
1885 2177 2109 2230 distinguit,
2157 2185 2258 2234 quod
2289 2185 2376 2223 haec

1257 2227 1352 2265 dicit
1377 2228 1599 2279 simplicem
1628 2231 1801 2268 >scientiae
1817 2233 2052 2281 negationem
2069 2236 2171 2273 circa
2191 2251 2256 2285 ea,
2285 2250 2376 2289 quae

1257 2278 1372 2317 hoino
1400 2283 1495 2319 scire
1521 2292 1600 2319 non
1630 2291 1804 2329 tenetur;
1847 2286 2062 2336 ignorantia
2091 2301 2209 2337 vem,
2257 2303 2377 2342 quam

1258 2333 1498 2373 solummodo
1515 2334 1696 2387 Theologi
1717 2337 1980 2387 considerant,
2001 2348 2051 2378 est
2067 2346 2233 2389 privatio
2248 2356 2376 2382 seten-

1254 2390 1323 2424 *zt'oe
1352 2385 1518 2436 debitae,
1558 2401 1698 2442 nempe
1728 2403 1888 2440 eoruui,
1935 2403 2026 2444 quae
2056 2392 2169 2434 homo
2197 2399 2294 2435 scire
2321 2407 2375 2436 te-

1261 2449 1375 2479 netur
1395 2467 1406 2479 .
1480 2490 1483 2493 ,
1870 2453 1879 2460 “

1316 2495 1379 2532 51.
1409 2493 1619 2547 Multiplex
1647 2493 1777 2535 afferri
1806 2496 1898 2536 solet
1941 2499 2163 2550 ignorantiae
2206 2501 2372 2549 divisio,

1258 2547 1322 2586 sed
1353 2547 1485 2595 nobis,
1514 2551 1583 2600 qui
1608 2549 1836 2589 ‘brevitatem
1859 2561 2067 2600 sectamur,
2097 2556 2183 2591 satis
2205 2556 2273 2591 erit
2289 2567 2374 2593 eam

1258 2601 1494 2639 considerare
1520 2601 1584 2641 vel
1615 2614 1786 2655 respectu
1826 2604 1967 2653 objecti
2006 2606 2109 2655 quod
2152 2608 2373 2657 iguomtur,

1258 2652 1319 2691 vel
1351 2663 1523 2707 respectu
1550 2656 1733 2705 actionis,
1780 2669 1844 2695 seu
1874 2657 2041 2695 hominis
2071 2671 2115 2696 ex
2158 2660 2375 2710 ignorantia

1257 2710 1447 2759 operantis
1465 2733 1476 2746 .

1315 2762 1380 2800 52.
1407 2759 1622 2814 Ignorantia
1651 2770 1821 2813 respectu
1850 2761 1991 2812 objecti
2019 2762 2163 2815 duplex
2193 2770 2267 2814 es‘t,
2294 2765 2375 2805 ‘alia
2436 2763 2446 2768 ’

1257 2812 1382 2864 juris,
1410 2816 1487 2854 alia
1518 2816 1631 2853 facti:
1675 2815 1813 2852 Prima.
1843 2824 1921 2861 est,
1951 2829 2027 2868 qua
2053 2815 2116 2855 lex
2146 2819 2343 2869 ignoratur
2362 2850 2373 2868 ‚

1258 2875 1301 2903 ut
1328 2879 1418 2907 cum
1446 2867 1653 2915 Jonatlias,
1683 2868 1714 2905 Ι.
1743 2866 1962 2919 Reg.XtV.
1992 2879 2228 2923 praeceptum
2258 2875 2376 2925 patris

1256 2917 1388 2958 Saulis
1417 2923 1595 2972 ignorans
1620 2919 1700 2958 mel
1730 2923 1921 2959 comedit.
1966 2922 2022 2960 Ad
2051 2920 2152 2963 itanc
2182 2925 2376 2965 reducitur

1261 2973 1372 3010 etiam
1404 2974 1612 3025 ignorantia
1642 2987 1767 3023 poenae
1797 2984 1923 3013 contra
1940 2975 2138 3015 violatores
2160 2977 2252 3030 legis
2267 2992 2373 3017 com·

1261 3028 1443 3064 initiatae.
1495 3026 1579 3064 ¹Uia
1605 3035 1660 3062 est
1691 3028 1899 3078 ignorautia
1925 3027 2043 3067 solius
2073 3030 2185 3079 facti,
2217 3042 2254 3069 ut
2284 3042 2375 3071 cum

1262 3077 1380 3115 Jacob
1409 3078 1564 3117 credens
1591 3092 1632 3116 se
1661 3078 1872 3118 concubere
1899 3095 1990 3120 cuin
2022 3081 2212 3130 mehele,
2260 3086 2375 3123 Liacn

1262 3129 1334 3168 sibi
1365 3135 1594 3183 suppositam
1627 3133 1740 3169 fuisse
1782 3136 1926 3173 invenit
1954 3138 2053 3175 (jen.
2085 3132 2264 3183 XXtV.;
2316 3138 2374 3176 vel

1263 3197 1353 3222 cum
1381 3184 1499 3222 Judas
1527 3186 1624 3223 Gen.
1647 3180 1876 3239 XXXthl.
1903 3189 2097 3240 ingressus
2122 3202 2175 3228 'est
2205 3192 2249 3229 ml
2272 3191 2374 3228 Tha-

1261 3249 1374 3284 mar,
1421 3247 1538 3289 quam
1568 3239 1726 3291 putabat
1753 3250 1946 3292 scortum,
1993 3242 2169 3296 ignorans
2197 3258 2274 3283 esse
2302 3257 2374 3282 uu·

1263 3301 1350 3328 rum
1381 3301 1487 3327 sunm
1505 3313 1516 3329 ι

1320 3343 1386 3385 55.
1415 3341 1600 3396 Respecto
1626 3354 1754 3387 autem
1780 3348 1934 3401 operis,
1963 3357 2004 3390 ut
2030 3350 2202 3390 observat
2221 3347 2373 3397 Angeli-

2250 3412 2317 3438 cus
