2562 3694
791 96 871 143 DE
904 96 1158 142 AETERN.
1194 94 1342 142 POEN.
1375 94 1617 141 INFERN.

67 185 197 239 gorius
227 182 317 223 Lib.
339 181 408 222 lv.
435 179 598 231 Dialog.
628 191 662 217 c.
684 172 750 224 44.
795 180 895 217 unde
926 179 1050 231 potins
1078 178 1183 216 evin·

68 240 170 277 citur
191 270 201 288 ,
232 237 388 276 illorum
419 232 638 271 infelicium
667 231 860 284 supplicia
890 246 956 270 nec
975 232 1094 269 finem
1115 230 1183 269 lna-

70 290 164 330 here
193 303 325 344 posse,
354 300 422 324 nec
452 285 627 324 levamen
645 312 655 324 .
685 285 783 323 Sane
813 287 863 324 D.
886 286 1114 337 Augustinus
1142 286 1184 323 in

73 358 161 397 cap.
183 356 268 381 110.
297 338 522 378 Enchin'dn'
551 352 665 392 supra
694 338 874 387 laudato,
904 353 991 377 cum
1013 339 1187 385 dixisset,

71 395 271 438 Sacrificia
300 392 456 442 altaris,
487 394 519 430 &
550 392 811 444 eleemosynas
840 405 909 443 pro
935 390 1050 430 valde
1080 391 1188 428 bonis

70 461 156 489 esse
181 450 415 500 gratiarum
445 451 653 495 actiones,
695 459 765 498 pro
808 445 922 484 val-Ie
953 446 1072 482 malis
1101 456 1187 482 esse

70 504 369 554 propitiationes
387 531 398 549 ,
428 502 479 539 ita
509 501 661 538 subdit:
708 500 784 536 I’ro
812 499 926 537 valde
956 499 1074 536 malis
1092 528 1102 546 ,
1126 507 1188 534 'et-

73 558 196 603 iamsi
225 554 337 592 nulla
367 564 458 592 sunt
479 552 719 606 adjumenta
745 563 1004 601 mortuorum,
1029 551 1188 603 ‘quales-

71 620 242 659 cumque
271 611 442 645 vt'mrum
472 608 765 645 consolationes
795 615 908 644 sunt.

125 662 217 700 281.
248 659 424 700 Petavius
448 669 579 699 tamen
610 661 865 711 Augustinum
900 669 968 711 pro
995 657 1189 696 contraria

68 716 255 754 sententia
284 713 492 767 allegavit,
520 715 615 767 quia
647 715 684 751 in
715 727 801 766 cap.
836 725 924 751 112.
968 708 1189 749 Enchirt'tlic'

67 769 284 821 permittit,
324 778 366 807 ut
393 768 555 821 quidam
586 768 830 814 existiment,
863 776 1002 818 poenas
1030 765 1188 802 damna-

64 830 195 862 torum
224 824 343 860 certis
367 824 560 872 temporis
589 820 804 859 intercallls
825 822 1080 870 aliquatenus
1110 821 1184 855 mi-

66 879 190 929 tigari
207 901 218 914 .
265 874 415 914 Verum
445 875 516 913 hoc
545 873 586 912 S.
617 872 725 911 Pater
754 873 885 925 aliquo
910 871 1027 910 modo
1057 870 1184 908 indul-

66 939 154 982 get,
197 927 405 967 dummodo
432 928 678 980 proecipuum
709 927 847 978 dogma
888 925 934 963 de
976 926 1184 962 aeternitate

67 994 300 1036 pennarum,
328 981 376 1020 ‘de
405 994 481 1034 quo
511 982 631 1032 magis
648 978 834 1018 sollicitus
861 987 970 1025 erat,
1000 990 1076 1016 non
1097 991 1184 1016 con-

67 1034 261 1082 vellatur;
300 1047 394 1074 nam
422 1038 549 1073 etiam
577 1037 634 1072 sic
664 1034 828 1085 intelligi
862 1040 985 1082 potest
1014 1043 1185 1069 manere

68 1092 110 1127 in
139 1089 216 1127 illis
244 1092 308 1126 ira
338 1087 443 1136 Dei,
486 1086 556 1125 hoc
584 1094 643 1124 est
673 1090 760 1136 Ipsa
790 1085 1003 1123 damnatio
1025 1110 1035 1122 .
1077 1085 1186 1122 Cete-

64 1155 154 1181 rum
185 1141 300 1195 paulo
319 1149 403 1179 ante
422 1142 535 1178 istam
552 1141 776 1179 sententiam
800 1138 1097 1191 reprobaverat,
1127 1138 1186 1176 di-

65 1206 178 1234 cens:
208 1223 236 1244 „
257 1193 413 1233 Frustra
442 1193 572 1246 itaque
601 1192 805 1241 nonnulli,
834 1194 958 1230 immo
977 1190 1186 1244 quamplu—

66 1278 93 1298 „
122 1248 213 1287 rimi
243 1255 428 1286 aeternam
455 1246 723 1285 damnatorum
748 1259 912 1298 poenam
930 1275 942 1294 ,
965 1245 1007 1282 -81
1037 1247 1187 1284 crucia·

64 1330 91 1352 „
121 1309 182 1339 tus
209 1300 291 1340 sine
319 1301 603 1340 intermissione
632 1308 834 1352 perpetuos
876 1299 1045 1337 humano
1075 1300 1187 1336 mise-

65 1383 94 1405 „
124 1363 256 1392 rantur
279 1353 451 1402 affectu,
482 1363 596 1406 atque
616 1355 669 1391 ita
690 1353 865 1390 futurum
895 1366 973 1390 esse
1003 1365 1073 1389 non
1104 1366 1188 1390 cre-

66 1437 94 1457 „
123 1407 244 1453 dunt;
275 1420 353 1446 non
383 1407 542 1460 quidem
571 1407 783 1458 Scripturis
812 1406 955 1444 divinis
984 1406 1188 1443 adversan-

66 1490 94 1510 „
123 1459 196 1510 do,
221 1460 287 1499 sed
313 1473 384 1513 pro
412 1473 480 1498 suo
510 1470 612 1498 motu
641 1460 738 1498 dura
768 1472 935 1512 quaeque
965 1458 1186 1507 molliendo,

63 1543 94 1563 „
121 1513 155 1551 ἃ
186 1516 224 1552 in
250 1512 438 1552 leniorem
469 1513 656 1552 flectendo
698 1514 922 1551 sententiam
941 1543 951 1560 ,
995 1525 1083 1564 qnae
1115 1525 1187 1564 pn—

64 1597 93 1616 „
123 1576 199 1605 tant
228 1567 267 1605 in
294 1567 348 1604 eis
376 1566 589 1605 terribilius
609 1581 686 1604 esse
701 1567 829 1614 dicta,
858 1580 977 1617 quam
994 1566 1121 1603 verius
1137 1566 1158 1580 ²'
1176 1592 1188 1603 .

63 1620 140 1660 Sed
168 1628 353 1673 praeterea
383 1618 513 1657 multis
541 1619 628 1657 aliis
653 1620 696 1656 in
724 1618 819 1656 locis
844 1619 1092 1656 disertissime
1121 1618 1187 1656 do-

62 1681 149 1721 cet,
173 1672 309 1712 altaris
336 1671 556 1720 sacrificia,
599 1671 862 1722 eleemosynas
879 1700 890 1718 ,
935 1668 968 1705 8<
997 1672 1186 1708 orationes

59 1724 263 1766 Fidelium
286 1729 338 1764 *iis
362 1726 494 1764 'solum
521 1723 706 1776 prodesse
723 1754 733 1772 ,
770 1727 834 1775 qui
864 1735 957 1760 cum
987 1726 1156 1760 viverent
1173 1751 1184 1769 ‚

64 1787 110 1817 ut
139 1778 224 1817 hcet:
252 1778 323 1818 sibi
351 1787 490 1830 postea
507 1777 691 1830 prodesse
710 1785 895 1828 possent,
925 1785 1184 1814 meruerunt-0

66 1832 125 1872 Ita
153 1833 192 1870 in
223 1831 305 1872 loco
333 1832 482 1885 objecto
511 1846 557 1871 ex
571 1830 804 1870 Enclziridio
820 1830 876 1870 acl
895 1829 1184 1879 Laurentium,

61 1883 102 1922 ἃ
129 1886 260 1925 multis
288 1885 375 1925 aliis
404 1888 443 1925 in
471 1886 590 1926 locis.
917 1921 922 1927 .

122 1938 215 1978 282.
244 1938 457 1979 Nonnullos
485 1941 581 1979 alios
610 1948 753 1980 veteres
768 1937 897 1978 Patres
924 1951 997 1992 pro
1008 1936 1083 1977 hac
1100 1949 1184 1976 sen—

60 1993 182 2033 tentia
209 1991 452 2033 relaxationis
479 1993 645 2046 alicujus
687 2006 891 2047 poenarum
934 1991 1186 2031 infernalium

65 2046 206 2100 allegat
233 2046 409 2086 Petavius
435 2047 527 2088 Lib.
546 2047 599 2086 ΙΙ.
628 2046 694 2086 De
714 2047 878 2100 Angelis
905 2060 942 2085 c.
959 2044 1028 2084 ult.
1057 2059 1097 2082 n.
1123 2043 1185 2082 18.

69 2113 114 2140 ac
140 2102 196 2139 ita
218 2099 440 2140 concludit:
478 2131 506 2151 „
534 2100 594 2140 De
623 2100 695 2139 hac
724 2101 994 2138 damnatorum
1012 2129 1022 2148 ,
1053 2097 1186 2136 saltem

62 2182 96 2204 „
123 2151 330 2193 hominum
356 2155 608 2206 sospitatione
635 2152 736 2191 nihil
778 2152 904 2190 adhuc
933 2153 1025 2190 certi
1055 2152 1184 2189 decre-

70 2238 98 2257 „
125 2215 208 2245 tum
238 2215 290 2246 est
317 2205 367 2244 ab
381 2204 558 2245 Ecclesia
576 2205 801 2253 catholica,
832 2214 871 2243 ut
893 2213 1091 2258 propterea
1105 2216 1186 2242 *non

69 2291 96 2311 „
126 2269 297 2308 temere,
339 2268 537 2312 tamquam
565 2259 732 2298 absurda
761 2259 806 2297 sit
836 2257 1072 2311 explodenda
1101 2271 1186 2296 san-

69 2343 96 2364 „
126 2314 383 2353 ctissimorum
399 2313 553 2366 Patrum
568 2313 654 2352 haec
668 2313 798 2365 opinio
814 2341 826 2361 ,
846 2314 1023 2364 quamvis
1044 2327 1065 2350 a
1081 2323 1186 2350 com-

68 2399 96 2419 „
126 2369 235 2406 muni
262 2380 374 2406 sensu
401 2366 684 2406 Catholicorum
721 2364 791 2403 hoc
816 2375 990 2418 *tempore
1018 2367 1064 2404 sit
1092 2363 1187 2403 alie-

67 2452 96 2471 „
125 2434 203 2460 na.
247 2419 296 2459 Et
324 2433 415 2460 vero
442 2421 660 2459 maximum
688 2419 869 2458 adversus
898 2419 1008 2457 illam
1039 2416 1186 2471 praeju-

71 2505 98 2524 2,
127 2474 276 2513 dicium
305 2483 387 2524 est,
428 2473 531 2527 quod
573 2486 774 2526 nunquam
805 2471 979 2512 Ecclesia
1018 2485 1086 2525 pro
1120 2472 1186 2511 da-

61 2554 96 2578 r„
125 2529 265 2567 mnatis
292 2541 401 2566 orare
429 2529 644 2567 consuevit:
689 2526 791 2579 quod
821 2527 988 2579 profecto
1016 2528 1185 2574 faceret,

70 2612 97 2632 ,‚
125 2582 157 2620 si
186 2581 306 2620 levari
336 2581 469 2620 saltem
497 2580 658 2620 illorum
688 2580 881 2618 cruciatus
910 2588 1084 2632 possent,
1118 2580 1187 2618 etsi

69 2665 97 2683 ,,
125 2636 276 2688 penitus
302 2636 503 2674 terminari
523 2648 598 2674 non
619 2642 766 2688 possent
782 2634 803 2649 ’²
821 2659 832 2671 .
861 2633 935 2672 Sed
955 2642 1080 2672 contra
1097 2646 1186 2672 eum

65 2687 160 2726 Vid.
190 2687 232 2727 P.
248 2687 364 2728 Vinc.
393 2689 544 2728 Patuzzi
572 2689 617 2727 L.
634 2688 700 2727 111.
731 2686 796 2725 De
812 2686 956 2740 futuro
974 2691 1188 2739 impiorum

72 2749 183 2779 statu
211 2756 255 2781 ca
287 2769 298 2782 .
318 2755 381 2782 12.

126 2793 218 2834 283.
287 2796 341 2835 id.
368 2796 485 2836 etiam
518 2794 724 2849 Angelicus
744 2793 884 2834 Doctor
912 2795 953 2833 in
974 2793 1044 2834 IV.
1074 2793 1187 2834 Sent.

70 2847 252 2894 Dim-45.
280 2863 320 2903 q.
337 2863 375 2889 2.
392 2859 467 2890 art.
485 2864 521 2890 2.
538 2880 550 2899 ‚
579 2850 648 2889 ubi
677 2850 896 2902 opinionem
925 2861 1058 2887 eorum
1075 2878 1086 2897 ,
1116 2848 1187 2901 qui

63 2901 249 2954 suffragia
275 2903 465 2942 damnatis
491 2904 668 2957 prodesse
694 2903 873 2942 dicebant
901 2903 950 2940 ad
978 2915 1104 2954 poenae
1136 2914 1188 2940 ω·

69 2964 187 2995 ternae
216 2953 510 3007 allevationem,
540 2967 649 2996 vocat
678 2987 703 3005 ‚‚
724 2956 1100 3009 praesumptuosam,
1131 2964 1188 2993 ut-

71 3039 99 3060 „
129 3019 213 3061 pote
232 3009 460 3047 Sanctorum
487 3011 598 3049 dictis
626 3013 854 3049 contrariam
873 3039 884 3058 ,
919 3010 954 3047 δι
984 3008 1093 3047 nulla.
1119 3022 1188 3047 au-

74 3092 101 3113 „
129 3063 299 3101 ctoritate
327 3061 464 3100 fultam
481 3092 493 3110 ‚
536 3061 570 3098 ἃ
598 3064 902 3102 irrationabilem
921 3093 932 3111 ,
975 3071 1058 3101 tum
1091 3063 1189 3115 quia

76 3144 105 3165 „
131 3114 298 3155 damnati
329 3117 368 3155 in
399 3116 549 3154 inferno
575 3124 662 3154 sunt
691 3125 793 3155 extra
829 3115 1032 3154 vinculum
1061 3115 1187 3154 chari-

76 3196 105 3216 „
132 3171 242 3218 tatis,
271 3170 480 3208 secundum
509 3182 627 3221 quam
642 3181 756 3222 opera
771 3171 948 3207 vivorum
964 3170 1189 3208 continuan-

80 3250 107 3268 „
135 3228 195 3259 tur
213 3223 426 3269 defuncti83
455 3231 537 3260 tum
567 3223 659 3274 quia
687 3221 850 3261 totaliter
879 3222 925 3260 ad
953 3223 1029 3260 viae
1060 3223 1190 3261 termi-

81 3302 108 3321 ,‚
139 3286 231 3312 num
261 3285 514 3328 pervenerunt
532 3306 542 3324 ‚
572 3277 794 3330 recipientes
822 3275 1000 3315 ultimam
1021 3288 1090 3327 pro
1109 3289 1192 3315 me·

81 3355 108 3376 ,‚
139 3327 222 3366 ritis
249 3330 538 3372 retributionem
559 3330 580 3346 ''
599 3355 610 3368 .

2232 120 2244 146 ι
2263 120 2314 161 10

1307 174 1399 222 284.
1428 176 1605 214 Ceterum
1635 176 1762 229 negari
1791 176 1891 217 haud
1924 186 2066 231 potest,
2095 175 2192 219 lianc
2219 184 2368 234 opinio·

1251 244 1340 270 nem
1366 230 1415 267 de
1444 229 1576 280 aliqua
1607 244 1811 280 poenartnn
1841 234 1981 272 inferni
2012 235 2244 285 mitigatione
2274 237 2368 276 fuis-

1256 297 1294 322 se
1323 282 1418 322 olim
1446 281 1741 333 pervulgatam3
1784 286 2026 325 inveniuntur
2060 290 2163 326 enim
2193 288 2373 332 Missalia

1256 350 1333 375 non
1363 349 1514 389 pauca,
1556 336 1595 373 in
1624 336 1767 387 quibus
1794 339 1993 378 Orationes
2024 350 2108 378 sunt
2139 354 2208 393 pro
2237 343 2368 396 aliquo

1255 391 1521 429 damnatorum
1551 389 1750 440 refrigerio
1772 415 1782 427 .
1812 390 1944 428 Unum
1973 395 2087 430 refert
2119 394 2373 435 Mabillonius

1255 443 1312 481 ib.
1345 443 1433 481 Act.
1465 441 1606 481 Sanct.
1636 441 1739 481 Ord.
1770 442 1811 479 S.
1835 442 2035 481 Benedicti
2056 446 2261 486 Saecnl.V.
2292 450 2371 489 Ab-

1254 496 1370 535 batiae
1401 495 1640 535 (jellonensis
1684 498 1723 534 in
1754 497 1956 534 occitania
1985 499 2184 547 inferiori,
2228 503 2266 540 in
2295 515 2373 556 quo

1255 549 1342 588 haec
1371 551 1504 588 Oratio
1531 550 1694 600 legitur:
1729 579 1756 598 ,‚
1782 550 2061 602 Omnipotens,
2098 552 2132 588 ἃ
2162 555 2376 595 misericors

1258 632 1285 651 „
1316 604 1419 642 Deus
1440 629 1480 641 ...
1512 613 1546 642 te
1576 602 1770 652 humiles,
1813 612 2091 656 trementesque
2120 605 2371 657 deprecamur

1258 687 1283 705 „
1313 670 1383 708 pro
1412 659 1540 695 anima
1571 656 1709 694 famuli
1739 657 1822 704 tui,
1865 671 1983 709 quam
2025 660 2168 696 traxisti
2197 659 2243 696 de
2273 676 2373 711 prae-

1259 740 1284 759 ,‚
1314 712 1406 748 senti
1436 710 1577 748 saeculo
1605 710 1748 762 absque
1762 711 2004 762 poenitentiae
2019 713 2166 762 spatio,
2197 722 2236 750 ut
2253 715 2282 750 si
2300 716 2374 751 for-

1258 792 1285 812 „
1310 766 1409 801 sitan
1437 765 1487 802 ob
1515 765 1739 815 gravitatem
1768 765 1978 802 criminum
2009 778 2081 802 non
2106 775 2272 803 meretur
2292 780 2374 805 sur-

1259 847 1284 866 „
1314 831 1400 868 gere
1429 818 1477 855 ad
1505 817 1667 869 gloriam
1687 848 1697 865 ,
1730 831 1799 869 per
1831 817 1913 856 ltaec
1942 831 2063 856 sacrae
2092 818 2299 857 oblationis
2329 820 2376 858 li-

1255 898 1280 919 „
1310 870 1469 909 batnina
1498 871 1558 908 vel
1578 870 1795 909 tolerabilia
1815 870 1907 909 fiant
1924 872 2005 923 ipsa
2022 880 2209 911 tormenta
2227 873 2262 911 ''.
2292 872 2378 912 Non

1252 936 1395 975 paucos
1421 924 1571 962 similes
1599 924 1770 962 missales
1788 924 1904 962 libros
1921 954 1933 974 ,
1962 934 2043 963 tum
2065 924 2160 965 Mss.
2178 956 2188 975 ‚
2216 935 2300 966 tum
2321 936 2372 966 et-

1253 979 1332 1015 iam
1363 977 1480 1015 editos
1509 987 1646 1016 norunt
1676 978 1813 1015 eruditi
1832 1005 1843 1016 .
1984 1017 1988 1021 ,

1311 1030 1402 1069 285.
1432 1030 1578 1069 Verum
1610 1031 1694 1070 ltaec
1711 1031 1871 1084 probant
1888 1031 2176 1081 tantummodo,
2206 1031 2310 1086 apud
2339 1049 2377 1073 a-

1256 1084 1380 1136 liquos
1412 1084 1561 1122 Fideles
1593 1084 1688 1122 hauc
1720 1084 1926 1123 invaluisse
1954 1087 2172 1136 opinionem
2192 1117 2202 1135 ,
2244 1101 2379 1127 secun-

1247 1138 1347 1176 -dum
1377 1151 1495 1190 quam
1526 1137 1748 1189 hujusmodi
1793 1152 1925 1190 preces
1969 1140 2151 1177 institutae
2194 1141 2378 1187 suerunt3

1255 1205 1331 1229 nou
1360 1200 1489 1229 tamen
1519 1191 1624 1230 bunc
1652 1192 1786 1230 orandi
1827 1193 1984 1231 modum
2023 1193 2138 1231 fuisse
2181 1195 2378 1233 universa-

1255 1244 1332 1283 lem
1351 1275 1362 1293 ,
1406 1254 1470 1283 aut
1498 1245 1630 1282 saltem
1662 1246 1701 1282 in
1732 1244 1872 1295 majori
1902 1245 2090 1284 Ecclesiae
2134 1257 2239 1298 parte
2266 1260 2379 1286 usur·

1255 1308 1417 1351 patum;
1447 1311 1570 1351 neque
1601 1300 1705 1336 enim
1737 1299 1849 1336 modo
1879 1299 1973 1336 adeo
2002 1301 2078 1337 rari
2108 1298 2200 1338 libri
2233 1300 2381 1353 liturgi-

1256 1353 1292 1390 ci
1323 1354 1554 1400 existerent,
1586 1351 1783 1404 inquibus
1812 1351 1957 1390 similes
1977 1354 2165 1392 orationes
2185 1355 2382 1393 invenian-

1256 1413 1345 1443 tur.
1387 1405 1516 1445 Multo
1544 1407 1675 1443 minus
1705 1406 1793 1444 iude
1823 1407 1906 1444 erui
1937 1415 2082 1458 potest,
2128 1406 2177 1444 ab
2206 1406 2384 1447 Ecclesia

1255 1460 1437 1498 universa
1467 1459 1582 1496 fuisse
1614 1459 1700 1496 illas
1727 1460 1916 1497 orationes
1949 1459 2151 1511 probatas;
2182 1474 2271 1513 quae
2292 1470 2382 1500 teste

1257 1512 1395 1551 Sancto
1413 1512 1624 1563 Augustino
1653 1525 1851 1564 nunquam
1873 1524 1942 1565 pro
1962 1513 2152 1552 damnatis
2167 1527 2274 1552 orare
2290 1529 2380 1554 con-

1248 1566 1379 1603 ·suevit
1399 1591 1409 1603 .
1438 1565 1488 1604 Et
1518 1565 1603 1603 liaec
1632 1567 1720 1603 satis
1749 1567 1819 1604 sint
1837 1579 1905 1618 pro
1921 1567 2260 1605 nostroinstitutO.
2290 1566 2383 1606 Plu·

1254 1632 1299 1656 ra
1327 1620 1498 1670 cupienti
1527 1619 1742 1657 satisfacere
1772 1621 1908 1669 poterit
1939 1619 2145 1670 Angelicus
2166 1619 2383 1674 Praeceptor

1254 1672 1296 1708 in
1325 1670 1410 1709 loco
1438 1671 1517 1721 jam
1547 1673 1661 1710 citato
1690 1684 1737 1708 ex
1765 1672 1886 1710 Libro
1914 1671 1966 1709 V.
1996 1671 2328 1714 Sententmrum·

1550 1775 1817 1816 APPENDIX
1849 1774 2060 1816 ALTERA
2076 1804 2088 1817 .

1635 1882 1700 1923 De
1729 1881 1970 1936 Purgatorio
1987 1908 1998 1923 ι

1250 2039 1255 2043 .
1310 1988 1401 2028 286.
1418 1962 1645 2042 Postquam
1675 1990 1822 2042 egimus
1850 1989 1898 2028 de
1941 1992 2150 2031 aeternitate
2175 2005 2385 2045 *poeuarum

1254 2041 1422 2092 inferni,
1464 2042 1568 2082 locus
1597 2052 1836 2095 opportunus
1865 2044 2042 2094 videtur,
2082 2055 2122 2084 ut
2145 2049 2267 2086 'etiam
2297 2064 2383 2103 per-

1254 2104 1459 2135 tractemus
1487 2098 1533 2135 de
1562 2098 1689 2149 poenis
1718 2098 1954 2150 purgatorii.
1999 2100 2030 2137 li
2061 2113 2199 2152 porro,
2229 2105 2298 2154 qui
2330 2118 2383 2141 ειε-

1254 2151 1465 2188 ternitatem
1494 2149 1679 2203 supplicii
1709 2151 1906 2189 infernalis
1924 2152 2216 2203 inficiabantur,
2245 2169 2289 2193 eo
2305 2166 2384 2196 tau-

1253 2204 1342 2242 dem
1360 2203 1663 2243 devolvebantur
1679 2234 1690 2252 ,
1721 2213 1760 2243 ut
1782 2206 1936 2244 nonnisi
1959 2209 2222 2258 purgatorium
2243 2209 2384 2249 admit-

1250 2266 1399 2306 terent,
1430 2257 1559 2296 locum
1589 2257 1760 2305 scilicet,
1791 2258 1851 2296 vel
1883 2268 2021 2298 statum
2041 2290 2051 2308 ,
2083 2262 2219 2313 inquo
2243 2266 2385 2302 animas

1254 2311 1485 2364 peccatrices
1515 2321 1672 2349 suarum
1693 2311 1897 2364 culparum
1912 2315 2212 2364 poenasluerent
2230 2346 2241 2363 ‚
2271 2331 2385 2368 quos-

1247 2379 1331 2418 ‹que
1358 2366 1465 2403 omni
1495 2365 1602 2403 sorde
1630 2366 1821 2404 mundatae
1839 2366 1888 2404 ad
1908 2376 2090 2406 aeternam
2112 2368 2386 2409 beatitudinem

1254 2419 1527 2472 pertransirent
1548 2443 1560 2456 .
1590 2418 1715 2470 Atque
1745 2418 1829 2458 liaec
1858 2418 2012 2459 haeresis
2042 2420 2256 2461 Ecclesiam
2284 2423 2380 2473 diu,

1255 2472 1501 2524 multumque
1531 2471 1730 2511 turbavit.

1313 2526 1405 2578 287.
1432 2525 1510 2564 Sed
1527 2554 1537 2574 ,
1568 2539 1611 2564 ea
1640 2527 1721 2564 fere
1745 2527 1939 2576 extincta,
1969 2526 2047 2566 alia
2076 2528 2197 2566 multo
2217 2528 2384 2568 obstina-

1249 2580 1329 2619 tior
1357 2588 1438 2618 orta
1467 2588 1541 2628 est,
1571 2593 1660 2633 quae
1690 2579 1816 2618 adbuc
1846 2579 1927 2618 Deo
1950 2582 2005 2618 sic
2026 2583 2262 2632 permittente
2281 2597 2383 2634 gras-

1255 2642 1383 2682 satur,
1409 2646 1550 2686 nempe
1569 2633 1799 2681 multorum,
1829 2634 1897 2685 qni
1926 2633 2048 2671 solum
2081 2636 2277 2673 infernum
2310 2637 2382 2674 im-

1224 2702 1227 2704 ·
1255 2689 1331 2740 piis
1360 2687 1694 2740 impoenitentibus
1722 2695 1900 2738 paratum
1931 2701 2007 2724 esse
2036 2688 2195 2735 dicunt,
2226 2689 2381 2728 nullum

1253 2753 1346 2780 vero
1375 2755 1453 2780 esse
1483 2741 1616 2780 volunt
1645 2741 1910 2792 purgatorium
1941 2742 2066 2792 ignem
2106 2743 2153 2780 iis
2183 2741 2291 2793 justis
2318 2743 2384 2781 de-

1253 2796 1433 2834 stinatum
1452 2824 1462 2843 ‚
1491 2796 1559 2847 qui
1590 2794 1741 2831 levibus
1760 2793 1935 2831 sordibus
1965 2794 2176 2843 maculati,
2205 2795 2265 2834 vel
2294 2810 2384 2848 ope--

1254 2847 1364 2887 ribus
1393 2849 1650 2887 satisfactoriis
1677 2859 1755 2886 non
1785 2845 1896 2898 plene
1938 2849 2078 2900 expiati
2120 2860 2167 2887 ex
2203 2846 2276 2888 hac
2305 2852 2382 2890 vita.

1257 2902 1442 2940 decedunt
1460 2927 1470 2939 .

1314 2954 1406 2993 288.
1435 2951 1567 2993 Prima
1596 2951 1713 3004 hujus
1743 2951 1899 2992 haeresis
1919 2955 2024 3007 origo
2039 2955 2228 3008 reperitur
2243 2955 2293 2995 ab
2309 2957 2377 2995 Ae-

1254 3008 1315 3046 rio
1329 3008 1430 3048 Saec.
1451 3007 1518 3046 lV.
1537 3036 1547 3054 ,
1577 3008 1644 3058 qui
1675 3006 1949 3059 Episcopatmn
1979 3009 2177 3059 ambiens,
2207 3025 2272 3063 spe
2302 3010 2382 3048 fru-

1255 3071 1391 3100 stratus
1421 3061 1470 3100 ab
1499 3059 1673 3099 Ecclesia
1701 3062 1878 3110 recessit,
1920 3073 2033 3115 atque
2063 3061 2243 3112 Arianis,
2286 3076 2381 3115 quo-

1256 3127 1343 3154 rum
1373 3114 1488 3153 factio
1515 3122 1602 3152 tunc
1630 3126 1788 3165 magnas
1816 3117 2045 3167 acquisierat
2074 3119 2200 3165 vires,
2239 3131 2276 3155 se
2307 3119 2380 3155 im-

1255 3168 1321 3220 pie
1350 3167 1578 3220 conjnnxit.
1621 3166 1835 3206 Peculiares
1862 3177 1989 3208 tamen
2018 3170 2101 3222 ejus
2130 3183 2272 3208 errores
2300 3169 2376 3207 duo

1257 3227 1391 3267 eran't3
1434 3224 1561 3272 primo
1590 3219 1890 3275 Episcopatum,
1931 3235 2047 3276 quem
2089 3223 2259 3262 obtinere
2301 3234 2376 3259 nnn

1258 3282 1433 3326 potuerat
1460 3275 1502 3313 in
1533 3271 1639 3312 nulla
1667 3286 1707 3313 re
1741 3274 1964 3328 praecellere
2001 3277 2167 3330 simplici
2198 3274 2379 3313 Sacerdo-

1257 3328 1334 3367 tio:
1377 3325 1551 3368 secundo
1578 3340 1653 3370 non
1682 3342 1760 3369 esse
1787 3343 1858 3383 pro
1885 3333 2044 3371 mortuis
2071 3328 2249 3370 fidelibus
2278 3327 2376 3368 elee-

2236 3393 2318 3420 mo-
