2570 3745
860 120 939 166 DE
975 120 1174 164 CAUSA
1210 118 1751 164 JUSTIFICATIONIS.

147 200 176 253 ᾗ
203 202 245 242 in
274 210 419 242 morte.
467 198 579 239 Unde
607 199 748 239 Sanct.
778 200 1050 251 Augus-tirius:
1092 199 1264 238 Charitas

145 286 173 306 ‚,
201 257 403 304 inchoata,
433 258 555 305 inquit
584 255 631 292 de
659 263 737 292 nat.
769 253 802 290 &
822 256 943 305 gratia
965 268 1053 304 cap.
1076 255 1144 291 ulr.
1162 284 1172 300 ,
1205 255 1262 291 in-

145 339 172 359 „
202 310 335 349 choata
363 309 507 360 justitia
536 317 588 347 est
608 334 666 346 ....
686 322 688 324 ·
708 309 874 361 perfecta
904 308 1066 347 charitas
1095 307 1263 359 perfecta

146 392 175 412 „
202 362 343 414 justitia
373 370 424 400 est
440 362 493 400 ’'.
538 362 708 400 Deinum
738 376 806 415 per
850 361 941 413 legis
982 361 1261 400 observantiam

144 414 503 467 Apostolns'l’aulus
519 415 829 466 jiistifictxtioneiri
850 415 1008 454 obtineri
1030 415 1152 452 docet:
1185 412 1262 450 Fa-

142 476 271 505 ctores
298 469 396 521 legis
417 468 744 522 justificabuntur
761 496 770 507 .
803 469 912 506 Rom.
934 470 985 506 ll.
1010 468 1069 506 15.
1101 467 1261 517 Fingere

141 528 269 559 autem
298 536 389 560 cuin
417 523 666 571 adversariis,
705 525 743 560 in
771 523 947 560 omnibus
979 521 1035 559 liis
1065 520 1157 558 locis
1184 534 1259 557 ser-

140 586 298 613 monem
326 587 407 613 esse
431 584 579 614 tantuin
607 577 652 613 de
682 585 833 614 externa
864 575 1019 625 justitiae
1039 573 1259 611 declaratio-

139 639 222 676 ne,
259 640 335 666 non
361 638 488 666 antem
519 629 566 666 de
596 631 741 668 interno.
770 628 932 667 hominis
962 628 1260 679 justificatione,

141 689 195 719 est
222 679 342 733 plane
366 691 483 720 totam
511 684 753 735 Scriptorum
782 683 937 735 proprio
968 680 1183 727 arbitratu,
1226 679 1259 715 &

140 733 224 772 sine
252 735 501 774 fundamento
531 737 768 789 interpretari
786 765 797 783 ‚
828 734 860 771 81
889 735 1099 785 depravare
1116 760 1132 772 ‚v

198 799 264 826 2¹.
293 789 379 827 lnst.
409 794 567 841 primo.
600 788 800 840 Apostolus
827 787 946 825 solam
976 787 1092 824 fidem
1124 785 1262 838 justifi-

141 853 230 879 care
257 838 364 880 docet
393 856 463 896 per
499 843 755 882 exclusionem
798 853 1134 892 quorumcumque
1172 837 1263 890 ope-

141 906 256 940 rum5
285 896 409 948 inquit
429 899 533 935 enim
555 895 718 934 Roman.
733 894 800 932 Ill.
819 893 906 938 24st
936 892 1149 944 Jusslflfflfl
1168 906 1263 944 gra·

139 949 193 984 tis
220 959 290 997 per
316 953 495 1002 gratiam
516 952 634 1000 ipsius
651 964 666 992 ;
695 947 728 984 ἃ
748 956 873 996 postea
895 959 995 984 vers.
1015 945 1082 983 28.
1118 945 1262 997 Perfi-

124 999 235 1038 'dem
262 1005 354 1040 sine
377 1001 554 1053 operibus
580 1001 698 1052 legis.
729 999 786 1038 Ad
808 998 963 1036 Gabii.
993 998 1055 1035 16.
1082 1028 1108 1046 ‚,
1129 998 1262 1037 Scien-

144 1082 171 1101 ,‚
201 1062 280 1102 tes,
309 1055 414 1107 qnodv
439 1067 515 1093 nou·
539 1053 769 1105 justificatur
797 1050 914 1089 honio
942 1064 987 1088 ex
1007 1051 1189 1103 operibus
1210 1049 1262 1087 le-

141 1135 170 1154 „
196 1108 316 1158 gis...
346 1117 384 1145 ut
412 1106 671 1157 justificemur
700 1118 745 1144 ex
766 1105 840 1143 fide
854 1103 1024 1152 Christi,
1055 1104 1091 1140 δι
1118 1116 1194 1142 non
1214 1117 1263 1142 ex

139 1188 165 1206 „
194 1159 373 1211 operibus
402 1159 439 1198 ie
467 1161 502 1198 is
515 1160 591 1199 ἃσ.
608 1160 629 1176 ”

193 1224 257 1250 22.
279 1211 390 1265 Resp.
407 1244 421 1262 ‚
439 1174 507 1252 {iis
536 1212 740 1267 phrasibus
769 1211 922 1250 excludi
936 1224 1052 1262 opera
1082 1210 1180 1248 facta
1209 1211 1263 1249 si·

137 1275 182 1301 ne
202 1263 278 1302 fide
295 1295 309 1314 ,
338 1265 372 1303 8(
399 1268 520 1320 gratia
537 1297 550 1316 ,
577 1266 640 1306 vet
668 1280 758 1320 quae
788 1267 859 1304 sint
878 1264 1161 1316 justificationis
1179 1279 1257 1302 me-

135 1318 297 1364 ritoria3
323 1333 402 1358 non
429 1330 560 1358 antem
585 1333 701 1373 opera
730 1320 830 1358 facta
858 1330 908 1356 ex
933 1318 1081 1356 viribus
1109 1318 1256 1369 gratiae,

136 1369 171 1425 §t
198 1384 289 1423 quae
318 1374 393 1411 sint
419 1381 567 1412 tantuin.
606 1373 868 1424 dispositiones
905 1371 1169 1423 praecedaneae
1209 1371 1257 1408 ad

135 1423 448 1473 justificationem
471 1453 482 1465 .
531 1457 558 1475 „
577 1426 732 1474 Gratis,
763 1427 890 1482 inquit
918 1423 1137 1463 Concilium
1169 1423 1255 1462 Tri-

136 1504 164 1523 „
193 1477 391 1517 deminum
412 1479 512 1518 Sess.
532 1479 602 1518 Vl.
631 1494 717 1530 cap.
747 1478 785 1516 8.
816 1477 1019 1529 justificari
1049 1477 1134 1516 ideo
1161 1476 1257 1515 dici-

139 1557 166 1577 „
194 1543 310 1580 mur,
352 1534 445 1584 quia
477 1531 578 1570 nihil
611 1545 774 1578 eornm,
815 1545 908 1582 quae
948 1530 1260 1582 justificationem

135 1610 164 1630 „
194 1585 442 1633 prame-dunt,
473 1587 553 1623 sive
581 1585 675 1623 fides
693 1615 704 1633 ‚
733 1586 812 1621 sive
832 1596 948 1635 opera
966 1613 977 1630 ‚
1006 1584 1129 1635 ipsam
1149 1582 1260 1634 justi-

135 1663 168 1682 „
193 1634 384 1676 ficationis
408 1640 573 1690 gratiam·
600 1644 864 1691 promerentur
884 1636 1011 1687 (a)''.
1040 1635 1181 1674 Rursus
1199 1635 1260 1686 ju-

133 1687 296 1728 stificari
314 1692 433 1742 gratis
445 1692 616 1730 dicimur
632 1721 644 1740 ,
672 1691 764 1743 quia
780 1691 863 1743 ipsa
877 1689 978 1727 bona
995 1702 1112 1741 opera
1129 1719 1140 1737 ,
1169 1701 1259 1740 quae

118 1741 183 1779 ‘ad
213 1741 524 1794 justificationem
553 1745 781 1798 disponunt,
806 1752 891 1782 sunt
909 1743 1006 1781 dona
1023 1743 1119 1791 Dei,
1149 1756 1264 1780 nem—

136 1807 184 1845 pe
210 1798 344 1847 gratiae
372 1797 455 1850 ejus
483 1797 668 1838 effeetus.

190 1849 253 1888 23.
283 1851 370 1891 Inst.
402 1864 440 1890 2.
468 1852 511 1891 Si
539 1851 606 1891 hic
632 1860 726 1890 esset
753 1850 927 1905 Apostoli
953 1864 1104 1899 seusus,
1141 1849 1263 1888 debe·

134 1909 194 1939 ret
221 1904 335 1943 etiam
366 1904 569 1944 excludere
588 1905 708 1944 fidem
727 1935 742 1954 ⁷
767 1904 1079 1958 quandoquidem
1110 1902 1144 1940 8<
1174 1905 1258 1955 ipsa

132 1963 186 1993 est
215 1956 356 2013 donum
390 1958 490 2007 Dei,
528 1959 562 1996 δε
591 1960 748 2012 insu-per
775 1971 850 1997 non
881 1967 932 1996 est
960 1971 1075 1996 causa
1104 1959 1258 1995 merito-

132 2009 190 2046 ria
220 2011 522 2062 justificationis,
564 2014 630 2052 sed
657 2013 738 2052 sola
764 2011 988 2065 dispositi03
1026 2012 1131 2063 atqui
1161 2009 1258 2049 &c.:

133 2074 224 2114 ergo
242 2063 317 2103 &m

188 2115 258 2161 24*
284 2117 394 2170 Resp.
425 2120 564 2159 Fidem
593 2134 671 2160 non
698 2119 872 2167 excludi,
914 2120 1008 2172 quia
1046 2117 1147 2156 lianc
1172 2118 1262 2158 sine

131 2170 254 2218 gratia
283 2183 479 2224 nunquam
507 2187 583 2212 esse
611 2187 682 2226 pro
709 2183 811 2212 certo
836 2172 1006 2211 habehat
1026 2171 1255 2223 Apostolus3

131 2229 248 2272 opera'
276 2232 404 2262 autem
434 2224 551 2278 legis,
577 2225 612 2262 ἃ
640 2227 726 2264 fieri
748 2234 945 2278 poterant,
969 2225 1004 2262 &
1033 2225 1082 2263 ab
1111 2224 1254 2277 aliqui-

132 2272 206 2313 bus
235 2276 350 2314 etiam
378 2276 523 2317 fiebant
548 2280 629 2317 sine
655 2281 800 2332 gratia,
827 2279 860 2315 ἃ
891 2279 970 2316 sine
996 2277 1077 2316 fide
1102 2279 1144 2316 in
1164 2293 1255 2317 ven-

112 2335 260 2367 ·turum
291 2329 505 2379 Messiam,
548 2331 583 2368 ἃ
613 2341 705 2371 tuuc·
731 2340 837 2370 erant
865 2332 913 2368 ad
942 2330 1254 2381 justificationem

131 2380 285 2421 inutilia
303 2409 315 2422 .
358 2383 494 2423 Fidem
524 2386 668 2436 igitur,
709 2399 774 2422 seu
803 2396 920 2437 opera
948 2384 1045 2422 facta
1075 2396 1120 2421 ex
1149 2383 1257 2433 fide,

128 2432 164 2470 ἃ
192 2448 282 2474 cuin
309 2439 431 2488 gratia
458 2451 507 2491 op
537 2440 614 2477 onit
641 2437 822 2490 operibus
841 2437 962 2489 legis.
990 2436 1041 2475 Ut
1061 2438 1161 2475 enim
1181 2451 1254 2476 sae-

127 2487 218 2538 pius
245 2488 465 2529 observavit
490 2452 534 2529 Sp
563 2492 794 2544 Augustinus
811 2521 822 2538 ,
861 2490 1059 2543 praecipue
1093 2491 1135 2527 in
1160 2490 1251 2530 Lib.

129 2539 180 2578 cle
205 2546 303 2594 spir.
328 2543 378 2585 (θ’
407 2544 484 2592 lit„
514 2543 603 2583 liaec
630 2546 800 2583 maxime
828 2552 885 2582 est
913 2544 1014 2581 inter
1040 2552 1145 2582 vetus
1175 2544 1251 2582 Te-

129 2601 357 2634 stamentum
375 2627 392 2647 ,
416 2611 635 2652 novumque
663 2599 883 2645 distinctio,
921 2597 1021 2650 quod
1051 2597 1114 2635 Iex
1142 2606 1253 2636 vetus

129 2647 382 2700 impetrabat,
403 2661 619 2691 nouantem
640 2654 802 2704 gratiam
821 2651 869 2689 ad
883 2650 1138 2689 obediendum
1158 2665 1253 2690 cou-

128 2699 304 2749 ferebat3
344 2705 445 2744 unde
468 2718 585 2758 opera
614 2705 708 2758 legis
736 2704 985 2757 appellantur
1020 2717 1136 2756 opera
1168 2706 1248 2743 sine

127 2752 234 2802 fide,
263 2755 298 2793 8t
326 2759 412 2797 sine
435 2760 556 2811 gratia
571 2774 585 2806 ;⁴
611 2769 742 2800 contra
771 2759 831 2796 lex
853 2772 948 2796 nova
965 2787 978 2806 ,
1006 2771 1070 2796 seu
1091 2758 1185 2796 fides
1207 2759 1246 2796 in

130 2805 262 2846 Jesum
277 2809 475 2850 Christum
502 2813 727 2852 uberrimus
752 2822 804 2853 est
832 2814 1043 2864 gratiarum
1065 2812 1145 2848 fons
1161 2839 1172 2857 ,
1201 2825 1251 2849 ac

127 2870 326 2910 propterea
363 2867 538 2918 apposite
574 2868 629 2905 ait
658 2865 857 2919 Apostolus
900 2866 947 2903 nd
980 2864 1070 2902 Gal.
1100 2864 1150 2901 ΙΙ.
1186 2863 1246 2902 16.

126 2941 154 2961 ‚,
185 2913 387 2966 Scientes,
411 2920 512 2971 quod
542 2933 619 2959 non
646 2920 877 2971 justificatur
905 2919 1020 2956 homo
1047 2931 1092 2955 ex
1120 2918 1250 2969 operi-

126 2995 154 3014 „
183 2967 254 3007 bus
284 2969 404 3023 legis,
433 2973 507 3010 nisi
536 2987 610 3025 pei·v
632 2973 751 3012 fidem
779 2974 873 3012 Jesu
898 2972 1039 3011 Christi
1060 2972 1108 3017 '’;
1155 2971 1247 3023 quia

120 3018 222 3073 -legis
248 3022 438 3065 Mosaicae.
463 3026 690 3080 adimpletio
713 3028 766 3067 iis
788 3027 917 3067 solum
943 3026 1142 3080 proderat,
1179 3025 1249 3076 qui.

175 3178 230 3213 (ὦ)
246 3178 414 3227 Theologi
440 3180 583 3228 quidem
610 3182 686 3216 fere
704 3182 937 3218 communiter
962 3180 1106 3220 «rocem,
1138 3189 1243 3225 oper-‘1

179 3233 221 3256 ¹¹³
243 3227 470 3268 Praecedentia
494 3229 785 3273 justificationem>
798 3243 871 3264 esse
893 3228 1068 3262 meritoria
1095 3228 1138 3260 cle
1163 3239 1243 3259 con-

129 3278 212 3309 Ε’Ἣυ
225 3284 245 3323 ³.
274 3280 314 3304 nt
335 3278 433 3309 enim
454 3277 568 3321 inquit
595 3279 628 3308 5.
659 3278 862 3321 'lngustinns
887 3288 941 3321 ep.
961 3274 1121 3308 CXGW.
1150 3285 1182 3305 n.
1203 3285 1238 3316 9.

129 3312 207 3368 Nec
233 3328 307 3359 ‘Vsa
332 3327 493 3356 remissio·
513 3334 726 3367 pecc-worma
753 3327 826 3356 sine
862 3326 973 3367 aliquo
1011 3328 1129 3353 merito
1154 3327 1208 3353 est
1227 3341 1238 3359 ‚

128 3371 162 3392 ’ὗ
174 3362 277 3406 fides
303 3365 391 3399 hanc
408 3371 588 3413 imperiur.
610 3369 679 3404 >ed
700 3375 809 3416 primo
834 3371 1004 3405 meritum
1025 3369 1069 3402 de
1091 3378 1241 3412 congruo

2311 137 2390 164 2¹1

1333 213 1399 251 per
1429 199 1546 236 fidem
1578 200 1615 236 in
1636 199 1764 236 Jesum
1787 198 1980 236 Christum
2011 200 2055 237 ad
2079 200 2197 251 legem
2220 201 2351 251 gratiae
2369 216 2452 252 spe-

1330 253 1481 290 ctabant
1499 279 1510 289 .
1543 252 1726 290 Videatur
1756 252 1795 290 S.
1818 254 2048 303 Augustinus
2078 254 2125 292 «Ie
2145 264 2280 306 gratia
2298 284 2308 302 ,
2338 256 2387 294 ἶν’
2407 255 2453 291 [ὶ-

1331 306 1421 344 bero
1450 304 1613 343 arbitrio
1641 320 1727 358 cap.
1748 320 1784 356 7.

1388 361 1452 398 25.
1481 359 1694 397 Cavillatur
1715 361 1852 396 iteruin
1881 357 2147 396 Clieinnitius.
2180 360 2376 411 Apostolus
2404 361 2451 397 de

1331 415 1378 451 iis
1405 415 1518 451 etiam
1540 411 1730 466 loquitur,
1761 413 1829 464 qui
1860 412 1898 449 in
1928 414 2043 449 veteri
2067 411 2306 450 Testamento
2336 414 2451 451 sidem

1330 466 1520 504 habebant
1551 467 1590 504 in
1618 465 1812 505 Chri-stum
1832 495 1842 511 ,
1872 463 2088 514 cujusmodi
2124 466 2192 501 suit
2224 466 2416 504 Abraham
2437 497 2447 515 ,

1329 533 1445 572 quein
1489 528 1615 558 tamen
1653 519 1747 558 dicit
1789 519 1903 555 fuisse
1936 517 2187 568 justificatum
2228 533 2290 568 per
2333 520 2450 557 solani

1332 573 1472 611 fidem.
1494 603 1518 620 ‚,
1540 573 1580 611 Si
1612 575 1714 611 enini
1746 570 1965 618 Abraham,
1994 575 2117 621 inquit
2150 570 2265 607 Ii'om.
2297 570 2366 608 JV.
2391 586 2449 619 2.,

1333 656 1358 673 „
1389 640 1432 663 ex
1453 621 1632 678 operibus
1661 626 1754 678 legis
1774 623 2004 676 justificatus
2032 634 2105 672 est,
2137 623 2248 661 habet
2268 623 2451 674 gloriani,

1332 709 1357 726 „
1389 680 1450 717 sed
1481 694 1557 717 uon
1587 680 1692 731 apud
1720 678 1883 717 Deum''
1902 704 1912 715 .
1944 678 2128 730 Loquitur
2158 679 2269 714 etiam
2301 678 2345 714 de
2379 679 2450 724 iis,

1331 734 1397 783 qui
1430 735 1466 770 in
1494 747 1593 771 nova
1616 733 1696 784 lege
1731 733 1920 779 viventes,
1951 732 2082 783 utique
2104 732 2236 778 gratia:
2259 731 2368 768 donis
2388 731 2451 767 ad-

1332 787 1407 835 Juti.
1433 786 1576 824 bonum
1606 786 1889 838 oiaerabantnr:
1920 797 2051 822 eorum
2083 786 2333 824 nihilominus
2362 797 2453 834 ope-

1332 853 1373 876 ra
1403 837 1592 878 excludit.
1623 841 1704 878 lino
1731 853 1821 877 cum
1851 852 1966 890 opera
1995 852 2062 877 sua
2094 839 2190 875 sacta
2220 847 2305 875 ante
2335 837 2451 876 fidem

1332 901 1496 930 vocasset
1513 892 1794 931 detrimentum
1810 891 1908 930 Pliil.
1927 892 1994 929 ΙΙΙ.
2014 906 2049 942 7.
2072 891 2295 928 Arbitrium
2310 903 2398 928 sum

1331 944 1602 993 detrimenta,
1643 960 1756 998 opera
1788 955 1913 997 postea
1945 946 2068 992 facta,
2098 958 2185 981 cuin
2217 943 2296 995 jain
2328 943 2453 982 fidelis

1332 1007 1447 1044 esset,
1478 1001 1646 1047 vocavit,
1675 1009 1851 1037 stercora
1882 995 2085 1045 σκόβαλκ,
2116 1012 2179 1034 seu
2200 997 2451 1047 quisquilias,

1330 1052 1380 1092 <9-
1410 1053 1729 1104 rejectazmenta.
1761 1051 1935 1089 Arbitror
1956 1059 1994 1086 ut
2015 1060 2218 1095 stercora5
2248 1064 2320 1088 non
2350 1051 2451 1088 enim

1331 1106 1449 1142 utitur
1480 1115 1648 1158 tempore
1670 1106 1861 1158 praeterito
1880 1104 2095 1142 arbitratus
2117 1117 2206 1141 sum
2224 1134 2234 1153 ,
2264 1103 2327 1142 sed
2351 1117 2452 1156 prae-

1329 1159 1423 1196 senti
1454 1158 1655 1197 arbitror.

1384 1210 1448 1249 26.
1482 1211 1593 1264 Resp.
1627 1212 1847 1264 Apostolum
1891 1211 2022 1262 utique
2051 1209 2154 1262 loqui
2194 1211 2241 1248 dc
2269 1209 2451 1262 operibus

1326 1264 1585 1314 credentium,
1615 1266 1694 1303 sive
1716 1266 1754 1302 iu
1774 1265 1913 1312 veteri,
1943 1266 2022 1302 sive
2052 1264 2090 1300 in
2112 1276 2208 1300 novo
2228 1263 2451 1301 Testamen-

1327 1326 1391 1366 to,
1419 1319 1663 1357 consideratis
1690 1327 1815 1356 tamen
1845 1330 1935 1355 cum
1965 1317 2190 1368 praecisione
2219 1330 2241 1353 a
2270 1316 2373 1361 fide,
2418 1315 2452 1350 ἃ

1325 1372 1468 1421 gratia.
1497 1372 1549 1412 Ut
1578 1373 1683 1410 enim
1704 1371 1746 1410 S.
1768 1372 1925 1423 August.
1946 1370 2122 1408 observat
2140 1369 2211 1408 lib.
2229 1368 2450 1407 LXXXlll.

1331 1422 1552 1473 Quoestion.
1581 1433 1718 1478 quaest.
1751 1424 1844 1475 76„
1873 1436 2009 1475 scopus
2029 1424 2149 1475 ipsius
2179 1432 2257 1460 erat
2286 1432 2361 1460 tam
2383 1422 2450 1459 Ju-

1325 1477 1427 1516 daeos
1445 1507 1454 1525 ,
1483 1492 1601 1530 quam
1631 1477 1802 1515 Gentiles
1831 1477 2012 1524 edocere,
2043 1490 2165 1527 neque
2185 1490 2299 1527 opera
2329 1476 2450 1527 legis,

1327 1545 1452 1583 neque
1481 1532 1558 1569 alia
1587 1544 1703 1582 opera
1723 1531 1821 1569 bona
1842 1543 2013 1582 unquam
2037 1530 2222 1581 profuisse
2239 1559 2249 1577 ,
2280 1538 2342 1567 aut
2365 1541 2450 1580 pro-

1327 1584 1431 1621 desse
1451 1613 1464 1632 ,
1506 1585 1575 1622 nisi
1608 1586 1646 1622 in
1677 1593 1861 1635 quantum
1893 1592 1997 1620 erant
2027 1595 2070 1619 ex
2102 1582 2206 1630 fide,
2246 1582 2279 1618 &
2316 1583 2448 1633 gratiae

1328 1636 1452 1682 donzi3
1482 1638 1533 1674 ita
1564 1646 1604 1674 ut
1633 1645 1707 1674 tota
1736 1637 1893 1674 illorum
1925 1634 2067 1674 utilitas
2096 1648 2171 1672 non
2203 1635 2296 1685 legi,
2329 1650 2450 1687 neque

1327 1690 1478 1727 viribus
1505 1690 1684 1737 arbitrii,
1713 1690 1775 1728 sed
1805 1689 1929 1736 fidei,
1960 1688 1993 1724 ἃ
2021 1689 2155 1740 gratiae
2187 1698 2278 1725 esset
2307 1689 2450 1726 adscri-

1326 1741 1475 1781 benda:
1506 1744 1604 1781 unde
1625 1751 1725 1781 recte
1756 1742 1945 1780 inferebat
1968 1739 2189 1794 Apostolus,
2219 1742 2320 1793 quod
2341 1747 2373 1778 sl
2397 1742 2449 1778 A-

1326 1794 1496 1834 braham
1519 1810 1571 1835 ex
1600 1796 1778 1846 operibus
1797 1796 1884 1836 &a
1901 1825 1912 1842 ,
1941 1809 2030 1847 quae
2061 1798 2276 1832 consecutio
2304 1797 2449 1847 optima

1327 1858 1402 1898 est,
1432 1852 1463 1887 si
1492 1862 1609 1903 opera
1638 1850 1737 1888 bona
1767 1849 2073 1896 considerentur,
2103 1850 2264 1900 seposita
2285 1848 2382 1896 fide,
2412 1847 2447 1884 Sc

1325 1905 1469 1955 gratia3
1499 1912 1590 1942 tunc
1609 1904 1708 1941 enini
1731 1912 1850 1955 posset
1881 1902 1997 1940 homo
2014 1901 2170 1954 gloriari
2200 1902 2246 1939 de
2270 1903 2337 1948 iis,
2367 1915 2448 1939 no’z

1326 1956 1433 2007 apud
1462 1955 1625 1994 Deum:
1655 1957 1761 1994 nulla
1790 1965 1917 1994 autem
1948 1964 2002 1992 est
2027 1957 2269 2002 consecutio,
2298 1956 2329 1993 si
2358 1968 2448 2006 ope-

1326 2023 1369 2048 ra
1398 2009 1499 2047 bona
1520 2009 1600 2047 Deo
1629 2017 1671 2047 ut
1698 2010 1841 2047 auctori
1864 2021 1995 2045 eorum
2025 2007 2269 2053 tribuantur5
2300 2016 2387 2045 tnnc
2408 2022 2447 2044 e-

1325 2064 1408 2100 nim
1440 2061 1539 2100 illud
1579 2064 1741 2100 recurrit
1770 2059 1938 2113 Apostoli
1975 2074 2007 2099 1.
2036 2061 2124 2098 Cor.
2155 2060 2221 2097 IV.
2255 2075 2292 2110 7.
2344 2060 2448 2110 Quid

1326 2115 1473 2164 habes,
1502 2114 1604 2167 quod
1632 2128 1713 2153 non
1741 2112 1969 2163 accepisti?
1999 2139 2010 2152 .
2027 2140 2037 2151 .
2056 2139 2067 2152 .
2100 2113 2205 2164 Quis!
2231 2114 2416 2164 gloriaris
2433 2144 2445 2161 ,

1326 2173 1441 2221 quasi
1469 2183 1550 2207 non
1578 2167 1816 2220 acceperis?
1842 2168 2041 2215 Ceterum,
2069 2168 2124 2215 si,
2155 2176 2194 2204 ut
2226 2168 2447 2205 Adversarii

1324 2223 1506 2276 fingunt,
1537 2222 1736 2275 Apostolus
1764 2235 1880 2274 opera
1910 2220 2081 2260 excludit
2107 2221 2222 2258 etiam
2252 2234 2296 2258 ex
2325 2221 2445 2272 gratia

1323 2277 1457 2325 facta,
1495 2289 1566 2314 uon
1597 2276 1734 2324 video,
1782 2287 1852 2313 cur
1881 2288 1952 2313 non
1981 2273 2118 2312 debeat
2143 2286 2295 2326 quoque
2325 2273 2446 2312 fidem

1324 2330 1551 2377 excludere,
1594 2343 1684 2382 quae
1714 2331 1755 2368 in
1783 2328 1966 2380 operibus
1993 2328 2102 2366 bonis
2132 2327 2166 2363 δε
2197 2328 2279 2378 ipsa
2307 2341 2444 2364 nume·
2479 2371 2485 2378 ι

1321 2394 1452 2432 ratur,
1482 2384 1630 2421 dicente
1661 2383 1827 2421 Domino
1856 2382 1913 2420 Jo.
1936 2380 2006 2419 Vt.
2028 2393 2114 2433 29.:
2144 2379 2234 2418 Hoc
2262 2389 2322 2418 est
2348 2393 2443 2429 opus

1322 2437 1401 2475 Dei
1422 2467 1434 2485 ,
1463 2446 1503 2474 uc
1532 2435 1706 2474 credatis
1736 2439 1777 2473 in
1806 2448 1898 2472 eum
1926 2447 2043 2486 quem
2073 2436 2181 2471 misit
2209 2434 2271 2472 ille
2289 2461 2298 2471 .
2347 2433 2443 2470 Pue-

1320 2491 1404 2528 rilis
1431 2500 1557 2529 autem
1588 2499 1641 2528 est
1669 2488 1738 2528 illa
1765 2488 1979 2526 Cliemnitii
2008 2487 2224 2525 observatio
2250 2500 2442 2538 gramma-

1320 2544 1442 2585 ticalis
1470 2545 1516 2582 de
1546 2553 1715 2596 tempore
1745 2543 1967 2594 praeterito,
1996 2540 2055 2580 vel
2087 2542 2293 2592 praesenti3
2339 2548 2440 2584 utro,-

1315 2597 1437 2650 bique
1465 2598 1573 2636 euim
1599 2597 1642 2635 S.
1670 2595 1811 2635 Paulus
1852 2595 2064 2634 considerat
2091 2606 2205 2646 opera
2241 2605 2309 2629 sua
2339 2591 2439 2630 facta

1316 2661 1402 2689 ante
1432 2650 1573 2699 fidem,
1603 2665 1690 2689 nain
1711 2662 1827 2702 opera
1855 2649 1954 2686 facta
1974 2657 2055 2697 post
2084 2645 2201 2683 fidem
2231 2646 2311 2695 ipse
2333 2646 2437 2696 Apo-

1315 2704 1429 2743 stolus
1458 2703 1746 2756 vecatjructits
1774 2705 1957 2751 spiritus,
1987 2699 2033 2736 ad
2055 2698 2145 2737 Gal.
2167 2695 2222 2734 V'.
2241 2710 2304 2735 22.

1372 2772 1436 2809 27.
1467 2758 1602 2796 Dices.
1632 2758 1814 2807 Origenes
1836 2755 1922 2792 Lib.
1946 2753 2010 2789 ΙΙΙ.
2032 2753 2072 2790 in
2103 2766 2166 2803 ep.
2193 2751 2241 2788 ad
2263 2750 2379 2789 Rom.
2395 2765 2439 2789 n.

1315 2824 1354 2864 9.
1387 2811 1583 2862 explicans
1612 2824 1654 2846 ea
1684 2809 1803 2846 verba
1832 2804 2002 2856 Apostoli
2033 2818 2149 2856 supra
2176 2802 2282 2842 laud.
2311 2817 2371 2841 ex.
2401 2818 2438 2843 c.

1313 2865 1383 2903 111.
1406 2865 1469 2903 28.
1490 2862 1746 2902 Arbitrantur
1774 2860 1860 2899 (Je-
1884 2858 1966 2895 lnoec
1997 2856 2136 2895 habet:
2166 2886 2194 2905 „
2212 2859 2264 2896 ita
2295 2866 2336 2894 ut
2355 2871 2436 2894 cre-

1316 2947 1346 2966 „
1371 2918 1464 2956 dens
1492 2919 1576 2969 quis
1597 2912 1859 2953 tantummodo
1880 2910 2109 2962 justificetur
2125 2941 2136 2958 ,
2166 2912 2313 2948 etiamsi
2334 2909 2434 2948 niliil

1317 2999 1344 3018 ‚‚
1373 2972 1423 3009 ab
1444 2985 1486 3008 eo
1505 2971 1628 3021 operis
1649 2968 1764 3005 fuerit
1785 2964 1979 3017 expletum
1996 2965 2016 2979 '‘
2030 2991 2042 3002 .
2071 2964 2182 3011 Quod
2204 2973 2328 3015 postea
2348 2976 2436 3001 cou-

1315 3022 1447 3070 firmat
1472 3021 1650 3075 exemplo
1677 3019 1832 3058 latronis
1849 3048 1863 3068 ,
1908 3018 1979 3071 qui
2007 3016 2105 3056 nihil
2133 3018 2266 3057 fecisse
2295 3017 2438 3109 lggitur

2332 3082 2373 3107 ο-

1310 3190 1378 3212 non
1405 3186 1457 3212 est
1481 3177 1649 3210 meritum
1676 3186 1780 3216 vere,
1805 3177 1843 3208 ἂ
1863 3173 2004 3219 proprie
2031 3173 2099 3209 tale
2122 3186 2130 3203 ε
2157 3171 2305 3206 secundo
2329 3169 2428 3203 nullae

1308 3234 1360 3257 est
1387 3225 1450 3258 hac
1488 3222 1529 3256 de
1566 3234 1603 3256 re
1627 3222 1793 3257 Ecclesiae
1818 3219 1998 3255 definitio:
2037 3224 2141 3254 tertio
2178 3229 2245 3251 non
2280 3216 2431 3252 desunt,

1309 3272 1368 3315 qui
1395 3282 1496 3304 omne
1524 3270 1689 3303 meritum
1713 3270 1756 3302 ‹le
1782 3281 1929 3313 congruo
1955 3274 2033 3300 ante
2058 3264 2432 3309 justificationom&-

1309 3317 1449 3350 cludant
1465 3339 1477 3347 -
1499 3316 1628 3351 Confer
1645 3316 1748 3352 Dom-
1776 3317 1861 3350 Soio
1878 3315 1956 3348 Lib.
1970 3314 2016 3347 ll.
2038 3312 2092 3346 De
2112 3319 2255 3351 nattam,
2281 3314 2322 3341 (θ’
2345 3317 2431 3349 gra»-

1307 3368 1363 3399 tia
1385 3375 1459 3409 cap·
1477 3362 1517 3408 4.
