2562 3694
816 96 1202 144 REFELLITUR
1238 94 1716 140 PROBABILISMUS
1735 128 1746 140 .

129 191 211 234 est,
240 182 424 238 opinandi
451 180 666 221 ubertatem
697 176 891 231 relinqui,
922 193 992 218 non
1021 188 1148 216 autem
1180 178 1248 216 ubi

131 248 186 276 est
216 239 344 290 culpae
374 234 590 290 periculum
609 258 620 270 .
661 231 703 270 S.
734 233 968 284 Augustinus
1006 232 1174 285 loquitur
1203 232 1248 269 de

131 304 266 341 more,
294 291 361 344 qui
388 288 483 326 olim
513 285 747 325 invaluerat:
788 296 825 324 ut
856 286 987 324 fideles
1019 288 1112 324 feria
1133 287 1250 338 quin-

130 353 167 383 ta
198 347 235 383 in
264 355 374 382 coena
402 340 562 378 Domini
592 339 639 378 ad
668 352 816 378 sacrant
846 340 1033 392 Synaxini
1079 347 1158 391 post
1187 351 1249 375 co-

131 398 351 436 mestionem
381 393 621 441 accederent,
650 394 752 446 quod
782 392 1132 432 sacrisCanonibus
1162 405 1248 444 per-

130 450 289 489 missum
319 455 397 485 erat
427 447 491 499 (a)
514 474 525 485 .
556 447 700 484 Hacde
732 461 769 484 re
801 449 1049 498 interrogatus
1073 446 1248 497 Augusti-

129 514 199 540 nus
226 501 418 554 respondit
438 530 449 550 ,
479 501 705 539 servandam
736 514 812 538 esve
851 501 1021 538 locorum
1052 507 1248 537 consuetu-

127 552 278 602 dinem,
316 555 409 607 quia
437 553 581 592 scilicet
611 564 699 592 tuuc
731 556 910 606 temporis
941 563 1062 591 tutum
1092 552 1248 590 omuino

124 615 233 656 erat,
262 615 339 646 tam
369 614 482 656 ante,
512 621 630 661 quam
661 617 739 660 post
768 621 918 645 coeuam
950 609 987 644 in
1011 606 1078 644 illa
1101 606 1162 643 die
1191 618 1248 642 sa-

126 672 234 699 cram
262 660 548 700 Eucharistiam
578 675 754 700 sumere.
790 661 877 698 Vid.
902 660 1039 698 Bened.
1062 657 1170 698 Xtv.
1200 655 1249 696 «le

90 742 97 746 -
128 712 233 767 Syn.
262 713 435 754 Dioeces.
467 714 555 755 Lib.
586 715 654 754 Vt.
685 729 772 768 cap.
802 714 841 752 8.
871 727 980 752 suun.
1013 714 1052 760 4.

187 781 277 820 ¹¹9·
305 767 347 807 S.
377 768 547 808 Thomas
587 771 701 807 etiam
743 769 914 820 loquitur
951 768 997 804 de
1039 766 1250 819 qnaestione

127 832 233 860 mere
261 821 516 874 speculativa,
547 823 585 860 in
616 835 692 875 qua
723 832 924 873 utramque
953 819 1176 859 sententiam
1199 827 1250 856 te-

127 887 220 913 nere
248 883 371 914 tutum
399 885 499 922 erat;
528 890 618 914 cum
647 874 745 913 niltil
776 884 868 912 esset
896 873 942 911 de
972 872 1043 910 ltac
1071 873 1251 911 determi-

128 938 288 975 natum3
318 940 357 968 ut
386 932 490 968 enim
522 930 643 982 inquit
673 927 815 974 Quodl.
842 926 878 966 3.
909 935 980 964 art.
1007 939 1067 964 to.
1099 923 1147 962 In
1176 928 1251 973 iis,

130 994 220 1032 quoe
248 995 329 1021 non
356 987 556 1035 pertinent
583 981 639 1019 ad
655 980 815 1034 fidem,
846 980 904 1018 vel
932 979 988 1017 ad
1016 978 1136 1017 bonos
1166 991 1251 1016 mo·

130 1047 223 1085 res,
267 1035 413 1088 absque
440 1035 613 1088 periculo
654 1033 857 1072 auditores
900 1042 1114 1085 utramque
1142 1036 1252 1083 sequi

127 1099 318 1139 possunt.
360 1089 478 1129 Secus
505 1097 632 1128 autem
661 1089 770 1126 sentit
799 1087 846 1125 de
876 1088 920 1125 iis
949 1085 1252 1139 quzestionibus,

128 1156 219 1194 quae
249 1143 308 1182 vel
338 1143 386 1181 ad
423 1142 540 1182 fidem
583 1143 798 1194 pertinent,
843 1139 903 1179 vel
933 1142 980 1178 ad
1023 1140 1142 1179 bonos
1172 1153 1254 1178 mo-

127 1207 215 1242 res;
258 1194 357 1234 unde
392 1208 427 1234 1.
459 1209 496 1235 2⁵
556 1211 593 1234 11.
624 1194 691 1248 96.
722 1205 792 1233 art.
823 1194 862 1233 6.
892 1194 940 1232 ad
971 1207 1008 1232 α.
1051 1203 1253 1247 postquam

127 1247 343 1297 docuisset,
374 1262 480 1302 posse
508 1211 681 1304 aliquem
711 1257 853 1302 praeter
883 1248 1001 1287 verba
1030 1247 1122 1300 legis
1154 1248 1254 1286 face-

127 1310 193 1350 re,
221 1305 264 1340 ἰη
294 1315 392 1341 casu
413 1333 424 1352 ,
454 1307 496 1342 in
525 1317 601 1356 quo
630 1302 894 1355 manifestum
924 1310 981 1339 est
1002 1315 1072 1353 per
1100 1301 1254 1339 eviden-

132 1358 233 1393 tiam
262 1362 495 1395 nocumenti
537 1356 809 1410 legislatorem
848 1355 958 1393 aliuil
1006 1353 1256 1404 intendisse,

130 1408 276 1447 subdit:
320 1409 363 1447 Si
391 1420 527 1448 autem
558 1409 717 1449 dubium
748 1420 834 1457 est,
878 1407 988 1446 <lebet
1018 1410 1075 1447 vel
1117 1421 1257 1446 secun-

131 1460 226 1500 dum
256 1461 373 1501 verba
401 1464 499 1517 legis
529 1476 679 1518 agere,
716 1465 776 1502 vel
805 1467 1048 1512 superiorem
1077 1462 1256 1500 consule-

129 1527 201 1554 re.
234 1517 411 1565 Accedit,
455 1520 557 1570 quod
588 1519 704 1556 etiam
737 1519 775 1555 in
805 1517 918 1555 rebus
949 1530 1051 1554 mere
1081 1516 1255 1567 specula·

129 1570 220 1607 tivis
240 1583 308 1608 uec
328 1570 368 1609 S.
391 1569 582 1619 Thomas,
614 1583 684 1608 nec
716 1569 818 1608 ullus
852 1570 951 1607 alius
971 1570 1074 1622 quod
1103 1571 1221 1607 sciam
1241 1599 1252 1618 ,

130 1625 326 1661 seutentiae
357 1622 741 1677 minus-probabili,
784 1623 943 1674 cognitae
986 1631 1023 1659 ut
1054 1619 1142 1668 tali,
1181 1636 1253 1660 un-

131 1688 249 1728 quam
278 1675 465 1723 adltaesit3
495 1675 596 1716 ttnde
622 1676 724 1730 quod
753 1676 885 1714 dicunt
913 1675 1122 1726 aliquando
1152 1688 1189 1712 se
1211 1688 1254 1712 u—

133 1731 172 1768 ui
203 1731 300 1782 parti
321 1728 519 1773 adhaerere
548 1733 629 1770 sine
658 1728 889 1782 praejudicio
909 1728 1092 1776 alterius,
1122 1729 1175 1765 ita
1197 1729 1254 1766 in-

131 1781 382 1836 telligendum
411 1792 492 1833 est,
523 1795 577 1824 'ut
605 1784 775 1823 liberum
817 1783 1030 1835 unicuique
1059 1783 1106 1820 sit
1143 1783 1258 1820 etiam

134 1836 243 1875 alteri
263 1837 435 1888 opinioni
456 1837 724 1882 subscribere3
753 1837 964 1876 dummodo
992 1835 1121 1875 debita
1151 1835 1260 1874 11111ιὶἑ

132 1889 214 1930 bita
241 1890 444 1943 diligentia
472 1890 533 1931 illi
563 1890 804 1945 probabilior
833 1898 1014 1943 appareat
1032 1915 1043 1928 .

193 1955 283 1983 120.
312 1945 426 1993 Quod
454 1954 582 1984 autem
610 1946 657 1985 de
685 1943 727 1984 S.
756 1945 954 1998 Cypriano
984 1943 1171 1992 affertur,
1202 1941 1262 1981 ni-

131 1998 210 2037 mis
223 1997 380 2051 probat3
410 1998 588 2052 probaret
607 1999 710 2038 enim
729 2029 740 2048 ,
771 1998 1034 2037 excusandum
1055 2011 1134 2035 esse
1151 2025 1162 2044 ,
1193 1997 1263 2049 qui

135 2054 308 2105 sequitur
349 2054 570 2092 sententiam
612 2051 730 2106 plane
772 2051 934 2100 falsam,
976 2049 1011 2087 8t
1049 2065 1072 2089 a
1100 2050 1265 2089 Summo

136 2103 323 2145 Pontifice
350 2105 595 2156 damnatam,
624 2106 841 2159 cujusmodi
863 2114 942 2144 erat
960 2105 1149 2158 Cypriani
1179 2117 1264 2142 sen—

137 2159 255 2197 tentia
298 2159 346 2197 de
373 2159 654 2213 rebaptizandis
696 2159 914 2198 haereticis.
961 2157 1002 2195 S.
1034 2158 1267 2209 Augustinus

138 2224 215 2251 non
235 2213 392 2251 omnino
404 2214 645 2266 Cyprianum
667 2221 818 2251 excusat
835 2241 846 2261 ‚
876 2210 939 2248 sed
959 2212 1141 2262 sanguine
1156 2223 1266 2248 suam

140 2266 280 2305 erroris
309 2266 502 2305 maculam
533 2265 679 2305 lavasse
697 2267 831 2305 dicit.
874 2263 1040 2302 Excusat
1069 2274 1197 2302 antem
1227 2279 1268 2302 a·

138 2317 168 2358 li
226 2333 249 2358 a
277 2319 450 2368 ratione,
479 2321 571 2373 quia
600 2319 771 2358 nondum
802 2332 860 2357 res
890 2320 960 2356 ista
981 2317 1147 2370 plenarii
1168 2318 1268 2355 Con·

138 2374 174 2412 ci
196 2374 221 2412 ii
252 2373 476 2413 auctoritate
505 2375 629 2412 fuerat
656 2371 814 2412 definita
833 2398 843 2411 .
880 2373 1058 2410 Ceterum
1089 2383 1160 2424 pro
1187 2384 1268 2410 cer·

139 2434 178 2465 to
206 2425 330 2465 habeo
349 2456 360 2476 ,
402 2442 424 2466 a
452 2427 494 2466 S.
525 2428 738 2480 Augustino
766 2425 877 2466 nullo
905 2426 1019 2464 modo
1047 2433 1272 2464 excusatum

141 2480 191 2519 iri
220 2479 487 2533 Cymianum,
529 2483 560 2520 si
591 2482 815 2521 seutentiam
844 2493 951 2519 suam
983 2488 1022 2517 ut
1053 2479 1182 2517 minus
1212 2487 1271 2516 tu·

139 2541 218 2572 tam
236 2562 248 2582 ,
289 2534 497 2587 minusque
527 2534 768 2588 probabilem
799 2535 1036 2586 agnovisset,
1065 2531 1099 2569 8<
1131 2531 1271 2571 nibilo-

142 2588 273 2625 minus
301 2601 388 2626 eam
419 2590 666 2641 pertinaciter
693 2586 1134 2633 defendere.volt1isset3
1165 2596 1270 2638 quae

144 2638 491 2680 Probabilistarum
520 2642 694 2680 doctrina
722 2651 801 2680 est.

206 2704 294 2732 121.
324 2694 607 2736 Testimonium
639 2708 753 2749 porro
781 2694 824 2734 S.
854 2692 992 2733 Leonis
1034 2693 1160 2746 potius
1203 2691 1269 2731 ad-

144 2747 324 2789 versariis
352 2758 462 2789 nocet
481 2776 493 2789 ·
521 2749 563 2790 Si
592 2751 696 2790 enim
718 2749 758 2788 in
785 2747 902 2788 rebus
929 2746 1088 2797 dubiis,
1118 2745 1180 2788 vel
1198 2747 1269 2787 ob·

197 2928 246 2965 (a)
272 2924 496 2961 Sacramenta
522 2926 661 2962 Alton-is
695 2930 834 2961 nonnisi
871 2939 891 2960 a
910 2927 1046 2973 jejunis
1083 2922 1274 2957 horninibus

151 2973 368 3007 celebrentur
386 2994 398 3014 ‚
423 2982 566 3017 excepto
582 2976 642 3008 die
667 2978 905 3008 anniuersario
925 2995 936 3014 ,
961 2986 1021 3017 quo
1047 2984 1135 3005 caena
1153 2970 1277 3004 Domi-

150 3022 190 3053 πῖ
215 3019 433 3054 celebratur.
474 3021 512 3054 ln
538 3021 623 3054 Can.
651 3021 876 3055 Sacramenta
901 3021 1040 3053 Altaris
1079 3017 1119 3051 de
1146 3019 1278 3051 Conse-

144 3066 244 3100 'erah
267 3065 352 3100 diss.
373 3078 426 3108 r.,
452 3067 512 3112 qui
540 3074 655 3099 tamen
682 3069 814 3100 Canon.
846 3072 857 3104 (
883 3073 956 3099 urst
983 3066 1041 3107 4¹·
1068 3063 1275 3107 Cartbagin-

158 3110 196 3144 ih
217 3111 344 3148 Codice
369 3113 538 3147 Africano
564 3118 575 3151 )
603 3114 667 3146 fuit
694 3114 728 3145 in
755 3113 914 3145 Concilio
939 3112 1112 3144 Τπ-11113110
1135 3120 1277 3143 revoca-

158 3163 215 3190 tus
239 3158 292 3193 his
315 3159 434 3194 verbis
459 3173 537 3194 can.
559 3169 638 3204 ²9⁶
675 3159 878 3203 Carthagin.
908 3157 1052 3198 synodi
1078 3157 1194 3190 Canon
1221 3157 1278 3188 di-

145 3206 238 3243 'cim
260 3212 298 3238 Μ
322 3206 546 3241 Samnii-nto
570 3208 860 3241 alearis‘nonnisi
886 3218 905 3238 a
934 3205 1061 3236 sobriis
1087 3202 1277 3235 hominibus

160 3246 562 3297 peragarifflbscepro
588 3266 650 3287 nno
664 3254 724 3286 die
751 3257 785 3286 in
811 3265 897 3286 anno
917 3271 928 3291 ,
954 3254 989 3283 in
1015 3260 1076 3294 qao
1102 3261 1190 3282 caena
1205 3247 1280 3281 Do-

161 3299 246 3328 mini
272 3303 464 3342 peragt'mr:
493 3310 574 3334 tunc
590 3301 752 3345 fortasse
768 3307 910 3343 propter
934 3298 1065 3338 aliquas
1093 3299 1127 3328 in
1154 3299 1202 3327 iis
1228 3295 1280 3328 10⁴

162 3345 218 3376 cis
243 3347 444 3379 occasiones
467 3347 641 3384 Ecclesia
666 3349 771 3383 utiles
798 3345 870 3380 SS.
899 3345 956 3380 iila·
981 3342 1107 3378 Patres
1133 3341 1197 3377 hac
1221 3342 1280 3375 ἀί·

2328 117 2374 160 7ῐ

1316 175 1435 214 scuris
1465 176 1502 212 id
1534 177 1638 228 sequi
1669 174 1878 226 debemus,
1923 177 2025 230 quod
2055 193 2122 218 nec
2152 187 2356 237 itaeceptis
2384 187 2434 225 E-

1316 226 1524 280 vangelicis
1544 257 1555 276 ,
1601 241 1671 265 nec
1700 230 1856 269 decretis
1885 230 2013 270 Sanct.
2044 232 2197 272 l'atrum
2240 238 2438 279 invenitur

1317 282 1552 320 contrarium
1571 311 1581 329 ‚
1627 283 1795 333 profecto
1821 286 2045 322 sententiam
2077 290 2203 327 miuus
2231 298 2350 331 tutam
2381 305 2437 330 se-

1317 337 1382 388 qui
1412 347 1489 373 non
1516 347 1747 387 possumus,
1776 349 1896 386 quam
1926 338 2145 377 dubitatum
2163 349 2363 397 praeceptjq
2382 345 2436 384 Ε.

1317 387 1552 441 vangelicis,
1585 387 1617 423 &
1647 387 1716 425 SS.
1748 387 1818 426 ΡΙ).
1848 389 2007 427 decretis
2035 397 2262 434 contrariam
2294 413 2397 438 esse.

1377 455 1464 480 122.
1493 441 1587 492 Obj.
1615 453 1750 480 nono.
1789 441 1829 480 S.
1861 441 2030 481 Thomas
2071 445 2226 497 loquens
2255 451 2301 486 cle
2329 463 2435 504 quae-

1315 496 1433 533 stione
1464 496 1674 547 atnbigua,
1704 494 1922 545 cujusmodi
1952 497 2074 548 ipsius
2095 509 2201 536 aetate
2223 512 2300 540 erat
2329 519 2437 556 qnae.

1316 551 1414 596 stio,
1444 563 1492 586 an
1524 549 1655 587 liceret
1685 547 1826 586 habere
1885 548 1986 587 lures
2015 551 2263 601 praebendas,
2295 558 2331 593 in
2360 572 2438 610 qua

1318 601 1501 654 'l'lieologi
1531 601 1758 654 Theologis‚
1791 602 1825 639 ἃ
1871 605 1997 640 uristae
2013 604 2161 643 Juristis
2190 607 2440 649 adversaban-

1316 663 1404 702 tur,
1444 656 1494 693 ita
1536 655 1688 694 resolvit
1727 655 1870 703 Quodl.
1900 656 2005 695 Vttl.
2035 666 2106 696 art.
2140 659 2224 697 13.:
2268 661 2344 697 Aut
2388 676 2441 701 ez

1318 714 1531 747 contrariis
1561 709 1806 760 opinionibus
1835 715 1873 748 in
1892 711 2046 749 nullam
2067 710 2352 752 dubitationem
2382 720 2443 753 in-

1320 762 1500 812 ducitur,
1542 765 1592 804 &
1621 776 1702 802 non
1744 768 1957 802 committit
1993 778 2037 803 se
2079 764 2321 816 discrimini,
2367 781 2444 808 nec

1318 825 1488 866 peccam
1518 825 1555 854 at
1573 829 1664 855 vero
1694 816 1777 855 haze
1808 819 1997 870 ipsissima
2024 828 2079 857 est
2100 819 2442 862 Probabilistarum

1322 869 1562 960 hypothesin
1603 869 1663 907 illi
1693 873 1795 908 euim
1826 885 1869 909 ex
1900 874 2095 910 contrariis
2128 875 2375 926 opinionibus
2404 878 2444 916 in

1319 936 1369 961 1111
1392 922 1469 961 lam
1499 923 1775 962 dubitationem
1808 926 2062 964 inducuntur:
2094 939 2182 979 ergo
2212 927 2283 967 dte.

1382 977 1468 1015 123.
1501 975 1613 1029 Resp.
1643 977 1684 1014 ln
1732 977 1878 1016 nullam
1907 979 2187 1018 dubitationem
2215 982 2448 1033 inducitur,

1320 1030 1350 1068 si
1381 1031 1587 1082 prudenter
1617 1040 1763 1082 reputet
1802 1033 2026 1071 sententiam
2045 1064 2055 1082 ,
2098 1048 2215 1086 quam
2246 1036 2448 1089 amplecti·

1322 1093 1411 1132 tur,
1443 1098 1520 1122 esse
1549 1082 1667 1122 altera
1696 1084 1806 1136 longe
1834 1085 2135 1138 probabiliorem
2155 1118 2165 1136 ,
2196 1088 2229 1125 ἃ
2250 1090 2450 1129 moraliter

1323 1147 1466 1176 certam
1485 1168 1495 1186 ,
1526 1150 1638 1175 conc.
1656 1153 1671 1182 ‚-
1701 1139 1730 1176 si
1751 1142 1975 1178 sententiam
1995 1170 2005 1188 ,
2034 1153 2153 1192 quam
2183 1142 2450 1194 amplectitur,

1323 1200 1430 1244 putet
1459 1205 1538 1229 esse
1567 1193 1693 1229 miuus
1723 1200 1867 1241 tutam,
1899 1192 1932 1228 8t
1963 1206 2100 1246 aeque,
2127 1194 2190 1233 vel
2222 1197 2336 1234 etiarn
2375 1198 2450 1236 rni-

1323 1258 1394 1283 nus
1416 1244 1658 1296 probabilem
1681 1274 1690 1292 ,
1721 1258 1822 1295 nego
1844 1273 1854 1283 .
1886 1245 1979 1284 Haec
1997 1276 2007 1295 ,
2030 1246 2062 1282 8<
2078 1258 2152 1286 non
2168 1247 2245 1287 alia
2274 1258 2325 1287 est
2343 1262 2453 1289 men·

1324 1298 1365 1338 S.
1396 1297 1588 1347 Thomae,
1621 1307 1659 1336 ut
1689 1298 1886 1351 colligitur
1914 1312 1961 1337 ex
2000 1308 2076 1337 toto
2113 1309 2316 1347 contextu3
2354 1304 2451 1355 quia

1324 1351 1470 1390 ibidem
1500 1353 1541 1390 in
1570 1361 1821 1404 argumento.
1866 1352 1946 1392 Sed
1974 1362 2116 1391 contra
2158 1353 2239 1406 jam
2281 1356 2454 1394 dixerat:

1326 1434 1355 1456 ,‚
1384 1404 1505 1443 Potest
1533 1419 1610 1443 esse
1652 1407 1755 1459 quod
1787 1408 1826 1445 in
1856 1405 1923 1445 tali
1952 1419 2043 1445 casu
2086 1406 2230 1460 aliquis
2271 1409 2455 1448 adhibeat

1328 1489 1354 1508 ‚,
1384 1458 1624 1510 diligentiam
1643 1488 1654 1508 ‚
1686 1460 1908 1511 inquirens,
1938 1473 1987 1499 an
2015 1457 2159 1498 habere
2186 1461 2318 1513 plures
2347 1476 2451 1514 prae-

1324 1540 1349 1560 ‚,
1378 1512 1520 1551 bendas
1569 1514 1614 1550 sit
1663 1512 1814 1552 licitum
1854 1543 1864 1561 ‚
1926 1527 1997 1552 nec
2048 1515 2220 1551 inveniat
2263 1515 2413 1568 aliquid
2437 1545 2451 1566 ,

1323 1593 1352 1614 „
1380 1566 1480 1618 quod
1511 1579 1600 1603 eum
1631 1575 1781 1604 moveat
1811 1568 1858 1605 ad
1889 1565 1988 1615 hoc,
2025 1568 2128 1620 quod
2157 1566 2341 1607 illicitum
2379 1570 2451 1608 sit:

1323 1648 1350 1667 „
1379 1631 1471 1670 ergo
1499 1619 1674 1667 videtur,
1721 1621 1824 1671 quod
1855 1621 1936 1658 sine
1978 1630 2135 1672 peccato
2172 1623 2287 1672 possit
2322 1621 2455 1674 plures

1323 1697 1348 1718 „
1379 1671 1522 1709 bendas
1569 1670 1758 1709 habere“
1782 1697 1791 1710 .
1849 1672 1931 1720 En,
1978 1672 2170 1724 quomodo
2214 1672 2356 1726 aliquis
2388 1688 2457 1726 po—

1327 1732 1397 1762 test
1427 1725 1466 1762 in
1495 1721 1646 1762 nullam
1675 1722 1955 1763 dubitationem
1986 1725 2115 1763 induci
2133 1751 2148 1773 3
2180 1738 2252 1763 uon
2284 1739 2328 1764 ex
2350 1728 2458 1780 pritt-

1328 1778 1441 1830 ciqiis
1471 1775 1624 1816 reflexis
1644 1775 2012 1826 Probabilistarum,
2040 1778 2105 1817 sed
2133 1780 2228 1832 quia
2257 1779 2461 1832 diligenter

1330 1832 1505 1884 expensis
1535 1833 1734 1883 utriusque
1777 1833 1895 1883 partis
1924 1833 2126 1871 momentis
2156 1831 2253 1870 nihil
2281 1837 2459 1884 invenit,

1329 1883 1432 1937 quod
1459 1898 1551 1922 eum
1581 1893 1739 1922 moveat
1769 1885 1857 1925 (²2¹0.

1392 1938 1480 1984 ¹24·
1509 1936 1603 1989 Obj.
1633 1937 1813 1976 decimo.
1844 1937 1886 1976 S.
1919 1938 2130 1977 Antoninus
2157 1941 2369 1992 saepissime
2388 1939 2462 1981 hoc

1332 1991 1559 2030 Confessarii
1581 1991 1761 2043 praecipit
1778 2020 1788 2038 ,
1819 2004 1865 2029 ue
1894 1989 2171 2030 absolutionem
2194 1993 2462 2033 Sacramenta-

1331 2044 1408 2083 lem
1441 2045 1486 2083 iis
1515 2044 1794 2097 poenitentibus
1821 2044 2031 2096 denegent,
2074 2046 2142 2098 qui
2171 2047 2329 2086 consilio
2357 2049 2463 2101 peri-

1338 2107 1463 2137 torum
1494 2098 1616 2136 innixi
1663 2097 1863 2150 judicant,
1912 2110 1984 2137 nou
2013 2112 2090 2137 esse
2127 2109 2328 2152 peccatum
2356 2101 2464 2155 quod

1337 2160 1465 2191 tamen
1481 2151 1721 2190 Confessario
1737 2160 1938 2205 peccatum
1956 2166 2034 2190 esse
2060 2151 2213 2191 videtur
2231 2153 2310 2206 (.7›);
2340 2168 2462 2207 quam

1336 2207 1376 2244 in
1405 2218 1486 2244 rem
1517 2205 1624 2243 affert
1644 2205 1759 2243 etiam
1792 2207 2054 2244 auctoritatem
2071 2204 2170 2244 Petri
2193 2205 2380 2247 Paludaui
2401 2223 2463 2248 ce-

1336 2258 1457 2298 lebris
1488 2258 1734 2298 Dominicani
1755 2258 1856 2298 Saec.
1878 2257 1989 2298 XVI.
2011 2288 2022 2308 ,
2053 2258 2087 2295 &
2106 2259 2273 2300 Goffridi
2304 2261 2350 2299 de
2380 2263 2466 2301 fon-

1337 2313 1465 2359 tibus3
1513 2314 1619 2366 atqui
1649 2311 1722 2351 hoc
1752 2313 1854 2351 idem
1897 2321 1950 2351 est
1978 2326 2022 2352 ac
2051 2311 2381 2353 Probabilismum
2411 2330 2466 2354 se-

1337 2369 1406 2420 qui
1425 2398 1435 2416 ,
1465 2375 1546 2405 tum
1576 2367 1670 2419 quia
1697 2365 1957 2406 confessarius
1976 2366 2180 2407 Poenitenti
2200 2369 2386 2420 permittit
2406 2383 2466 2407 se·

1337 2422 1406 2474 qui
1436 2422 1659 2473 opinionem
1677 2449 1687 2468 ,
1716 2433 1836 2473 quam
1866 2421 1947 2472 ipse
1976 2422 2106 2460 minus
2134 2421 2374 2474 probabilem
2405 2436 2466 2461 re-

1370 2483 1473 2520 utat3
1505 2483 1586 2512 tum
1619 2475 1734 2512 etiam
1763 2474 1857 2526 quia
1888 2475 1926 2512 in
1955 2487 2075 2523 casu,
2105 2487 2181 2527 quo
2210 2474 2398 2513 Poenitens
2418 2477 2466 2514 sit

1338 2489 1593 2566 lgrobabilista
1610 2557 1621 2576 ,
1650 2525 1909 2566 Confessarius
1928 2527 1977 2566 ob
2000 2528 2173 2566 eamdem
2195 2530 2380 2565 rationem
2402 2529 2468 2567 dc-

1337 2580 1446 2620 bebit
1475 2582 1547 2634 ipsi
1578 2582 1802 2634 permittere
1830 2593 1942 2619 usum
1971 2582 2163 2633 opinionis
2192 2580 2405 2632 probabilis
2426 2584 2468 2621 in

1336 2635 1441 2681 omni
1471 2634 1620 2673 dubio.

1397 2689 1486 2727 125.
1517 2687 1659 2742 Resp.,
1689 2686 1731 2727 S.
1764 2684 1973 2727 Antoninus
2001 2685 2109 2738 jubet
2129 2686 2395 2737 Confessarto,
2426 2697 2466 2730 ut

1333 2739 1562 2783 Poenitentis
1603 2742 1778 2797 opinioni
1807 2755 1845 2781 se
1888 2740 2148 2780 accommodet
2188 2749 2278 2780 tunc
2306 2740 2430 2782 solum
2453 2767 2466 2792 -,

2285 2807 2410 2848 quau-

1347 2922 1566 2965 spensatione
1591 2921 1645 2952 usi
1674 2925 1767 2951 sunt.
1819 2915 1901 2949 Cum
1927 2914 2019 2949 nihil
2044 2927 2125 2960 ergo
2149 2927 2212 2949 nos
2239 2916 2403 2958 inducat,
2431 2926 2466 2952 15

1345 2976 1537 3002 accuratam
1563 2968 1830 2999 observationem
1856 2964 2104 3006 relinquamus,
2143 2967 2346 3004 statuimus,
2372 2964 2470 3008 Apo-

1347 3017 1516 3056 stolicas,
1555 3024 1595 3046 uc
1619 3020 1780 3055 paternas
1807 3010 2017 3043 traditiones
2043 3012 2243 3054 sequentes,
2280 3023 2342 3044 non
2367 3022 2468 3053 opor--

1346 3068 1418 3093 tere
1444 3065 1479 3093 in
1507 3059 1785 3106 andragesimae
1815 3063 1985 3099 postrema
2021 3060 2233 3100 septimana,
2275 3057 2469 3102 911111111Ῑέ-

1348 3111 1399 3141 ria
1421 3107 1590 3153 jejunium
1618 3106 1775 3143 soluere,
1812 3107 1853 3135 Θ·
1880 3108 1982 3136 totam
2005 3100 2312 3149 Qttadragesinmm
2337 3105 2466 3149 injuria

1346 3155 1499 3195 afficere.

1392 3199 1440 3238 (b)
1467 3198 1594 3232 Omnia
1622 3197 1688 3230 ista
1714 3196 1789 3230 loca
1803 3198 1931 3241 tnag'no
1954 3191 2070 3229 studio
2096 3196 2234 3241 collegit
2249 3196 2368 3229 Petrus
2389 3194 2466 3227 Bsi-

1349 3245 1495 3278 lerinius
1522 3245 1557 3277 in
1584 3243 1801 3277 Praelection.
1827 3242 2017 3287 praemissis
2044 3243 2229 3276 luculentae
2244 3253 2314 3276 sure
2340 3240 2462 3273 editio·

1349 3292 1384 3326 ni
1410 3293 1499 3337 Opp·
1526 3291 1561 3324 S·
1587 3288 1786 3331 Antonini,
1810 3287 1958 3326 verone
1989 3288 2091 3335 '740³
2117 3288 2217 3324 Prael.
2237 3289 2263 3323 l.
2290 3290 2320 3331 §-
2338 3288 2369 3321 8-
