2562 3694
249 144 334 198 194

179 229 239 259 cet
268 217 439 257 infideles
468 229 541 254 non
562 216 765 254 referentes
785 229 900 267 opera
919 230 986 254 sua
1006 216 1105 254 bona
1120 216 1167 253 ad
1182 215 1310 253 Deum

180 273 362 310 ultimum
394 272 538 318 finem,
568 270 781 308 actualiter
803 283 877 307 nou
900 279 1086 321 peccant,
1117 270 1187 306 nisi
1215 269 1309 306 dum

178 337 286 378 urget
316 325 588 364 affirmativum
622 332 858 375 praeceptum
891 323 1067 361 eliciendi
1097 332 1223 359 actum
1254 322 1309 358 di-

178 378 353 418 lectionis
374 380 474 424 Dei,
504 386 590 416 sunt
620 386 747 415 tamen
778 385 929 428 propter
960 377 1065 414 illam
1089 374 1309 412 anteceden-

178 441 255 470 tem
284 434 525 470 omissionem
556 432 595 469 iu
627 441 781 483 peccato
801 429 1022 473 hammam
1051 428 1143 480 quia
1171 427 1240 465 illa
1268 439 1309 464 ο-

176 488 308 524 inlatio
338 485 585 523 habitualiter
624 486 662 522 in
701 487 753 522 eis
782 485 919 522 durat.
963 482 1162 531 Propterea
1191 481 1303 532 jure,

175 543 390 591 meritoque
420 539 460 577 S·
493 539 723 590 Augustinus
753 538 902 575 eosdem
940 533 1160 585 appellabat
1190 533 1304 572 arbo-

175 604 240 630 res
262 594 422 637 nutias,-
452 605 661 643 eorumque
693 591 898 629 voluntates
928 588 1079 625 dicebat
1105 602 1184 625 esse
1214 601 1303 626 ma-

175 648 239 684 las
255 673 265 685 0
300 645 534 684 Admittebat
565 655 689 682 tamen
718 643 813 679 alibi
845 640 923 692 (tle
939 640 1082 689 Spiritu
1102 671 1112 688 ,
1132 642 1182 681 (j)
1203 642 1302 680 litte-

173 712 226 737 ra
254 715 338 751 cap.
357 714 421 751 27.
441 700 454 747 )
474 731 483 747 ‚
525 699 574 736 ab
605 698 734 746 impiis
765 708 870 746 posse
899 694 1029 746 aliqua
1059 695 1159 733 bona
1189 694 1303 743 fieri,

172 752 265 791 licet
285 754 420 790 iisdem
443 766 513 789 non
534 753 731 801 profutura
752 748 800 786 ad
817 750 934 787 vitam
951 757 1146 797 aeteruanv,
1167 762 1304 800 quem.-

175 806 381 846 admodum
413 805 500 854 justi
531 816 632 854 saepe
663 802 834 839 incidunt
863 803 904 839 in
935 811 1089 854 peccata
1110 801 1301 849 venialia,

171 861 314 912 quibus
342 873 364 895 a
394 860 469 895 vita
499 865 639 893 aeteroa
669 869 741 893 nou
772 856 1036 907 impediuntur
1066 855 1193 907 (Vid.
1215 870 1301 907 sup.

169 926 213 950 n.
241 912 326 956 154.
349 911 390 958 );
433 911 533 948 unde
563 910 753 947 evanescit
781 918 894 947 status
932 909 998 946 ille
1041 910 1188 947 medius
1206 940 1216 959 ,
1259 911 1301 947 in

170 979 248 1018 quo
267 964 439 1002 Julianus
468 963 641 1001 homines
668 963 855 1004 steriliter
884 962 1005 1001 bonos
1024 963 1188 1002 absurde
1209 976 1296 1016 pro-

168 1017 332 1070 ponebat
349 1044 359 1056 .

228 1072 315 1122 ¹59·
347 1071 469 1123 Atque
499 1069 581 1108 haec
601 1079 654 1108 est
669 1070 838 1108 doctrina
856 1071 970 1109 nostri
992 1070 1168 1122 Angelici
1191 1070 1295 1110 Prae-

165 1127 353 1176 ereptoris,
401 1127 469 1177 qui
500 1133 539 1161 ut
568 1124 734 1162 vidimus
771 1138 886 1175 supra
917 1138 1024 1162 uum.
1059 1124 1176 1173 103.,
1219 1139 1292 1163 non

163 1179 364 1230 distinguit
394 1186 634 1230 praeceptum
662 1177 844 1216 virtualis
866 1177 1057 1215 relationis
1071 1191 1233 1230 operum
1254 1180 1294 1217 in

168 1232 299 1271 Deum
332 1246 354 1269 a
385 1241 579 1283 prat-cepto
607 1230 842 1269 affirmativo
870 1230 1091 1280 charitatis,
1120 1232 1223 1284 quod
1252 1246 1293 1268 0-

163 1284 285 1337 bligat
313 1286 470 1338 quidem
501 1298 678 1337 semper,
708 1285 772 1323 sed
805 1297 875 1323 non
905 1286 951 1323 ad
981 1299 1161 1337 semper3
1193 1286 1292 1323 unde

166 1342 282 1380 etiam
305 1341 343 1377 in
365 1340 409 1376 11.
432 1340 530 1378 Dist.
547 1339 612 1385 40.
634 1348 771 1391 quaest.
800 1352 833 1377 r.
855 1349 924 1376 art.
947 1340 984 1376 5.
1002 1339 1048 1377 ad
1064 1339 1107 1377 ,6.
1129 1350 1137 1376 z
1160 1370 1185 1387 ,,
1207 1338 1291 1377 Νοιι

164 1424 192 1443 „
219 1402 389 1444 oportet,
421 1397 542 1444 inquit
560 1423 570 1440 ‚
609 1393 711 1444 quod
743 1394 899 1431 intentio
927 1392 1086 1430 actualis
1114 1393 1291 1430 ordinans

162 1477 191 1497 ‚,
222 1448 261 1485 in
291 1446 410 1484 finem
443 1448 624 1485 ultimum
665 1448 711 1484 sit
740 1460 889 1497 semper
932 1446 1139 1497 conjuncta
1176 1446 1291 1485 cuili-

162 1531 192 1551 „
222 1501 285 1538 bet
312 1502 451 1540 actioni
470 1531 480 1548 ,
510 1514 598 1553 quae
621 1501 798 1553 dirigitur
816 1501 853 1538 iu
874 1500 1046 1552 aliquem
1064 1500 1181 1538 finem
1204 1513 1291 1553 pro-

161 1584 190 1604 „
221 1557 397 1592 ximum:
425 1555 487 1593 sed
518 1553 657 1592 sufficit
676 1584 686 1601 ‚
715 1554 818 1607 quod
848 1554 1056 1607 aliquando
1084 1567 1214 1592 omnes
1236 1553 1291 1592 ril-

162 1638 190 1657 aa
219 1607 248 1646 li
279 1608 374 1646 fines
403 1610 443 1646 in
473 1608 592 1646 finem
624 1607 803 1646 ultimum
834 1609 1067 1646 referantur:
1096 1609 1192 1646 sicut
1221 1607 1288 1657 fit,

160 1691 189 1712 „
218 1662 372 1713 quando
401 1662 540 1714 aliquis
569 1663 703 1713 cogitat
733 1676 770 1699 se
799 1670 920 1699 totum
950 1662 1089 1699 adDei-
1115 1661 1288 1700 dilectio·

161 1744 190 1763 „
220 1729 307 1752 nem
336 1716 527 1764 dirigere3
570 1725 659 1752 tuuc
690 1718 793 1752 euim
824 1715 1012 1766 quidquid
1043 1716 1088 1753 ad
1119 1717 1287 1768 seipsum

161 1794 188 1817 ‚‚
216 1767 389 1814 ordinat,
419 1768 460 1803 in
493 1766 620 1802 Deum
650 1768 868 1803 ordinatum
898 1770 996 1803 erit:
1041 1768 1088 1804 Et
1117 1770 1147 1804 si
1177 1782 1287 1819 quae-

162 1848 191 1869 „
222 1829 355 1866 ratur,
384 1818 540 1869 quaudo
569 1828 736 1867 oporteat
765 1827 895 1856 actum
925 1819 1067 1856 referre
1086 1820 1136 1856 vin
1166 1819 1286 1857 finem

157 1902 188 1922 9,
220 1871 430 1917 ultimum,
460 1870 531 1907 hoc
560 1869 659 1906 nihil
689 1869 796 1906 aliud
824 1878 904 1916 est,
934 1884 1052 1921 quam
1082 1885 1284 1921 quaerere,

158 1955 186 1976 ,‚
216 1925 371 1977 quando
405 1930 573 1974 oporteat
597 1921 780 1959 »habitum
822 1921 1015 1959 charitatis
1044 1925 1147 1959 exire
1178 1924 1217 1960 in
1246 1937 1286 1960 a·

158 2009 189 2028 ‚‚
217 1988 348 2025 ctum,
377 1979 468 2029 quia
496 1976 816 2028 quandocumque
841 1974 993 2013 habitus
1022 1974 1218 2013 charitatis
1247 1975 1287 2014 in

161 2061 188 2082 ,‚
217 2042 344 2070 actum
365 2032 464 2079 exit,
492 2030 537 2068 fit
558 2030 746 2067 ordinatio
775 2028 1069 2067 totiushominis
1099 2029 1137 2067 in
1163 2028 1286 2068 finem

159 2115 188 2136 3,
218 2085 428 2129 ultimum3
472 2083 507 2120 δε
537 2097 604 2136 per
632 2096 866 2135 consequens
906 2083 1081 2120 omnium
1121 2096 1252 2120 eorum
1274 2111 1286 2129 ‚

157 2168 186 2189 9,
215 2152 304 2191 quas
336 2140 374 2176 in
404 2139 530 2190 ipsum
573 2137 795 2183 ordinatur,
840 2145 880 2174 ut
906 2136 1005 2174 bona
1034 2136 1109 2174 sibi
1129 2137 1150 2152 ''
1172 2162 1184 2174 .
1226 2136 1287 2175 De

157 2191 381 2232 infidelibus
409 2199 537 2230 autem
566 2203 738 2243 expresse
761 2191 854 2229 dicit
874 2190 972 2228 Dist.
992 2189 1058 2236 41.
1088 2198 1224 2242 quaest.
1251 2204 1286 2230 ι.

157 2257 231 2286 art.
254 2260 290 2284 2.
308 2246 354 2284 ad
369 2244 431 2291 4:
455 2275 480 2293 „
500 2244 585 2283 Non
600 2253 743 2296 oportet
758 2275 769 2293 ,
790 2244 891 2296 quod
911 2252 1016 2282 actus
1037 2244 1281 2294 infidelium,

157 2328 186 2350 3,
215 2300 284 2351 qui
314 2300 354 2338 in
382 2298 502 2337 finem
540 2297 654 2336 illum
683 2311 760 2336 non
789 2308 840 2336 est
869 2298 1089 2347 ordinatus,
1130 2311 1281 2351 semper

158 2383 190 2403 „
217 2355 265 2391 sit
293 2362 514 2404 peccatum,
544 2351 607 2389 sed
636 2351 759 2389 solum
789 2365 858 2404 pro
886 2360 1057 2405 tempore
1079 2351 1146 2390 illo
1167 2380 1177 2398 ,
1204 2365 1282 2404 quo

158 2436 188 2456 3,
216 2415 364 2444 tenetur
393 2414 520 2444 actum
536 2418 648 2443 suum
670 2407 707 2443 in
724 2405 841 2444 finem
862 2405 1044 2444 ultimum
1075 2407 1217 2444 referre
1232 2406 1279 2443 '':

157 2458 305 2499 scilicet
332 2458 486 2513 quando
515 2467 664 2497 tenetur
706 2469 833 2500 actum
873 2458 1087 2499 dilectionis
1116 2460 1191 2499 Dei
1218 2473 1281 2498 su-

158 2526 230 2566 per
257 2515 389 2552 omnia
418 2513 556 2551 elicere
577 2539 588 2550 .

217 2566 307 2606 160.
336 2567 385 2605 Et
414 2566 539 2605 adhuc
568 2567 736 2618 apertius
765 2568 806 2606 in
838 2567 888 2606 ll.
917 2567 1016 2606 Dist.
1050 2566 1117 2613 41.
1146 2581 1213 2621 qu.
1248 2581 1283 2607 r.

155 2628 230 2661 an·-
255 2633 291 2659 2.
311 2620 361 2659 ad
381 2633 436 2659 2.:
458 2650 485 2669 .„
505 2619 643 2670 Fides,
686 2622 811 2674 inquit
826 2651 837 2670 ,
879 2621 1009 2673 dirigit
1040 2623 1283 2661 intentionem

157 2704 187 2725 „
215 2673 256 2712 iu
273 2674 392 2713 finem
422 2673 629 2713 ultimum:
657 2676 721 2713 sed
751 2676 845 2712 ratio
873 2675 1054 2713 naturalis
1072 2705 1082 2723 ‚
1113 2675 1173 2714 vel
1191 2690 1282 2728 pru-

158 2758 186 2778 „
215 2728 369 2777 denua,
399 2737 518 2780 potest
545 2729 709 2781 dirigere
738 2730 778 2767 in
799 2727 971 2780 aliquem
1002 2729 1121 2766 finem
1152 2731 1281 2781 proxi·

159 2809 186 2829 ³,
214 2795 351 2821 mum.
391 2782 444 2823 Et
472 2783 563 2834 quia
592 2783 658 2821 ille
687 2782 776 2821 finis
805 2783 1003 2835 proximus
1040 2791 1092 2820 est
1120 2782 1281 2821 ordina-

161 2860 191 2882 „
219 2833 301 2872 bilis
329 2839 371 2873 in
387 2835 527 2889 finem
555 2837 739 2874 ultimum
756 2867 767 2885 ,
797 2839 958 2874 etiamsi
986 2845 1079 2874 actu
1109 2849 1189 2874 ηοη
1218 2849 1280 2874 or-

161 2913 192 2935 „
218 2887 400 2938 dinewr,
429 2890 515 2928 ideo
543 2890 584 2929 in
605 2889 854 2939 infidelibus,
884 2902 1048 2942 quorum
1079 2899 1183 2933 actus
1213 2905 1281 2943 per

162 2967 192 2988 2,
219 2940 300 2978 vim
323 2944 481 2982 rationis
509 2944 549 2981 in
580 2943 695 2982 talem
713 2943 831 2983 finem
846 2944 1093 2996 diriguntur,
1125 2954 1280 2996 possunt

158 3019 188 3041 ³,
216 2991 340 3044 aliqui
366 3006 469 3036 actus
497 3010 574 3036 esse
602 2997 689 3036 boui
714 3028 725 3046 ‚
761 2998 825 3036 sed
853 2996 1075 3036 deficientes
1103 3012 1125 3036 a
1154 2999 1279 3050 perfe-

161 3073 191 3096 ,‚
219 3054 279 3084 cta
307 3045 497 3101 bonitate,
533 3050 752 3089 secundum
781 3065 902 3104 quam
931 3060 1046 3090 actus
1074 3059 1132 3090 est
1163 3056 1280 3091 meri-

161 3127 193 3149 „
221 3101 343 3137 torius
362 3100 384 3116 ”
399 3126 413 3138 .
782 3102 784 3105 ’

211 3152 312 3213 ,ἰὸῑσ
341 3151 457 3192 Plura
494 3156 568 3197 huc
597 3160 825 3212 spectanctia
865 3158 1061 3198 brevitatis
1089 3158 1213 3198 studio
1240 3173 1281 3198 o-

164 3207 379 3254 mlttimus3
409 3206 472 3245 sed
484 3212 658 3251 *omittere
677 3227 752 3252 non
774 3227 970 3265 possumus
984 3212 1252 3253 difficultatem
1267 3244 1278 3263 ,

164 3273 255 3318 quae
285 3261 326 3317 in
352 3259 482 3299 oeulos
509 3264 804 3306 statimincurrit
821 3298 832 3316 ‚
860 3267 1052 3320 quomodo
1079 3276 1281 3319 transgres-

165 3324 223 3352 810
249 3311 367 3366 hujus
394 3316 607 3368 praecepti,
647 3332 712 3358 seu
738 3322 893 3361 omissio
928 3319 1102 3362 virtualis
1130 3320 1283 3361 relatio-

749 134 828 179 DE
862 134 1021 179 VIRT.
1055 133 1282 179 THEoL.
1314 134 1675 178 DISSERT.III.
1711 136 1935 182 CAP.IV0

1380 216 1438 252 nis
1467 227 1628 266 operum
1657 215 1698 253 'in
1731 216 1884 265 Deum,
1927 220 1972 256 sit
2001 218 2261 258 tautummodo
2301 229 2499 272 peccatum

1379 266 1557 307 veniale?
1600 269 1641 306 S.
1671 267 1864 307 Thomam
1904 284 2022 322 supra
2051 286 2156 311 num.
2185 274 2271 325 ¹47·
2302 275 2497 315 docentem

1378 322 1599 359 audivimus
1621 352 1631 370 ,
1679 331 1915 374 praeceptum
1958 324 2167 366 dilectionis
2197 327 2270 365 Dei
2313 340 2430 379 super
2455 343 2498 370 o-

1377 379 1492 412 mniu.
1521 378 1745 425 praeteriri,
1775 376 1833 414 vel
1861 389 1930 426 per
1957 386 2166 426 peccatum
2196 381 2366 419 mortale
2395 382 2498 433 quoti

1376 438 1519 466 contra
1541 427 1674 466 Deum
1691 429 1770 481 fit,
1799 430 1858 468 vel
1877 441 1946 480 per
1959 439 2167 479 peccatum
2186 435 2340 473 veniale
2357 466 2368 484 ,
2397 434 2498 487 quod

1373 492 1520 533 praeter
1546 492 1789 533 praeceptum
1807 513 1818 532 ‚
1847 484 1897 524 <9-
1925 491 2071 534 praeter
2087 482 2218 522 Deum
2235 487 2318 539 fit;
2349 502 2419 526 non
2441 498 2497 527 ta-

1373 549 1461 574 men
1493 549 1535 572 eo
1562 535 1669 584 loco,
1700 538 1766 588 qui
1796 538 2139 589 opportunissimus
2168 539 2394 590 videbatur,
2427 554 2498 584 net

1372 589 1498 638 alibi,
1530 591 1761 628 mentionem
1792 591 1882 628 facit
1911 589 2077 641 alicujus
2108 593 2252 641 peccati
2281 595 2405 632 solum
2434 609 2498 634 ve-

1372 643 1518 690 nialis,
1562 644 1664 694 quod
1695 645 1905 682 incurritur
1933 644 2138 681 omittendo
2180 644 2400 686 relationem
2432 662 2496 689 ex-

1371 695 1544 748 plicitam
1573 709 1735 747 operum
1765 706 1980 736 nostrorum
2009 698 2047 735 in
2068 696 2226 736 Deum.
2255 699 2377 737 Immo
2406 714 2499 741 cou-

1373 760 1428 788 tra
1449 751 1587 801 saepius
1607 750 1713 788 docet
1729 781 1740 799 ,
1770 761 1972 803 peccatum
1988 749 2138 790 veniale
2153 758 2499 793 noncontrarian'

1371 813 1565 855 praecepto
1581 801 1775 843 charitatis
1791 835 1801 853 ,
1831 808 1925 856 quia
1940 817 2022 842 non
2036 804 2132 841 tollit
2153 803 2331 845 habitum
2362 804 2496 845 chari-

1372 861 1493 906 tatis,
1537 869 1628 894 cum
1658 871 1739 896 non
1768 858 1909 896 tendat
1938 862 1980 895 in
2008 861 2227 909 oppositum
2268 858 2495 912 objectum,

1370 911 1441 949 sed
1469 912 1596 949 solum
1625 911 1788 962 impedit
1808 911 2019 951 charitatis
2047 925 2192 951 usum.
2221 913 2275 953 Ita
2297 927 2334 955 2.
2357 926 2394 953 2.
2423 928 2494 967 qu·

1365 964 1432 1011 44.
1462 975 1532 1003 art.
1556 979 1591 1003 2.
1622 966 1669 1004 ad
1692 979 1729 1004 2.

1426 1018 1514 1057 162.
1544 1018 1730 1058 Praeterea
1758 1018 1845 1059 haec
1874 1018 2055 1072 obligatio
2081 1019 2272 1059 referendi
2300 1022 2431 1059 omnia
2450 1033 2493 1058 o-

1363 1085 1456 1124 pera
1486 1075 1525 1111 in
1556 1072 1684 1110 Deum
1713 1083 1799 1116 actu
1829 1074 1984 1112 virtuali
2013 1075 2220 1126 explicit0‚
2263 1075 2295 1112 si
2327 1073 2407 1112 ulla
2437 1088 2493 1113 es-

1362 1135 1441 1174 set,
1485 1135 1717 1178 repeteretur
1746 1140 1792 1165 ex
1822 1129 1905 1179 ipso
1941 1138 2134 1181 praecepto
2165 1128 2387 1166 ‘dilectionis
2416 1127 2494 1168 Dei

1361 1193 1475 1231 super
1503 1181 1657 1219 omnia:
1685 1191 1750 1219 aut
1779 1181 1914 1219 saltem
1944 1195 1989 1219 ex
2011 1190 2202 1234 praecepto
2215 1181 2383 1220 naturali
2403 1194 2495 1221 con-

1361 1234 1539 1272 stituendi
1570 1235 1609 1272 in
1639 1233 1722 1272 Deo
1752 1233 1934 1272 ultimum
1958 1234 2085 1273 ,finem
2115 1244 2310 1280 nostrum3
2344 1244 2493 1273 utrum-

1360 1301 1435 1339 que
1464 1295 1592 1325 autem
1621 1295 1862 1339 praeceptum
1889 1287 2002 1325 debet
2039 1287 2212 1339 obligare
2241 1287 2312 1325 sub
2350 1289 2457 1339 gravi
2475 1302 2491 1335 3

1360 1341 1557 1392 ipsiusque
1602 1341 1845 1392 transgressio
1874 1353 1949 1378 non
1979 1349 2099 1393 posset
2143 1339 2332 1393 appellari
2362 1341 2487 1389 levis,

1360 1395 1432 1432 nisi
1463 1394 1616 1433 fortasse
1646 1396 1790 1433 ratione
1834 1395 2004 1432 materias
2033 1394 2127 1432 levis
2148 1420 2159 1432 .
2202 1393 2316 1431 Levis
2359 1402 2488 1434 autem

1360 1448 1518 1486 materia
1548 1462 1622 1485 nou
1652 1458 1771 1495 esset,
1801 1449 1828 1486 si
1851 1450 1937 1501 quis
1967 1448 2121 1500 longam
2148 1447 2412 1500 operationum
2431 1460 2487 1486 se-

1360 1503 1457 1540 riem
1488 1503 1527 1539 in
1558 1501 1686 1540 Deum
1716 1502 1858 1540 referre
1886 1504 2102 1541 omitteret.

1414 1555 1503 1594 163.
1534 1555 1607 1593 Sed
1637 1557 1822 1608 quoniam
1862 1556 2073 1595 adversarii
2103 1554 2218 1593 nostri
2261 1553 2419 1603 volunt,
2446 1566 2489 1592 0-

1358 1610 1578 1648 missionem
1603 1608 1723 1661 liujus
1752 1608 1947 1648 relationis
1976 1624 2053 1648 esse
2082 1622 2265 1661 gravem,
2304 1607 2338 1644 St
2368 1606 2490 1647 letha-

1357 1662 1435 1701 lem
1464 1663 1622 1715 culpam
1645 1693 1656 1711 ‚
1688 1675 1762 1700 non
1791 1660 1943 1701 videtur
1970 1676 2087 1714 opere
2116 1663 2283 1714 pretium
2313 1675 2402 1700 cum
2421 1662 2490 1699 iis·

1354 1717 1444 1754 dem
1475 1716 1711 1766 longiorem,
1755 1715 1790 1750 δι
1818 1718 2034 1766 graviorem
2060 1716 2388 1753 concertationem
2419 1713 2488 1752 ha-

1348 1768 1470 1813 >bere3
1513 1768 1547 1803 δε
1578 1781 1705 1805 rursus
1734 1781 1824 1805 cum
1851 1780 1968 1819 opera
2013 1767 2232 1806 infidelium
2263 1781 2367 1819 saepe
2411 1769 2488 1806 siut

1353 1821 1582 1868 ambitione,
1600 1820 1783 1872 superbia
1797 1850 1808 1868 ,
1828 1833 1957 1858 amore
1973 1822 2055 1869 sui,
2077 1821 2239 1874 aliisque
2257 1822 2359 1858 vitiis
2379 1821 2485 1858 coin·>

1355 1874 1512 1924 quinata
1527 1903 1538 1921 ,
1570 1883 1609 1911 ut
1637 1883 1728 1911 teste
1748 1872 1787 1911 S.
1809 1874 2019 1926 Augustino
2049 1873 2112 1911 De
2140 1879 2234 1926 spir.
2254 1875 2304 1915 (9⁶
2324 1874 2381 1912 lit.
2398 1888 2486 1926 cap·

1357 1937 1421 1975 27.
1439 1956 1450 1974 ,
1476 1932 1513 1963 ‘st‘
1536 1926 1799 1964 discutiantur
1814 1942 1890 1978 quo
1907 1928 2002 1982 fine
2019 1927 2138 1982 fiant
2155 1959 2166 1977 ‚
2189 1932 2261 1966 vix
2278 1931 2487 1966 invenian-

1353 1985 1439 2026 tur,
1467 1991 1558 2029 quoe
1580 1982 1748 2030 jtcstz‘tioe
1769 1980 1941 2020 (lebetam
1967 1981 2157 2031 laudem,
2185 1981 2483 2035 defensionem·

1354 2043 1399 2069 ve
1429 2040 1689 2080 mereantur,
1727 2048 2054 2086 supervacaneum
2083 2049 2195 2083 reor,
2228 2036 2376 2074 vdiutius
2402 2036 2482 2073 dis-

1355 2093 1488 2136 putare
1519 2094 1557 2123 ut
1578 2087 1830 2135 evincamus,
1860 2101 1935 2126 non
1962 2090 2094 2126 omnia
2123 2102 2257 2126 eorum
2285 2102 2401 2140 opera
2422 2101 2480 2125 es-

1348 2152 1393 2177 -se
1441 2147 1624 2190 peccata.
1669 2138 1825 2176 Erimus
1868 2141 1995 2190 itaque
2036 2142 2082 2178 iis
2112 2143 2244 2191 paucis
2286 2142 2480 2189 contenti,

1354 2206 1444 2245 quae
1475 2205 1519 2229 ex
1535 2192 1575 2230 S.
1598 2191 1836 2243 Praeceptore
1866 2201 1991 2230 nostro
2017 2191 2134 2230 solius
2154 2196 2324 2231 veritatis
2344 2207 2475 2232 amore

1348 2259 1421 2285 non
1437 2255 1563 2284 autem
1580 2245 1824 2297 vitilitigandi
1841 2245 1964 2283 studio
1989 2245 2175 2284 hactenus
2204 2245 2478 2287 delibavimus.

1403 2299 1565 2348 Quaeres
1593 2298 1765 2338 secundo
1786 2330 1796 2348 ,
1827 2314 1875 2338 an
1907 2301 2074 2351 exposita
2092 2299 2274 2338 hactenus
2302 2300 2477 2340 doctrina

1348 2353 1396 2392 de
1426 2362 1619 2406 praecepto
1649 2352 1842 2392 relationis
1872 2353 2046 2392 virtualis
2070 2354 2269 2406 explicitas
2298 2356 2478 2392 omnium

1348 2417 1565 2456 nostrorum
1593 2421 1754 2460 operum
1776 2409 1815 2445 in
1847 2406 1976 2445 Deum
2005 2409 2208 2449 conveniat
2234 2421 2324 2445 cum
2355 2406 2480 2459 pluri-

1349 2460 1422 2500 bus
1450 2461 1638 2500 damnatis
1667 2461 1717 2500 ab
1735 2460 1955 2514 Apostolica
1983 2461 2107 2513 Sede,
2136 2460 2223 2514 Baji
2251 2460 2484 2511 Quesnelli,

1350 2514 1596 2567 aliorumque
1621 2514 1981 2568 propositionibus?

1410 2568 1499 2615 164.
1531 2568 1645 2621 Resp.
1682 2573 1896 2622 negative5
1937 2569 2050 2621 cujus
2087 2567 2336 2608 ineluctabile
2364 2581 2479 2620 argu-

1352 2632 1526 2661 mentum
1557 2632 1636 2672 est,
1684 2623 1788 2676 quod
1820 2622 1892 2662 illa
1934 2624 2104 2662 doctrina
2148 2624 2291 2675 ubique
2321 2622 2359 2660 in
2387 2622 2482 2660 orbe

1350 2676 1547 2715 Catholico
1577 2678 1736 2729 impune
1777 2676 1933 2715 docetur
1953 2707 1965 2725 ‚
2007 2677 2042 2714 8<
2075 2677 2202 2730 palam
2232 2675 2482 2716 defenditur.

1351 2730 1448 2779 Quis
1477 2740 1603 2769 autem
1632 2731 1759 2770 dicere
1779 2731 1914 2769 audeat
1936 2761 1947 2780 ,
1973 2731 2037 2770 vel
2056 2731 2245 2784 suspicari
2264 2761 2275 2778 ,
2304 2728 2477 2767 Pastores

1349 2797 1502 2833 omnes,
1542 2786 1716 2837 ipsosque
1742 2797 1913 2824 summos
1951 2784 2260 2838 vigilantissimos
2290 2781 2480 2821 Romanos

1348 2836 1581 2888 Pontifices,
1613 2840 1664 2877 ita
1694 2841 1734 2877 in
1765 2849 1965 2892 utramque
1993 2852 2126 2878 aurern
2155 2837 2361 2876 dormitare
2382 2865 2393 2885 ‚
2434 2844 2476 2874 ut

1343 2905 1494 2931 terrores
1522 2902 1599 2931 tam
1629 2906 1758 2946 saepe,
1801 2893 1835 2930 ἃ
1864 2902 1942 2931 tam
1970 2906 2099 2932 severe
2143 2892 2370 2944 proscriptos
2399 2902 2479 2941 pu-

1348 2945 1452 2984 blice
1493 2945 1652 2995 doceri,
1695 2961 1739 2985 ac
1780 2948 2017 2999 propugnari
2059 2942 2350 3001 permitterent?
2394 2942 2478 2982 Hoc

1345 2999 1475 3038 solum
1518 3009 1786 3053 argumentum
1817 3001 1864 3038 ad
1894 3010 2058 3039 nostram
2102 3001 2388 3051 responsionem
2415 2995 2474 3033 lu-

1349 3053 1609 3092 culentissime
1639 3054 1945 3093 confirmandam
1977 3054 2091 3108 plane
2121 3052 2289 3102 sufficit,
2319 3059 2360 3089 ut
2387 3047 2473 3086 aliis

1350 3119 1444 3160 opus
1473 3121 1549 3145 non
1580 3109 1654 3146 sit.
1684 3107 1840 3146 Praestat
1869 3118 1995 3147 tamen
2015 3108 2066 3147 ob
2095 3106 2224 3146 oculos
2247 3105 2475 3145 Auditorum

1349 3165 1478 3212 primo
1507 3160 1704 3200 damnatas
1747 3164 2020 3216 propositiones
2050 3173 2288 3216 proponere;
2334 3151 2476 3192 deinde

1349 3216 1476 3253 varias
1496 3229 1688 3255 recensere
1704 3246 1714 3265 ‚
1744 3230 1840 3269 quas
1869 3217 2159 3268 Augustiuianae
2187 3210 2325 3270 scholae
2345 3206 2472 3245 Theo-

1348 3267 1426 3321 logi
1456 3271 1586 3308 ineunt
1615 3272 1720 3319 vias,
1752 3279 1792 3308 ut
1820 3284 1927 3309 suam
1957 3272 2180 3309 sententiam
2208 3274 2367 3304 omnmo
2394 3273 2473 3300 esse

1349 3337 1373 3363 a
1399 3324 1724 3376 propositionibus
1751 3323 1920 3365 alienam
1936 3355 1948 3376 ,
1976 3323 2193 3365 ostendant.
2352 3370 2403 3412 65

2330 3383 2345 3409 ι
2407 3395 2419 3409 .
