2562 3694
935 129 1015 174 DE
1050 127 1312 174 ‘rnAJANl
1347 125 1627 172 LIBERAT.

175 216 242 257 65.
273 216 389 268 Resp.
408 211 464 252 ad
491 213 664 262 primum
682 237 692 250 .
723 210 808 250 Non
838 209 1013 247 sufficere
1043 211 1248 248 auctorita-

92 277 197 310 stem
229 271 337 308 Pauli
364 266 608 305 warnefridi
627 297 638 314 ‚
670 275 707 304 ut
738 278 818 304 rein
847 265 1073 311 credamus,
1103 277 1191 316 quae
1215 264 1248 300 ὃς

117 322 461 371 incredibilisper
481 333 520 356 se
541 330 610 367 est,
642 320 676 356 δι
706 319 755 357 ab
784 319 1002 356 auctoribus
1033 321 1169 368 majori
1202 317 1280 365 ligr-

116 380 172 417 vde
199 376 321 427 dignis
351 374 678 426 proetermittitur‚
715 374 749 409 δι
780 385 869 409 cum
899 372 939 409 S.
969 372 1144 428 Gregorii
1181 371 1247 408 ilo-

118 431 246 469 ctrina
272 436 587 479 apertepuguat:
619 428 814 478 principue
842 437 932 462 cum
956 424 1069 474 hujus
1092 434 1168 462 tam
1192 426 1249 462 iu-

94 483 238 534 -aeignis
267 482 445 519 miraculi
478 480 628 518 nullum
661 493 811 532 prorsus
847 478 977 516 afferat
1015 487 1172 522 tesicm;
1215 477 1248 512 ἀ

119 536 557 588 quamquain-l'atetur,
604 533 674 571 hac
704 534 748 572 de
780 547 818 570 re
856 548 876 570 a
915 534 1040 570 miuus
1071 532 1249 582 perlectae

99 589 215 628 ssflrlei
234 618 245 635 ‚
271 588 309 624 ἃ
338 588 496 624 curiosis
524 588 704 638 quasdam
734 590 859 640 quaeri
891 600 1015 637 posse,
1055 599 1096 622 ea
1127 593 1251 621 tamen

102 642 276 680 „cilentio
306 643 471 695 praterit
500 641 754 679 concludens:
789 638 922 679 'l'ucius
951 638 1100 676 videtur
1120 642 1158 674 iu
1182 637 1249 674 hoc

120 704 220 734 actu
249 694 392 733 divina·
418 699 604 745 pie-tatis,
649 696 698 735 (9-
731 698 938 746 potestiitt's
962 692 1159 746 judiciuin
1190 703 1251 730 re-

102 753 294 798 ›nerarc'‚
323 750 374 789 (9·
402 761 430 786 a
459 752 619 786 nemine
647 747 814 787 clmenti.

184 801 250 841 66.
284 802 340 839 Ad
369 801 616 849 secundum,
660 816 682 839 a
712 804 803 840 viris
841 800 1104 840 eruditissimis
1137 800 1255 836 Arcu-

123 856 218 904 dio,
251 854 510 902 Baliarium,
553 855 679 892 Leone
711 856 880 904 Allaiio,
925 857 956 892 ἃ
991 852 1030 889 Ρ.
1061 852 1096 888 le
1126 853 1255 900 Quien

125 909 232 948 Diss.
263 907 314 946 V.
345 910 439 945 inter
468 907 797 947 Dnmnscenz'cus
833 910 931 948 lianc
961 907 1184 943 Orationem
1216 905 1256 941 S.

122 962 236 1000 Joan·
267 961 507 1000 Damasceno
535 961 780 1013 abjudicari,
822 965 856 1001 ἃ
893 961 1050 1016 quidem
1082 959 1258 1011 pluribus

98 1016 175 1054 ..de
204 1017 358 1055 cau-sisa.
404 1014 542 1053 Primo
571 1018 675 1054 enim
704 1017 822 1063 dicit,
853 1031 928 1054 non
958 1013 1080 1052 solum
1112 1015 1259 1051 animas

114 1069 289 1120 '‘Trajani
310 1099 320 1117 ‚
363 1069 399 1106 St
432 1069 660 1108 Falconillae
690 1084 711 1106 a
739 1071 911 1119 gehenna
943 1072 981 1108 in
1010 1068 1155 1104 coelum
1188 1069 1260 1105 mi-

112 1137 281 1176 grasse,
304 1137 446 1161 -verum
477 1123 590 1159 etiam
622 1122 748 1173 plures
779 1124 873 1161 alios
904 1120 1155 1161 infernalibus
1177 1136 1259 1172 poe-

112 1181 190 1216 uis
222 1187 373 1228 propter
402 1174 669 1214 infidelitatem
699 1176 921 1225 damnatos,
953 1177 1068 1214 fuisse
1097 1191 1118 1212 a
1147 1175 1260 1212 Chri·

113 1239 184 1268 ‹flto
211 1229 460 1267 descendente
488 1228 534 1266 ad
566 1229 710 1268 luseros
737 1231 784 1268 ad
814 1231 932 1269 fidem
950 1260 961 1279 ,
1004 1228 1038 1265 St
1074 1230 1259 1281 poeuiten-

125 1286 224 1321 tiam
255 1281 458 1320 adductos:
503 1282 573 1319 hoc
603 1292 730 1321 autem
760 1284 794 1320 δι
826 1299 893 1337 per
930 1299 968 1322 se
1005 1281 1144 1320 falsum
1179 1291 1260 1330 est,

130 1336 167 1374 &
198 1337 244 1374 iis
273 1344 402 1387 aperte
429 1336 663 1374 contrarium
683 1367 694 1384 ‚
723 1351 812 1389 quae
843 1338 884 1376 S.
913 1338 1021 1376 Joau.
1055 1336 1260 1374 Damasce-

127 1403 203 1428 uus
231 1390 338 1426 docet
360 1388 448 1426 Lib.
471 1390 518 1428 ll.
548 1389 596 1427 de
613 1389 705 1442 fi‘le
733 1405 819 1444 cap.
837 1392 875 1437 4.
894 1421 904 1439 ,
935 1389 1132 1431 videlicet:
1164 1420 1190 1438 ,‚
1213 1389 1261 1427 ll-

131 1472 161 1492 „
191 1442 258 1480 lud
289 1442 509 1480 hominibus
546 1453 705 1481 mortem
741 1457 952 1496 praestare,
996 1444 1097 1497 qnod
1136 1443 1262 1496 lapsus

130 1525 160 1545 ,‚
193 1496 347 1548 Angelis
369 1523 380 1535 .
410 1496 491 1534 Post
522 1497 672 1549 lapsum
701 1501 806 1537 enim
836 1499 944 1538 nulla
977 1500 1068 1551 ipsis
1098 1507 1149 1534 est
1181 1512 1261 1548 poe·

116 1579 160 1598 .‚‚
189 1551 373 1598 nitentia,
404 1551 458 1588 uti
490 1564 558 1588 nec
591 1549 810 1590 hominibus
841 1562 919 1604 post
950 1551 1162 1590 mortem'’.
1194 1550 1262 1588 Ul-

120 1605 251 1641 1erius
279 1603 408 1641 laudat
427 1604 649 1640 Orationem
678 1604 719 1641 S.
739 1605 936 1644 Athanasii
967 1605 1017 1642 <le
1046 1609 1119 1652 ite,
1148 1608 1212 1655 qui
1242 1616 1264 1641 e

124 1661 216 1697 -νὶειι
244 1656 510 1694 discesserunt
528 1685 539 1703 ,
569 1669 659 1706 quae
689 1656 828 1695 nullibi
851 1665 977 1704 extat,
1007 1671 1076 1694 nec
1106 1657 1155 1694 ab
1185 1656 1265 1693 ullo

123 1710 212 1749 >alio
242 1718 500 1755 memoratur3
529 1718 611 1747 tum
641 1710 755 1747 etiam
785 1711 994 1763 quamdam
1024 1710 1065 1746 S.
1087 1710 1266 1759 Gregorii

132 1763 296 1816 Nysseni
327 1765 548 1802 sententiam
567 1792 578 1809 ,
608 1776 698 1815 quae
727 1765 767 1802 iu
797 1763 883 1816 ejus
908 1762 1091 1815 operibus
1119 1776 1190 1800 nou
1209 1763 1266 1799 in-

135 1818 292 1855 venitur
311 1842 324 1855 .
359 1817 514 1855 Accedit
541 1817 740 1854 diversitas
770 1818 858 1870 styli
877 1847 888 1866 ,
919 1816 1127 1856 verborum
1145 1847 1155 1865 ,
1185 1829 1267 1854 seu·

123 1871 371 1918 sentiarum,
412 1880 450 1908 ut
480 1868 578 1908 nihil
611 1871 730 1921 magis
758 1869 944 1909 dissimile
971 1871 1058 1908 aliis
1088 1870 1129 1908 S.
1158 1869 1266 1907 Joan.

132 1923 367 1963 Da-masceni
397 1924 578 1976 operibus
609 1925 775 1962 inveniri
808 1926 941 1975 possit.
974 1923 1152 1962 Demum
1184 1935 1269 1973 pro-

111 1977 231 2028 -digii
253 1977 332 2015 fere
351 1976 435 2016 loco
454 1985 534 2026 est,
564 1977 746 2016 Joannem
769 1977 985 2017 Diaconum
1001 2008 1013 2026 ,
1073 1978 1110 2014 ui
1131 1976 1176 2013 ad
1197 1985 1270 2012 sta-

121 2030 354 2070 ¹biliendam
385 2029 605 2082 hujusmodi
636 2031 811 2069 fabulam
840 2032 1012 2071 obscuris
1105 2040 1269 2081 apocry-

122 2083 226 2136 ‚phis
253 2084 492 2123 documentis
519 2092 570 2122 est
601 2097 717 2133 usus,
746 2083 910 2124 voluisse
939 2084 1033 2123 tanti
1055 2083 1172 2121 Patris
1200 2096 1270 2120 au·

125 2138 350 2177 -ctoritatem
372 2139 593 2190 praeterire:
613 2151 851 2189 quamquam
874 2140 978 2176 enim
992 2137 1154 2175 Joannes
1175 2135 1269 2173 Dia-

136 2203 257 2229 conus
272 2204 416 2242 graecas
431 2190 573 2228 litteras
594 2190 784 2240 ignoraret
803 2220 814 2238 ‚
844 2193 985 2229 scimus
1006 2199 1157 2238 tamen,
1179 2203 1269 2227 eum

138 2244 327 2283 Anastasii
345 2241 631 2282 Bibliothecarii
651 2255 769 2295 opera
790 2257 900 2283 ustun
921 2246 1038 2284 fuisse
1054 2275 1065 2293 ,
1098 2253 1136 2282 ut
1157 2244 1273 2282 Grae·

139 2310 276 2336 corum
306 2295 425 2334 libros
445 2305 711 2348 cognosceret.

194 2349 262 2401 67.
289 2349 363 2388 Sed
393 2351 424 2388 si
454 2352 568 2389 etiam
598 2352 709 2390 certis
737 2353 967 2402 argumentis
986 2351 1270 2400 ostenderetur,

137 2402 252 2442 illam
281 2403 504 2442 Orationem
535 2418 612 2442 esse
640 2404 681 2442 S.
701 2403 760 2443 JO.
781 2405 1012 2445 Damasceui
1032 2436 1043 2454 ‚
1074 2407 1183 2444 nobis
1213 2419 1270 2443 re-

140 2455 238 2510 ligio
267 2458 430 2496 minime
458 2457 579 2506 foret,
623 2457 673 2495 ab
715 2471 761 2496 eo
803 2458 873 2498 hac
904 2462 942 2498 in
972 2469 1078 2512 parte
1108 2459 1272 2497 modeste

139 2510 346 2557 recedere3
387 2511 715 2564 quemadmodum
744 2525 856 2551 nemo
884 2514 1050 2565 prudens
1089 2514 1123 2550 ei
1156 2514 1273 2552 fidem

141 2563 395 2617 adtingeret,
439 2565 532 2603 dum
564 2566 604 2604 in
635 2565 767 2603 eadem
799 2567 979 2605 Oratione
1011 2580 1054 2604 ex
1086 2568 1274 2606 Lausiaca

141 2616 306 2657 Paladii
338 2617 492 2658 historia
529 2619 670 2668 refert,
714 2619 934 2659 Macarium
976 2622 1184 2673 quemdam
1223 2622 1273 2660 ab

140 2669 315 2710 humano
342 2673 476 2711 cranio
505 2673 544 2712 in
574 2674 637 2711 via
667 2684 817 2726 reperto
854 2676 1086 2713 sciscitatum
1134 2676 1275 2724 fuisse,

142 2738 192 2762 an
219 2725 391 2764 defuncti
421 2725 600 2765 nonnihil
630 2728 754 2766 solatii
782 2728 991 2780 aliquando
1011 2729 1276 2781 perciperent?

141 2779 380 2829 respondisse
408 2789 535 2818 autem
552 2782 746 2819 cranium:
780 2781 866 2832 Quo
894 2792 1074 2834 tempore
1103 2793 1276 2822 mortuo-

145 2843 237 2868 rum
266 2843 394 2870 causa
419 2846 558 2883 preces·
586 2832 735 2885 offers,
778 2845 863 2873 tum
905 2849 1008 2875 sime
1049 2838 1276 2876 nonnullius

144 2884 278 2922 solatii·
306 2898 424 2924 sensu
444 2886 678 2936 afficimur;
708 2898 785 2927 erat
814 2899 940 2928 autem
971 2893 1146 2930 cranium
1177 2891 1275 2930 illud

144 2937 362 2977 Sacerdotis
389 2939 558 2989 ethnici,
590 2951 630 2980 ut
659 2942 836 2982 nonnulli
866 2946 1073 2996 opinantur
1103 2946 1203 2997 apud
1235 2945 1275 2983 S.

144 2991 338 3030 'Thomam
370 2994 410 3032 in
442 2993 509 3032 lV.
539 2995 648 3034 Sent.
676 2997 762 3036 dist.
781 2997 847 3043 45.
877 3013 944 3050 qu.
964 3012 1000 3037 2.
1031 3008 1102 3037 art.
1127 3013 1163 3036 9.
1194 3013 1274 3049 arg.

142 3045 185 3090 4.
226 3044 340 3083 Porro
370 3045 454 3084 haec
490 3047 623 3087 fabula
658 3063 783 3102 neque.
826 3053 863 3089 in
893 3053 1081 3091 Lausiaca
1111 3052 1275 3091 Palladii

145 3097 329 3147 historia,
360 3114 485 3153 neque
515 3103 554 3139 in
585 3103 659 3140 vita
689 3105 730 3141 S.
754 3104 919 3143 Macarii
953 3108 1168 3157 reperitur.
1200 3107 1276 3145 Ad-

143 3152 201 3191 dit
230 3155 374 3202 etiam‚
407 3153 664 3193 Falconillam
696 3157 878 3196 feminam
912 3158 1131 3210 paganam,
1164 3161 1277 3198 fuisse

146 3207 330 3259 precibus
357 3208 399 3248 S.
430 3207 618 3258 Theclae,
648 3219 721 3248 non
753 3213 882 3250 miuus
910 3226 1029 3264 quam
1061 3213 1275 3264 Trajanum

202 3337 251 3371 (a)
281 3334 446 3371 Ceterum
481 3335 524 3371 de
557 3336 621 3371 fide
654 3337 800 3371 Joannis
837 3338 982 3372 Diaconi
1021 3337 1131 3372 videri
1165 3348 1276 3384 potest

150 3379 259 3414 Liber
283 3382 529 3427 Apologetieus
557 3385 703 3420 Antonii
731 3385 887 3421 Gallonii
915 3388 1123 3431 (Longi-egat.
1151 3388 1278 3423 Orato-

2301 139 2383 187 143

1316 206 1365 246 ab
1397 207 1539 244 inferni
1572 209 1694 258 poeuis
1723 216 1957 259 extractam,
1994 211 2107 263 cujus
2137 214 2191 252 rei
2222 214 2362 254 nullibi
2395 231 2436 256 a-

1316 260 1394 312 pud
1423 260 1518 298 alios
1548 271 1716 299 auctores
1746 267 1946 315 vestigium
1968 277 2090 304 estu.
2123 267 2178 304 Ne
2209 271 2322 320 igitur
2354 270 2437 319 his,

1315 314 1479 366 aliisque
1509 313 1700 351 similibus
1729 319 1882 354 somniis
1912 322 2079 356 assentiri
2118 334 2325 372 cogimus,
2371 338 2440 362 au·

1315 367 1410 405 ctori
1442 367 1647 406 Orationis
1677 366 1725 404 ‹le
1756 367 1947 408 fidelibus
1983 372 2181 426 deglutieris
2225 376 2341 415 fidem
2373 379 2438 417 ad-

1316 434 1474 472 jungere
1503 433 1577 458 nou
1610 433 1831 472 possumus.

1373 473 1438 512 63.
1471 474 1527 512 Ad
1557 479 1744 513 tertium.
1789 474 1915 514 Multa
1945 487 2056 524 suut,
2085 494 2200 531 quae,
2232 496 2276 519 ne
2304 484 2441 523 Joiuui

1321 527 1492 566 Diacouo
1509 527 1579 566 hac
1602 531 1638 566 iu
1663 542 1702 565 re
1716 528 2002 567 subscribamus
2019 561 2029 579 ‚
2060 546 2124 569 nos
2147 547 2323 574 movent.
2356 538 2443 576 Ρη·-

1321 594 1387 617 ηω
1417 583 1481 619 ille
1511 591 1640 619 auctor
1670 591 1722 619 est
1751 581 1844 620 δυο.
1874 585 2026 622 circiter
2055 589 2163 624 annuis
2197 590 2232 625 5.
2257 594 2441 637 &rev-nio

1321 638 1526 686 posterior:
1571 635 1669 673 hanc
1708 648 1795 673 vero
1825 636 1998 675 fabulam
2030 652 2100 676 nou
2131 653 2174 676 ex
2207 624 2368 691 protuli.
2400 646 2442 683 S.

1320 689 1496 740 Gregorii
1526 691 1617 726 actis
1634 721 1643 736 ‚
1693 703 1781 741 quae
1812 691 1850 728 iu
1874 689 2046 729 Ecclesia
2070 692 2178 731 Rom.
2202 702 2445 735 asservaban-

1321 750 1383 778 tur
1401 772 1411 789 ,
1442 744 1505 780 sed
1535 756 1579 779 ex
1607 744 1778 780 obscuris
1799 744 2030 796 quibusdam
2056 747 2347 798 anglo-<axonis
2370 765 2449 788 nno-

1324 798 1515 833 numentis
1544 795 1695 834 hausit.
1730 796 1920 849 Legitur,
1953 801 2104 850 iuquit,
2132 814 2253 850 penes
2283 803 2448 841 eastern

1325 847 1544 900 Ang'orum
1566 849 1802 888 Ecclesiae.
1838 850 2008 889 Ulterius
2039 855 2202 903 fatetur,
2233 869 2304 894 non
2336 859 2452 894 luisse

1325 916 1404 939 suae
1435 905 1645 942 narrationi
1674 919 1695 942 a
1728 904 1904 943 Romanis
1942 906 2154 945 adhibitam
2187 909 2331 957 fileni,
2378 912 2452 949 ibi-

1326 955 1414 993 dem
1445 957 1632 995 subdens:
1664 988 1689 1006 ‚,
1710 957 1782 996 Se]
1814 972 1902 996 cum
1934 961 1979 997 de
2000 963 2263 1013 superioribus
2283 965 2453 1002 miraeu-

1328 1038 1355 1057 ‚‚
1387 1008 1433 1047 lis
1466 1010 1723 1049 Romanorum
1755 1014 1799 1050 sit
1829 1026 1962 1060 neuin,
1992 1017 2057 1067 qui
2089 1016 2234 1053 dubitet
2253 1047 2263 1064 ‚
2293 1017 2454 1064 dehoc,

1329 1091 1355 1110 ,‚
1385 1065 1485 1115 quod
1515 1066 1616 1116 apud
1638 1065 1806 1104 Saxones
1827 1065 1990 1118 legitur3
2023 1068 2134 1113 hujus
2156 1071 2332 1120 precibus
2355 1070 2454 1111 Tra-

1328 1144 1356 1165 „
1386 1116 1466 1167 jani
1497 1121 1666 1157 animam
1696 1119 1745 1157 ab
1777 1121 1916 1159 inferni
1951 1123 2186 1161 cruciatibus
2223 1124 2457 1176 liberatam,

1329 1198 1355 1218 ‚‚
1384 1172 1434 1208 ob
1464 1172 1501 1209 id
1532 1172 1590 1210 vel
1623 1175 1790 1211 maxime
1820 1174 1988 1212 dubitari
2019 1177 2195 1225 videtur,
2233 1178 2335 1229 quod
2375 1189 2455 1218 tan-

1330 1249 1356 1272 „
1384 1234 1442 1262 tus
1473 1225 1614 1264 Doctor
1645 1240 1886 1279 nequaquam
1919 1240 2165 1279 praesumeret
2204 1245 2272 1282 pro
2302 1232 2456 1285 Pagano

1329 1306 1355 1325 ‚‚
1387 1290 1540 1330 prorsus
1567 1292 1677 1317 orare
1699 1280 1769 1318 ἃς.
1791 1281 1812 1296 ”
1857 1280 1958 1320 lllud
1990 1297 2079 1320 vero
2110 1283 2280 1335 lepidum
2299 1315 2310 1333 ,
2352 1286 2459 1338 quod

1328 1332 1375 1370 ad
1407 1331 1502 1370 hanc
1530 1332 1784 1384 objectionem
1816 1336 2088 1374 retundendam
2111 1338 2333 1389 subjungit:
2362 1338 2459 1377 Non

1330 1386 1473 1438 legitur
1516 1400 1586 1435 pro
1630 1386 1809 1440 I'ritjimo
1841 1388 2079 1441 Gregorium
2119 1404 2342 1441 exorasse,
2386 1391 2458 1432 sed

1330 1440 1695 1493 timtwnflevisse.
1729 1441 1905 1480 Demum
1936 1443 1969 1480 δε
2001 1444 2098 1481 illud
2130 1444 2243 1496 plane
2272 1447 2318 1484 ad
2351 1461 2462 1484 men·

1330 1506 1430 1531 surae
1461 1494 1664 1532 cumulum
1695 1495 1827 1544 addit,
1856 1497 1958 1549 quod
1989 1498 2192 1536 notandum
2226 1499 2370 1538 ibidem
2399 1501 2462 1539 di-

1330 1549 1409 1595 cit,
1439 1549 1608 1586 animam
1640 1549 1802 1600 Trajani
1834 1551 1948 1588 fuisse
1977 1550 2216 1590 solummodo
2244 1554 2294 1592 ab
2316 1554 2463 1593 inferni

1332 1601 1567 1640 cruciatibus
1595 1601 1798 1640 liberatam
1822 1633 1831 1651 ‚
1863 1618 1938 1642 uon
1967 1615 2095 1642 autem
2128 1607 2165 1643 in
2195 1605 2372 1646 paradiso
2402 1621 2462 1646 re-

1334 1655 1494 1704 positam
1512 1685 1523 1702 ,
1553 1657 1661 1706 quasi
1693 1657 1841 1694 medius
1869 1659 1916 1695 sit
1945 1660 2043 1696 iuter
2064 1658 2287 1697 Paradisum
2305 1690 2316 1709 ‚
2347 1660 2381 1697 &
2401 1661 2466 1702 ln·

1334 1706 1486 1743 fernum
1517 1706 1620 1744 locus
1652 1710 1715 1759 (a)
1735 1734 1745 1745 .

1387 1757 1454 1810 60.
1484 1758 1579 1808 Obj.
1608 1759 1804 1799 secundo.
1834 1761 1878 1800 In
1908 1761 2145 1813 Euchologio
2164 1763 2396 1804 Graecorum
2425 1779 2465 1806 c.

1334 1809 1402 1862 96.
1432 1811 1522 1850 edit.
1554 1812 1710 1851 Veneta:
1741 1829 1804 1867 ap.
1833 1815 2051 1867 Christoph.
2082 1816 2286 1857 Zanettum
2317 1821 2469 1872 p.2i4·

1336 1868 1351 1914 (
1377 1863 1465 1902 Vid.
1496 1867 1610 1904 etiam
1642 1867 1742 1905 Bibl.
1773 1869 1911 1906 Graeca
1944 1869 2115 1908 Fabricii
2147 1871 2261 1910 Tem.
2279 1871 2328 1910 V.
2360 1875 2374 1922 )
2413 1875 2469 1913 ita.

1338 1917 1422 1955 Deo
1449 1918 1707 1970 supplicatur:
1739 1921 2120 1968 „Quemadmodum
2151 1923 2367 1976 Trajanum
2399 1940 2468 1979 per

1338 1999 1366 2018 ‚‚
1396 1971 1579 2010 intentam
1609 1974 1709 2011 servi
1748 1975 1804 2011 tui
1834 1975 2011 2027 Gregorii
2044 1976 2197 2029 Dialogi
2229 1981 2467 2019 intercessio-

1337 2052 1365 2072 „
1395 2037 1484 2062 nem
1516 2023 1634 2076 ssagro
1664 2026 1836 2075 solvisti,
1865 2029 2002 2068 exaudi
2027 2031 2142 2068 etiam
2164 2044 2226 2069 nos
2255 2041 2289 2070 te
2317 2044 2467 2073 orantes

1339 2106 1366 2125 ,‚
1397 2090 1470 2115 non
1500 2091 1568 2129 pro
1598 2080 1788 2118 idolorum
1818 2081 1990 2131 cultore,
2028 2084 2088 2122 sed
2121 2098 2189 2136 pro
2219 2085 2327 2126 fideli
2356 2101 2468 2127 servo

1339 2160 1365 2179 ‚‚
1394 2139 1459 2168 tuo
1488 2131 1558 2170 ἃς.
1577 2133 1597 2147 ”
1642 2134 1791 2172 videtur
1821 2136 1937 2185 igitur
1965 2150 2102 2176 verum
2132 2153 2236 2187 esse,
2266 2141 2368 2192 quod
2396 2154 2469 2179 au-

1337 2195 1419 2223 ctor
1449 2185 1658 2224 Orationis
1685 2201 1755 2237 pro
1783 2187 1982 2240 defunctis
2011 2192 2169 2240 asserit,
2211 2202 2333 2232 totum
2363 2194 2470 2234 scili-

1337 2247 1396 2276 cet
1424 2241 1611 2278 orientem
1641 2255 1718 2280 esse
1750 2242 1864 2293 hujus
1895 2245 2072 2283 miraculi
2104 2256 2264 2285 testem.

1395 2306 1459 2343 70.
1485 2292 1618 2346 Hesp„
1649 2295 1886 2349 Euchologia
1909 2300 1947 2335 in
1971 2299 2082 2337 rebus
2105 2300 2313 2349 historicis,
2342 2300 2474 2353 cujus·

1338 2347 1441 2384 modi
1472 2348 1541 2385 ista
1569 2357 1647 2397 est,
1678 2363 1752 2388 non
1781 2364 1927 2401 majore
1949 2352 2064 2391 fidem
2089 2355 2240 2402 ficere,
2270 2369 2388 2407 quam
2410 2367 2472 2393 eo-

1340 2402 1516 2439 rumlem
1546 2413 1743 2450 auctores3
1786 2419 1910 2457 neque
1941 2409 2045 2444 enim
2077 2406 2250 2446 historias
2269 2439 2278 2455 ‚
2307 2422 2396 2461 quae
2426 2410 2469 2448 iu

1340 2453 1589 2507 Eucliologiis
1608 2459 1870 2506 continentur,
1902 2458 2075 2499 Ecclesia
2098 2471 2135 2498 ut
2155 2462 2360 2499 credendas
2382 2475 2469 2514 pro·

1342 2510 1476 2561 pouit,
1521 2509 1553 2545 dt
1585 2524 1718 2549 earum
1748 2512 1892 2564 aliquae
1930 2527 1951 2550 a
1981 2514 2287 2565 diligentioribus
2316 2516 2474 2554 Criticis

1342 2560 1515 2601 falsitatis
1544 2567 1730 2603 convictae
1761 2575 1870 2613 suut,
1900 2575 2015 2619 atque
2046 2567 2279 2618 Euchologia
2315 2581 2386 2607 non
2415 2583 2474 2607 se-

1344 2615 1422 2654 mel
1452 2619 1674 2657 emendata.
1707 2619 1744 2656 ld
1777 2619 1894 2657 multo
1926 2620 2077 2658 facilius
2106 2624 2322 2674 contingere
2352 2624 2476 2674 potuit

1345 2671 1384 2708 in
1415 2670 1660 2724 Eucliologiis
1689 2673 1863 2710 Graeois:
1909 2683 2107 2726 postquam
2150 2676 2253 2713 enim
2298 2673 2474 2715 Ecclesia

1345 2725 1486 2763 Graeca
1515 2726 1678 2763 dolendo
1707 2726 1907 2764 schism-ite
1936 2742 1956 2764 a
1979 2727 2114 2766 Latini
2143 2729 2265 2767 divisa
2295 2738 2375 2777 est,
2406 2731 2474 2769 vix

1343 2779 1420 2818 dici
1452 2788 1594 2831 potest,
1627 2781 1663 2817 in
1692 2789 1853 2831 quantas
1883 2781 2110 2831 ignorantias
2134 2783 2309 2821 tenebras
2331 2783 2475 2821 incide-

1343 2835 1420 2871 rit.
1467 2833 1688 2871 Verisimile
1718 2843 1843 2872 autem
1875 2843 1953 2881 est,
1985 2845 2024 2873 ut
2051 2835 2218 2874 =Iacobus
2242 2835 2378 2875 Billius
2406 2838 2476 2875 ob-

1344 2896 1466 2926 servat
1497 2888 1536 2925 in
1568 2886 1671 2924 hunc
1699 2885 1772 2925 loc.
1795 2887 1915 2925 Onu.
1937 2888 2306 2938 pseudo-Damasc-
2328 2904 2371 2928 ex
2396 2906 2474 2928 me-

1346 2949 1491 2979 morata
1523 2953 1608 2978 mox
1642 2941 2034 2992 pseudo-Damasceni
2066 2944 2247 2982 Oratione
2290 2943 2389 2982 hanc
2418 2945 2477 2983 fa-

1344 2994 1480 3032 bulam
1512 2996 1548 3031 iu
1580 2993 1766 3032 Graecum
1799 2995 2079 3048 Eucliologium
2111 2999 2332 3050 irrepsisse.

1404 3062 1467 3099 7¹·
1497 3046 1590 3098 Obj.
1611 3052 1725 3086 tertio
1741 3075 1751 3086 .
1784 3048 1945 3099 Trajani
1977 3049 2155 3089 liberatio
2176 3050 2336 3090 habetur
2357 3051 2474 3088 etiam

1345 3105 1384 3142 in
1417 3101 1726 3140 Revelationihus
1756 3101 1796 3141 S.
1827 3104 1997 3155 Birgittae
2029 3104 2118 3143 Lib.
2141 3104 2208 3143 lv.
2237 3104 2353 3143 e.13.
2383 3116 2474 3156 quae

1345 3159 1383 3195 in
1403 3156 1576 3195 Concilio
1598 3155 1803 3195 llasileensi
1833 3158 2056 3210 approbatae
2077 3159 2273 3196 dicuntur:
2303 3170 2478 3209 quasque

1343 3209 1772 3249 Card.Turrecremata
1801 3225 1875 3251 non
1903 3211 2027 3251 solum
2057 3212 2256 3265 probavit,
2287 3212 2347 3249 sed
2377 3213 2476 3251 acri-

2311 3293 2337 3312 „
2367 3273 2424 3302 ter

1346 3338 1395 3420 rii¹
1418 3334 1508 3381 apud
1535 3335 1753 3419 Reiphardum
1778 3339 1974 3374 simonium
2002 3338 2138 3374 Lettres
2165 3338 2328 3373 Chorsiai
2371 3337 2474 3375 Tem.

1347 3388 1358 3420 l
1403 3409 1410 3418 .
1438 3394 1518 3430 pag.
1596 3406 1604 3416 .
