2562 3694
755 169 836 212 DE
872 166 1172 212 EXTERNA
1209 164 1371 210 FIDEt
1404 163 1680 208 Pnorffis.

52 260 91 300 ta
120 251 305 292 Ecclesiae
335 249 538 295 severitas,
568 248 599 286 si
632 247 740 286 nulla
770 248 885 298 culpa
917 249 1071 294 fuisset,
1104 245 1175 284 Re-

53 304 236 358 ligionem
266 306 492 343 extrinsecus
522 302 645 339 solum
676 300 894 351 abnegare?
931 301 1062 338 videri
1094 312 1176 352 pos-

53 369 139 399 sunt
167 370 328 397 canones
363 369 395 393 1.
413 368 449 393 2.
467 355 504 393 3.
521 354 559 400 4.
590 355 623 391 8(
641 357 676 393 5.
709 356 903 407 Ancyra-mi
921 380 932 392 .

110 426 177 466 97.
207 410 362 448 Accedit
390 410 591 446 auctoritas
620 410 833 447 Innocentii
864 407 934 445 Xl.
952 437 962 456 ,
991 406 1059 459 qui
1090 406 1176 457 pro-

53 464 281 519 positionem
312 462 420 501 illam
451 477 490 500 n.
518 462 578 500 18.
608 462 790 501 confixit:
830 491 855 510 „
884 460 925 498 Si
955 476 977 499 a
1007 467 1183 512 potestate

53 547 83 568 ,‚
113 516 270 569 publica
328 517 384 554 nis
414 518 686 567 interrogetur,
725 515 841 553 fidem
872 515 1032 565 ingenue
1061 511 1183 551 coufi-

57 599 85 619 ‚,
114 570 208 618 teri,
239 578 278 607 ut
335 582 378 606 eo
407 568 440 604 8(
470 569 559 607 fidei
589 568 796 620 gloriosum
827 567 1009 613 consulo;
1037 575 1183 613 tacere,

55 653 85 674 „
115 632 155 661 ut
185 624 495 676 peccaminosum
554 636 593 659 er
622 636 658 659 se
689 636 759 660 non
787 621 928 660 damno
947 621 988 657 ’':
1026 619 1060 656 ἃ
1098 628 1186 657 ante

56 677 186 729 ipsum
215 675 356 715 Paulus
372 675 422 714 V.
451 675 527 714 duo
560 690 602 713 us
623 675 807 714 Brevibus
838 674 1085 727 prohibuerat
1107 673 1184 710 An·

56 728 131 781 glis
159 729 376 779 catholicis,
407 743 452 768 ue
481 728 626 782 templa
656 728 923 773 haereticorum
946 727 1186 778 ingrederen-

55 792 146 831 tur,
176 796 382 836 eorumque
410 782 662 822 concionibus
680 783 918 820 assisterent.
949 781 1041 818 Vid.
1062 778 1187 817 Palla-

57 838 212 875 viciuus
240 836 329 888 Lib.
352 837 419 874 111.
447 835 554 874 Hist.
578 835 727 873 Concil.
747 834 853 874 Trisl.
882 849 917 873 c.
935 834 973 873 3.
993 847 1034 872 n.
1051 833 1113 871 5.:
1142 845 1188 870 ac

58 890 216 928 demum
233 889 456 928 Benedictus
476 889 583 929 XIV.
615 891 655 927 iu
685 903 751 928 sua
766 889 1036 926 Constitutione
1059 900 1092 924 ι.
1109 887 1188 924 Au-

58 944 155 994 gusti
181 942 298 993 1754.
329 944 446 981 vetuit
475 932 701 981 Christianis
730 945 768 980 iu
798 942 1016 980 'furcarum
1046 940 1192 977 ditione

57 996 307 1048 degentibus,
346 996 564 1035 'I'urcarum
593 998 753 1034 uomina
781 996 827 1033 ad
856 994 1056 1046 tegendam
1087 992 1191 1030 Reli-

58 1050 214 1101 gionem
230 1049 487 1089 Christianam
517 1053 738 1101 imponere,
769 1047 937 1100 injuncta
966 1060 1081 1099 poena
1109 1047 1190 1098 pri-

60 1104 224 1142 vationis
253 1103 589 1142 sacramentorum
619 1104 660 1140 in
686 1103 786 1151 vita,
816 1100 850 1137 8t
878 1101 1086 1155 sepulturae
1115 1099 1191 1139 Ec-

61 1154 288 1196 clesiasticae
319 1165 398 1209 post
427 1165 617 1194 mortem.

117 1209 184 1262 98.
214 1210 385 1247 Demum
401 1222 472 1247 nec
491 1209 626 1247 desunt
642 1216 832 1246 momenta
853 1209 1068 1247 rationum:
1101 1219 1190 1245 nam

61 1260 179 1301 fidem
207 1263 372 1300 exterius
402 1276 537 1314 negare
567 1271 618 1300 est
647 1262 892 1300 mendacium
922 1264 963 1300 in
991 1276 1032 1299 re
1061 1262 1191 1313 gravi,

61 1315 186 1354 immo
213 1317 388 1354 omnium
415 1316 666 1368 gravissima.
697 1315 812 1352 Porro
841 1317 870 1354 si
900 1315 1008 1367 juxta
1037 1314 1193 1352 l’oetam

63 1367 274 1409 Ethuicum
303 1369 531 1408 Juvenalem
561 1368 643 1407 Sat.
671 1367 776 1407 VIII.
806 1368 872 1407 81.
890 1399 900 1417 ‚
944 1370 997 1408 ita
1028 1368 1194 1422 quilibet

67 1431 313 1475 comparatus
341 1436 419 1460 esse
447 1423 584 1471 dehet,
616 1431 655 1460 ut

172 1528 210 1540 ..
229 1528 240 1540 .
258 1528 269 1540 .
299 1501 486 1541 Phalaris
515 1504 604 1541 licet
633 1506 825 1551 imperet,
855 1511 895 1539 ut
925 1507 981 1541 sis

173 1554 345 1604 Falsus,
375 1558 424 1597 (θ’
454 1556 643 1594 admotuo
672 1556 818 1593 directe
846 1558 1024 1609 perjuria
1054 1564 1194 1604 tauro,

173 1608 390 1647 Summum
433 1609 550 1646 crede
593 1609 741 1660 nesus,
787 1613 972 1646 animum
1000 1608 1197 1662 praeferre

279 1661 440 1713 pudori,

174 1712 232 1752 Et
257 1724 418 1766 propter
447 1718 571 1754 vitam
600 1712 749 1753 vivendi
776 1713 940 1766 perdere
968 1726 1145 1759 causas,-

69 1802 211 1847 qnanto
231 1795 352 1846 magis
369 1825 380 1843 ,
410 1795 478 1833 ubi
507 1796 555 1833 de
584 1794 791 1847 Religionis
818 1794 965 1847 negotio
993 1792 1146 1845 agitur?

130 1847 228 1895 Quae
259 1857 390 1887 contra
420 1847 516 1887 hauc
547 1850 842 1902 propositionem
872 1847 1132 1900 objiciuntur,
1161 1861 1202 1886 a-

68 1900 259 1962 deo-levia
279 1910 388 1963 sunt,
420 1912 459 1941 ut
486 1916 555 1942 nec
583 1916 711 1956 operae
741 1904 907 1955 pretinm
937 1902 1134 1951 videatur,
1162 1902 1205 1940 in

69 1967 120 1997 us
148 1967 372 1994 immorari.

444 2061 749 2103 PROPOSITIO
776 2063 827 2119 Π.

76 2164 314 2218 Numquam
332 2167 412 2220 fas
441 2177 526 2216 est,
554 2167 723 2220 falsam
752 2167 1001 2220 Religionem
1030 2169 1206 2205 exterius

130 2222 323 2259 simulate
343 2233 535 2260 exercere
551 2250 562 2270 ,
590 2220 647 2260 ad
666 2233 805 2261 reram
821 2251 833 2271 ,
860 2222 909 2262 (θ’
928 2219 1202 2259 Christianam

124 2273 412 2312 occultandam
428 2300 441 2312 .

125 2355 346 2433 99·Pr0b·
375 2383 504 2432 primo
531 2394 577 2420 ex
607 2381 750 2420 celebri
779 2382 880 2420 facto
907 2380 1081 2420 Eleazari
1111 2380 1203 2421 Lib.

72 2432 124 2472 ll.
152 2433 340 2473 Machab.
369 2449 454 2487 cap.
475 2434 544 2474 Vl.
587 2436 664 2474 Hic
690 2437 751 2473 vir
780 2444 888 2474 aetate
920 2433 999 2486 jam
1030 2436 1203 2487 grandae-

75 2501 146 2528 vus
163 2517 176 2535 ,
204 2489 301 2526 inter
327 2487 480 2527 Judaeos
509 2489 689 2540 insignis,
717 2490 899 2541 sacrilego
930 2488 1040 2540 Regis
1071 2490 1203 2528 Antio-

74 2539 138 2580 chi
168 2542 290 2580 edicto
324 2551 454 2581 contra
482 2541 666 2581 Mosaicae
709 2543 801 2596 legis
844 2552 1035 2596 praecepta
1072 2556 1202 2582 carnes

74 2594 207 2633 suillas
237 2596 436 2633 comedere
470 2596 697 2647 cogebatur:
742 2627 767 2645 „
800 2599 845 2634 At
876 2595 943 2633 ille
978 2595 1201 2648 gloriosissi·

76 2676 104 2698 2,
133 2662 235 2687 mam
255 2657 414 2687 mortem
430 2652 576 2702 magis,
606 2665 724 2702 quam
753 2649 938 2688 odibilem
958 2652 1078 2688 vitam
1097 2663 1203 2688 corn-

79 2730 108 2750 „
138 2701 330 2752 plectens,
367 2702 582 2742 voluntarie
611 2704 773 2756 praeibat
808 2704 855 2742 ad
884 2703 1123 2756 supplicium
1145 2729 1202 2742 ...-

79 2782 109 2803 „
138 2754 190 2792 Hi
218 2765 368 2804 autem,
396 2759 464 2810 qui
494 2756 714 2805 adstabant,
744 2758 876 2809 iniqua
904 2758 1204 2797 commiseratio-

80 2836 109 2856 „
139 2821 187 2845 ue
215 2811 423 2859 commoti,
453 2819 609 2863 propter
636 2812 835 2863 antiquam
865 2812 939 2849 viri
969 2813 1204 2860 amicitiam,

81 2889 108 2910 ‚,
138 2859 308 2900 tollentes
335 2876 423 2902 eum
453 2873 621 2912 secreto,
663 2865 847 2916 rogabant
883 2863 1012 2903 afferri
1041 2879 1173 2904 carnes
1193 2894 1206 2913 ,

84 2942 112 2963 „
141 2913 285 2966 quibus
313 2917 412 2954 vesci
441 2919 476 2955 ei
506 2917 673 2967 licebat,
703 2927 743 2957 ut
772 2918 1016 2958 simularetur
1045 2918 1206 2957 mandu-

82 2995 112 3017 2,
139 2981 268 3016 casse,
297 2968 393 3006 sicut
423 2982 486 3009 rex
517 2972 798 3024 imperaverat,
838 2973 885 3011 de
913 2971 1095 3011 sacrificii
1124 2985 1207 3009 car-

82 3048 112 3070 „
141 3021 281 3067 uibus3
313 3031 351 3059 ut
379 3020 451 3061 hoe
480 3024 578 3062 facto
606 3039 628 3063 a
657 3036 776 3063 morte
805 3025 1059 3065 liberaretur.
1102 3023 1207 3076 Quid

83 3100 113 3122 ‚,
142 3087 233 3114 v-ero
260 3074 314 3113 ad
334 3074 420 3113 hoec
435 3074 691 3116 Eleazarus?
721 3078 926 3132 Respondit
954 3081 1030 3118 cito
1048 3080 1206 3126 dicens,

85 3151 114 3174 ‚2
142 3131 324 3179 praemitti
353 3144 394 3167 se
422 3128 522 3168 velle
551 3132 591 3169 in
620 3132 818 3170 lnfernum
841 3132 911 3170 διε.
932 3133 954 3148 ”
972 3159 984 3171 .
1025 3131 1135 3172 Nihil
1166 3133 1206 3170 in

86 3191 168 3217 nem
197 3193 358 3222 nostram
388 3183 617 3222 luculentius
645 3194 764 3236 potest
791 3186 1020 3225 desiderari.

147 3247 237 3276 100.
263 3237 398 3293 Neque
426 3251 517 3279 vero
544 3237 688 3291 aliquis
721 3239 796 3277 sibi
832 3238 976 3291 fingat,
1017 3239 1058 3279 id
1094 3239 1212 3278 fuisse

90 3365 139 3401 dn
164 3365 291 3398 Fresne
317 3364 355 3397 in
380 3365 564 3400 Glossario
580 3388 590 3406 ‚
625 3366 726 3399 Joan.
753 3365 981 3400 Cabassutius
1005 3365 1042 3399 in
1067 3373 1138 3399 not.
1163 3367 1211 3400 ed

92 3413 199 3450 Cone.
223 3410 388 3448 Illiberic.
416 3413 501 3448 Saec·
525 3415 585 3448 111.
601 3434 614 3456 ‚
649 3413 766 3449 Nicol.
791 3413 966 3459 Rigalzius
1003 3413 1040 3448 in
1063 3421 1141 3456 not.
1166 3411 1209 3450 ad

2232 164 2312 217 ¹47

1242 243 1455 283 indebitum
1490 243 1651 280 heroic-e
1684 243 1831 281 virtutis
1861 250 2012 290 actum,
2044 250 2264 281 nouantem
2285 240 2369 278 stri-

1242 300 1293 337 cti
1325 297 1419 349 juris
1447 297 1746 346 obligationem:
1791 311 1863 334 uon
1895 299 2076 348 inpmm;
2120 296 2167 332 ad
2199 295 2235 332 inl
2265 294 2371 332 enim

1256 350 1502 390 ›raestandum
1537 364 1574 387 se
1608 350 1726 386 luisse
1753 350 1882 387 divina
1914 349 1992 399 lege
2026 350 2246 387 adstrictum
2285 349 2373 385 satis

1244 367 1461 443 luculenter
1490 403 1593 441 idern
1623 402 1827 440 Eleazarus
1864 403 2071 439 declaravit
2089 433 2098 449 ,
2141 402 2303 440 subdens
2332 413 2373 439 v.

1251 458 1317 498 26.
1346 456 1461 496 Nam
1492 461 1564 495 etsi
1593 460 1634 494 in
1663 458 1850 507 praesentt'
1879 464 2056 505 ternpore
2083 455 2277 504 suppltciis
2305 453 2374 492 ho-

1251 515 1407 549 minum
1437 514 1612 560 eripiar,
1641 508 1711 547 sed
1739 521 1887 545 manus
1910 507 2199 557 Omnipotentis
2228 520 2302 546 nec
2321 510 2374 546 νέ-

1252 578 1341 613 vus,
1370 577 1444 602 nec
1474 563 1686 614 defunctus
1715 559 1934 615 effugiam.

1311 632 1399 656 ιοι.
1430 617 1542 656 Proh.
1571 618 1732 655 ulterius
1761 628 1805 653 ex
1834 614 1906 653 SS.
1928 612 2123 652 Patribus.
2152 612 2195 650 S.
2214 613 2376 666 Cypria·

1252 685 1323 710 nus
1352 670 1416 709 De
1446 671 1568 722 lapsis
1597 673 1701 709 circa
1731 669 1901 708 inedium
1928 667 1976 706 de
2007 665 2122 717 hujus
2150 669 2297 717 generis
2326 669 2376 704 si-

1253 724 1506 765 mulatoribus
1526 725 1706 778 loquens:
1736 754 1762 771 ,‚
1787 724 1814 761 A
1845 721 1993 760 diaboli
2021 722 2097 758 aris
2125 727 2348 758 revertentes
2365 747 2378 767 ,

1257 809 1285 829 „
1314 782 1464 829 inquit,
1493 779 1541 817 ad
1570 787 1740 816 sancuun
1765 776 1919 814 Domini
1948 774 2136 821 sordidis,
2165 772 2200 809 ἃ
2230 773 2380 810 infectis

1256 863 1283 882 „
1314 833 1444 870 nidore
1474 832 1651 870 manibus
1692 831 1901 870 accedunt:
1945 827 2155 866 mortiferos
2190 825 2382 864 idolorum

1256 914 1283 936 ,‚
1311 885 1418 928 cibos
1445 886 1568 923 adhuc
1598 899 1695 937 pene
1725 892 1940 932 ructantes,
1971 880 2236 919 exhalantibus
2265 881 2380 917 etiam

1257 969 1286 989 „
1315 952 1418 977 uunc
1448 938 1569 977 scelus
1598 953 1711 977 suum
1742 937 1940 985 faucibus,
1970 936 2005 972 ἃ
2033 935 2205 986 contagia
2236 933 2383 970 funesta.

1258 1023 1286 1043 „
1316 992 1573 1030 redolentibus
1590 1022 1601 1040 ,
1623 992 1779 1030 Domini
1801 992 1946 1042 Corpus
1967 989 2150 1028 invadunt
2168 1014 2179 1025 .
2200 985 2289 1025 Istis
2308 999 2383 1024 au-

1258 1076 1286 1096 „
1316 1055 1397 1084 tem
1427 1045 1744 1084 simulationibus
1773 1043 1890 1082 verbu.
1926 1044 1996 1081 illa
2024 1042 2240 1091 Scriptura·
2266 1053 2384 1091 oppo-

1258 1130 1284 1149 „
1314 1104 1395 1147 nit,
1426 1099 1458 1138 1.
1483 1100 1572 1137 Cor.
1586 1098 1640 1137 X.
1664 1113 1726 1138 20.
1757 1098 1840 1136 Non
1873 1098 2020 1149 potestis
2046 1094 2218 1134 Calicem
2247 1092 2384 1132 Domi-

1259 1184 1286 1203 „
1317 1155 1352 1192 ni
1383 1154 1543 1201 bibere,
1573 1153 1608 1189 8<
1637 1151 1799 1191 calicem
1828 1151 2134 1189 daemoniorum:
2177 1161 2252 1186 non
2283 1157 2387 1198 pote-

1261 1236 1287 1256 „
1317 1209 1379 1245 stis
1408 1221 1550 1245 mensae
1583 1207 1738 1245 Domini
1769 1206 1974 1259 participes
2017 1217 2121 1251 esse,
2163 1202 2197 1238 8<
2241 1211 2385 1238 mensae

1261 1290 1288 1310 „
1316 1261 1598 1298 daemoniorum
1621 1260 1642 1274 '’

1323 1328 1409 1352 102.
1440 1314 1480 1352 S.
1511 1323 1638 1351 autem
1669 1312 1900 1365 Augustinus
1930 1309 2019 1349 Lib.
2050 1315 2157 1346 cont.
2187 1306 2321 1345 merul.
2351 1320 2387 1345 c.

1263 1366 1302 1406 6.
1324 1377 1437 1406 acute
1455 1368 1627 1406 observat
1645 1397 1654 1412 ,
1685 1367 1785 1419 quod
1816 1367 1845 1404 si
1878 1364 2097 1416 hujusmodi
2119 1361 2314 1399 simulatio
2342 1360 2389 1398 li-

1262 1431 1362 1459 ceret
1380 1451 1390 1469 ,
1420 1423 1596 1473 potuisset
1616 1419 1788 1458 Christus
1814 1418 1949 1458 ovibus
1979 1418 2057 1455 suis
2079 1417 2290 1469 praecipere
2307 1445 2316 1461 ,
2347 1422 2389 1451 ut

1262 1473 1409 1526 lupinis
1438 1476 1591 1513 amictae
1624 1473 1791 1524 pellibus
1819 1473 1866 1511 ad
1886 1472 1994 1524 lupos
2010 1472 2207 1508 venirent.
2236 1468 2282 1507 Et
2300 1468 2390 1506 Lib.

1262 1528 1331 1565 Vl.
1362 1527 1410 1565 de
1442 1527 1549 1566 Cavit.
1571 1528 1649 1567 Det
1678 1541 1714 1565 c.
1735 1529 1874 1566 io.cit.
1904 1542 1926 1563 a
1954 1525 1994 1563 S.
2016 1523 2167 1562 Thana
2204 1536 2240 1560 2.
2265 1536 2301 1560 2.
2323 1534 2392 1573 qu.

1263 1581 1329 1633 94.
1352 1590 1421 1620 art.
1441 1595 1478 1619 2.
1495 1611 1506 1629 ,
1537 1591 1737 1635 postquam
1759 1580 1904 1618 erudite
1918 1577 2097 1624 ostendit,
2127 1576 2310 1614 Senecam
2327 1586 2392 1611 ex-

1263 1645 1368 1672 terne
1397 1636 1556 1686 quidem
1577 1635 1681 1673 idola
1703 1643 1944 1680 veneratum,
1974 1633 2121 1668 interne
2150 1639 2276 1666 autem
2306 1641 2393 1665 exe-

1265 1697 1414 1726 cratum
1446 1688 1588 1735 fuisse,
1619 1690 1671 1725 ita
1701 1686 1920 1724 concludit:
1965 1713 1990 1731 „
2019 1682 2177 1720 Colebat
2205 1681 2303 1733 quod
2336 1693 2394 1717 re·

1269 1769 1296 1789 „
1325 1739 1612 1793 prehendebat;
1642 1739 1776 1791 agebat
1806 1738 1908 1790 quod
1938 1735 2147 1787 arguebat,
2181 1733 2284 1786 quod
2313 1732 2397 1770 cul·

1269 1823 1297 1843 „
1326 1792 1443 1846 pahat
1471 1792 1654 1831 adorabat
1676 1818 1770 1831 ....
1801 1805 1844 1829 eo
1873 1788 2163 1836 damnabilius,
2194 1799 2270 1839 quo
2300 1785 2397 1836 illa,

1271 1876 1298 1895 „
1327 1860 1418 1900 quae
1447 1847 1682 1885 mendaciter
1701 1845 1862 1896 agebat,
1893 1845 1947 1882 sic
1967 1851 2120 1894 ageret,
2151 1850 2191 1878 ut
2220 1854 2308 1878 eum
2330 1852 2398 1892 po—

1271 1929 1298 1949 „
1328 1899 1444 1953 pulus
1473 1902 1656 1937 veraciter
1685 1912 1796 1948 agere
1825 1898 2052 1934 existimaret
2069 1895 2111 1932 ’'-

1331 1953 1419 1991 105.
1450 1952 1619 1990 Demum
1647 1951 1691 1989 S.
1710 1951 1880 1988 Thomas
1910 1963 1946 1988 2.
1970 1962 2075 2000 2.-q.
2103 1959 2192 1985 ixi.
2220 1947 2330 1985 artic.
2358 1959 2393 1985 r.

1269 2005 1371 2044 lianc
1400 2001 1598 2044 Ger-itatem
1628 2018 1702 2043 non
1733 2003 1856 2042 solum
1887 2017 1954 2042 sua
1983 2001 2204 2040 auctoritate
2225 2031 2236 2049 ,
2265 2000 2326 2038 sed
2358 2015 2398 2038 e-

1271 2060 1363 2097 tiam
1394 2061 1537 2097 ratione
1566 2060 1618 2097 ita
1647 2057 1874 2096 confirmat:
1902 2087 1930 2105 „
1961 2055 2020 2094 Ad
2048 2056 2225 2093 virtutem
2256 2055 2400 2093 verita-

1271 2141 1299 2162 „
1330 2114 1376 2151 tis
1405 2114 1593 2165 pertinet,
1633 2121 1671 2150 ut
1701 2112 1786 2164 quis
1814 2110 1930 2149 talem
1959 2123 1997 2147 se
2025 2108 2205 2146 exhibeat
2233 2108 2399 2146 exterius

1274 2195 1301 2215 „
1329 2179 1398 2218 per
1427 2168 1535 2218 signa
1563 2167 1748 2204 exteriora
1766 2195 1776 2214 ,
1806 2164 1932 2217 qualis
1962 2171 2034 2209 est3
2065 2163 2169 2214 signa
2189 2171 2316 2200 autem
2333 2174 2398 2199 ex-

1274 2249 1302 2269 „
1332 2221 1469 2258 teriora
1499 2234 1575 2259 non
1604 2219 1727 2258 solum
1758 2228 1842 2257 suut
1873 2217 2018 2266 verba,
2048 2217 2109 2254 sed
2142 2217 2255 2253 etiam
2279 2216 2399 2253 facta:

1272 2303 1298 2322 „
1326 2275 1424 2312 sicut
1454 2287 1540 2326 ergo
1569 2274 1716 2312 veritati
1745 2273 1976 2324 opponitur,
2019 2269 2122 2323 quod
2149 2268 2292 2321 aliquis
2330 2280 2398 2319 per

1273 2356 1300 2376 „
1329 2327 1448 2365 verba
1477 2329 1663 2365 exteriora
1691 2326 1797 2364 aliud
1826 2324 2044 2377 significet,
2074 2337 2190 2375 quam
2211 2322 2312 2375 qnod
2331 2323 2399 2360 ha-

1272 2410 1300 2430 „
1328 2381 1392 2420 bet
1420 2381 1523 2434 apud
1552 2395 1617 2429 se,
1647 2380 1749 2434 quod
1779 2379 1826 2416 ad
1857 2378 2102 2417 mendacium
2132 2378 2315 2430 pertinet,
2347 2377 2399 2413 ita

1273 2464 1299 2483 „
1328 2435 1445 2473 etiam
1473 2436 1681 2487 opponitur
1711 2432 1887 2481 veritati,
1929 2431 2031 2485 quod
2059 2429 2202 2482 aliquis
2230 2442 2299 2482 per
2326 2427 2397 2465 ali-

1271 2518 1298 2537 „
1327 2503 1404 2541 qua
1433 2489 1540 2540 signa
1570 2489 1787 2535 factorum,
1818 2487 1878 2524 vel
1910 2498 2040 2523 rerum
2070 2483 2217 2536 aliquid
2248 2480 2398 2533 signifi-

1270 2571 1296 2591 „
1326 2551 1383 2580 cet
1412 2544 1648 2580 contrarium
1678 2541 1783 2592 ejus,
1813 2540 1916 2591 quod
1944 2540 1983 2578 in
2012 2551 2056 2576 eo
2075 2546 2160 2585 est,
2185 2535 2286 2588 quod
2308 2547 2398 2587 pro-

1270 2625 1296 2645 „
1326 2597 1413 2648 prie
1438 2595 1631 2633 simulatio
1658 2595 1799 2633 dicitur
1828 2596 1854 2614 “
1873 2619 1885 2630 .

1330 2649 1416 2695 ¹04-
1447 2648 1544 2701 Obj.
1570 2653 1700 2699 primo
1720 2679 1730 2697 ,
1760 2647 1935 2686 Naaman
1961 2643 2109 2696 Syrus,
2141 2649 2341 2694 postquam
2365 2641 2398 2679 i-

1268 2701 1481 2741 dololatriae
1510 2704 1697 2742 niiucium
1728 2701 1946 2746 remiserat,
1977 2699 2027 2735 ita
2055 2695 2230 2734 Eliseum
2251 2694 2400 2733 allocu-

1273 2764 1332 2794 tus
1359 2766 1439 2805 est,
1470 2756 1508 2802 4.
1528 2755 1672 2807 Regum
1690 2754 1740 2791 V.
1762 2753 1846 2792 18.;
1877 2783 1903 2801 ,‚
1934 2751 2017 2789 Hoc
2035 2759 2162 2788 autem
2181 2748 2308 2787 solum
2321 2759 2400 2798 est,

1275 2839 1302 2859 „
1331 2810 1378 2848 de
1399 2823 1475 2863 qno
1494 2804 1706 2861 depreceris
1722 2806 1931 2846 Dominum
1955 2818 2022 2857 pro
2042 2816 2148 2842 servo
2167 2811 2253 2840 tuo:
2273 2815 2399 2854 quau-

1275 2892 1302 2911 „
1331 2864 1379 2902 do
1407 2865 1635 2916 ingredietur
1652 2861 1842 2900 Dominus
1862 2872 1968 2898 meus
1987 2857 2176 2910 templum
2200 2854 2399 2904 Remnon,

1274 2944 1301 2966 ,‚
1331 2927 1370 2956 ut
1397 2918 1523 2955 adoret
1541 2946 1551 2964 ,
1582 2915 1615 2951 8<
1643 2915 1715 2954 illo
1731 2915 1912 2953 innitente
1932 2925 2044 2964 snper
2065 2923 2226 2950 manum
2246 2923 2397 2956 meam,

1276 3000 1303 3019 „
1331 2972 1362 3008 si
1392 2971 1600 3009 adoravero
1628 2971 1667 3007 in
1696 2967 1838 3020 templo
1861 2966 2060 3014 Remnon,
2090 2965 2271 3003 adorante
2290 2975 2332 3001 eo
2355 2963 2395 3000 in

1273 3054 1300 3074 „
1328 3025 1463 3063 eodem
1492 3024 1573 3061 loco
1590 3053 1599 3070 ,
1630 3031 1668 3059 ut
1690 3023 1854 3071 ignoscat
1875 3019 1972 3059 mihi
1995 3019 2186 3058 Dominus
2203 3029 2308 3054 servo
2330 3025 2397 3052 tuo

1274 3107 1300 3126 ,‚
1330 3091 1400 3129 pro
1429 3077 1498 3115 hac
1515 3091 1553 3114 re
1582 3079 1635 3113 “.
1666 3074 1815 3114 Eliseus
1835 3083 1965 3112 autem
1978 3072 2168 3124 respoudit
2184 3070 2266 3108 illi:
2294 3067 2396 3107 rade

1274 3136 1316 3170 in
1345 3144 1472 3182 pace.
1502 3131 1590 3178 Quo
1616 3141 1793 3180 responso
1822 3129 2067 3166 manifestum
2089 3135 2166 3172 est,
2195 3122 2395 3169 Emeum,

1274 3186 1333 3223 sin
1363 3186 1491 3223 minus
1520 3183 1766 3231 exercendae,
1809 3181 1941 3220 saltem
1971 3179 2202 3220 simulandae
2235 3175 2396 3217 idolola-

1275 3239 1358 3277 triae
1379 3239 1532 3277 veniam
1562 3236 1762 3275 Naamano
1787 3235 1989 3276 indulsisse
2005 3261 2018 3274 .
2301 3281 2324 3320 5

2250 3296 2297 3321 ιο
2327 3307 2341 3320 .

1279 3363 1450 3412 Cyprian.
1477 3366 1509 3397 ἃ
1535 3376 1576 3398 ex
1604 3364 1880 3402 protestantibus
1904 3362 2076 3410 Josepbns
2107 3356 2321 3405 Binghanuu
2343 3354 2396 3394 0·

1277 3425 1344 3459 rig.
1364 3411 1467 3448 Ecet.
1493 3411 1571 3447 Lib.
1587 3411 1688 3449 XVI»
1712 3423 1787 3458 cap.
1803 3412 1840 3456 4.
