2562 3694
793 163 873 208 DE
907 159 1159 207 AETERN.
1189 156 1338 204 POEN.
1370 154 1475 200 INF
1476 156 1614 200 ERN.

52 250 278 305 ‘Synodica,
305 247 407 301 quod
436 244 579 285 Christi
608 255 776 298 regnum
793 244 964 297 finietur
992 243 1175 292 aliquan-

59 305 137 354 do,
179 305 229 346 <J
257 301 431 341 diabotus
458 302 610 338 cunctis
637 307 891 350 peccatorum
928 295 1102 334 sordibus
1131 296 1175 333 li-

61 358 247 403 heraeus,
267 366 381 405 oequo
395 353 540 392 honore
573 351 846 399 decorabitur,
874 351 924 392 <9-
951 363 1042 387 cum
1065 347 1175 386 Chri-

60 420 123 450 sto
146 407 390 460 subjicietur.
420 407 534 445 Porro
549 406 648 444 Eulo
676 407 734 444 ius
752 404 1088 457 Jerosolymitanus
1108 402 1175 441 ha-

61 463 141 502 hita
167 473 323 499 30010111
343 460 621 513 Episcoporum
649 420 803 512 I{ynodo
832 457 1020 508 respondit
1050 455 1174 493 Theo-

59 513 190 567 philo:
212 543 238 562 ‚,
259 528 298 552 se
318 544 328 561 ‚
358 527 517 567 suosque
547 526 742 564 nunquam
772 512 960 549 audivisse
975 510 1174 557 docentes,

58 596 87 617 „
115 567 216 620 quod
230 567 370 606 Christi
401 580 558 620 regnum
581 565 790 618 aliqnando
818 566 862 603 sit
891 562 1175 602 terminandum

58 649 86 670 „
115 645 187 658 .....
207 619 241 656 8(
270 620 369 673 quod
401 619 587 659 Diabolus
616 621 761 658 cunctis
803 627 1042 669 peccatorum
1075 617 1177 653 vitiis

59 702 86 723 „
114 672 299 712 liberatus
319 703 330 722 ,
372 673 590 726 dignitatem
620 672 813 719 obtineat,
855 684 972 723 quam
1010 668 1143 707 habuit
1165 698 1175 716 ,

58 755 88 776 ‚,
116 735 319 780 antequam
340 727 515 776 caderet,
545 728 596 765 ita
617 735 655 764 ut
676 725 709 762 81
732 727 812 777 ipse
828 755 839 772 ,
869 723 902 759 ἃ
917 723 1089 762 Christus
1104 721 1176 760 sub

57 808 86 829 „
116 793 234 819 unuin
265 781 337 819 Dei
367 779 487 820 Patris
515 780 730 831 redigantur
758 779 964 831 imperinm
982 802 994 815 .
1031 776 1108 824 Qui
1138 790 1176 812 e-

57 861 84 881 „
114 835 197 872 nim
226 835 276 872 ita
304 834 489 883 creduut,
532 834 621 874 ituri
650 840 733 870 sunt
770 833 808 869 in
837 831 1038 878 tenebras,
1086 842 1174 879 quac

59 916 86 934 „
115 897 340 940 praeparatae
371 897 458 926 sunt
485 885 662 934 diabolo,
691 885 725 922 ἃ
745 883 888 936 angelis
917 882 1000 934 ejus
1016 909 1069 930 „.
1100 882 1174 919 Ne—

58 953 136 991 que
165 939 288 979 solum
317 941 365 979 ab
384 939 581 993 Episcopis
610 937 827 976 Palaestina:
849 967 860 986 ,
889 937 950 974 sed
981 937 1095 973 etiam
1126 936 1174 973 ab

55 993 144 1031 aliis
173 1007 245 1032 11011
286 995 405 1033 raucis
423 1024 434 1043 ,
463 995 583 1032 immo
610 991 659 1030 ab
690 993 771 1043 ipso
802 990 994 1029 Anastasio
1010 988 1177 1026 Romano

57 1043 241 1085 Pontifice
269 1009 463 1086 damnatio
490 1046 666 1097 Origenis
707 1053 901 1096 acceptata
924 1073 935 1091 ,
979 1041 1012 1078 &
1042 1042 1178 1080 contir-

55 1109 160 1138 mata
189 1101 287 1138 fuit.
322 1100 382 1138 En
407 1101 531 1151 igitur
558 1096 683 1150 qualis
712 1105 801 1134 esset
831 1096 909 1148 jam
940 1095 1081 1134 saeculo
1111 1095 1178 1133 IV.

57 1151 211 1194 labente
239 1152 311 1192 hac
339 1153 385 1190 de
414 1165 455 1190 re
482 1149 679 1190 Fidelinm
707 1151 879 1188 doctrina
897 1180 908 1199 ,
937 1149 971 1186 ἃ
992 1148 1179 1187 Ecclesiae

54 1205 234 1244 traditio.
275 1231 283 1243 .

110 1271 202 1296 210.
230 1257 444 1296 Solemnior
471 1266 598 1310 postea
614 1257 792 1309 Origenis
820 1257 1050 1310 proscriptio
1080 1256 1178 1295 sacta

53 1320 110 1350 est
136 1312 176 1350 111
195 1311 352 1364 Synodo
380 1311 431 1350 V.
463 1313 702 1350 oecumenica
731 1323 832 1348 anno
864 1310 988 1356 553.;
1032 1312 1071 1348 in
1101 1323 1177 1362 qua

52 1365 171 1403 fuisse
199 1364 444 1416 peculiariter
471 1365 697 1403 damnatum
727 1363 829 1402 hunc
850 1377 1018 1401 errorem
1035 1393 1045 1411 ,
1075 1364 1177 1415 quod

58 1416 254 1455 Omnium
283 1421 493 1468 impiorum
517 1418 722 1456 hominum
744 1447 754 1465 ,
785 1421 1032 1469 ipsorumque
1051 1421 1177 1454 etiam

54 1470 290 1509 ‹laemonum
317 1480 519 1510 tormenta
535 1471 673 1525 finem
703 1469 885 1508 habitura,
913 1474 1016 1508 sint:
1059 1478 1177 1521 atque

57 1527 227 1574 impios,
270 1537 321 1562 ac
351 1524 557 1563 ‹loemones
588 1529 628 1562 in
656 1528 826 1574 priorem
868 1537 983 1562 suum
1026 1533 1177 1561 statum

54 1581 135 1615 sinc
164 1577 421 1627 restituendi,
451 1586 601 1615 testatur
629 1577 867 1629 Nicephorus
896 1576 1043 1615 Callisti
1074 1576 1179 1614 filius

55 1629 148 1668 Lib.
167 1629 295 1668 XVll.
324 1629 431 1668 Hist.
460 1643 546 1682 cap.
570 1629 662 1675 28.;
699 1631 820 1666 imino
849 1629 882 1664 &
911 1629 1103 1679 colligitur
1133 1641 1177 1666 ex

53 1682 142 1721 Vll.
171 1683 329 1735 Synodo
344 1683 428 1722 Act.
447 1682 479 1721 l.
508 1682 637 1721 Etiam
657 1681 888 1719 Justinianus
908 1682 1117 1732 Imperator
1139 1683 1178 1719 in

55 1736 200 1775 celebri
229 1750 297 1775 sua
338 1738 446 1788 epist.
475 1736 523 1774 ad
552 1735 711 1775 Menam
740 1744 931 1786 postremo
959 1732 1179 1772 anathema-

53 1790 169 1828 tismo
197 1790 247 1827 ita
274 1789 433 1828 definit:
455 1818 483 1838 „
503 1789 545 1828 Si
574 1789 661 1842 quis
688 1789 809 1837 dicit,
840 1787 900 1827 vel
921 1789 1056 1835 sentit,
1086 1796 1180 1824 tem-

57 1870 86 1892 „
117 1843 311 1894 porariam
341 1856 419 1881 esse
447 1843 666 1881 daemonum
685 1872 695 1890 ,
725 1841 784 1880 vel
814 1842 1026 1895 impiorum
1057 1839 1180 1878 homi-

57 1924 85 1944 „
115 1909 208 1933 num
231 1897 471 1948 punitionem
489 1925 500 1943 ,
529 1896 726 1948 finemque
741 1895 872 1948 aliquo
893 1904 1062 1946 tempore
1085 1894 1180 1932 hauc

57 1977 85 1996 „
115 1947 334 1987 habituram
354 1979 364 1998 ,
395 1951 579 1987 nimirum
609 1950 880 1988 restitutionem
912 1944 1081 1986 suturam
1102 1947 1181 1984 dae-

57 2030 85 2050 2,
114 2014 302 2050 monum,
344 2002 405 2041 vel
448 2004 657 2056 impiorum
701 2001 935 2050 hominum,
979 2000 1181 2039 anatliema

59 2083 87 2103 ,‚
116 2057 162 2094 sit
183 2058 209 2077 “
227 2081 238 2094 .
282 2055 363 2094 Hoc
391 2064 519 2098 autem
548 2056 755 2095 Justiniaui
791 2055 985 2094 decretum
1015 2055 1129 2092 fuisse
1159 2069 1180 2092 a

57 2106 234 2147 Romano
253 2108 465 2158 Pontifice,
494 2112 707 2162 ceterisque
735 2109 964 2147 Pati-iarchis
993 2106 1181 2159 approba-

57 2168 140 2198 tum
159 2190 172 2208 ,
198 2169 304 2201 testes
331 2171 415 2201 sunt
438 2162 637 2201 Liberatus
666 2163 862 2200 Diaconus
875 2159 1182 2211 Carthaginiensis

57 2213 101 2252 in
129 2213 332 2252 Breviario
359 2226 446 2268 cap.
464 2215 527 2254 25.
545 2245 557 2265 ,
587 2214 622 2252 &
649 2214 890 2253 Cassiodorus
920 2213 1008 2253 Lib.
1030 2214 1059 2252 Ι.
1089 2211 1179 2253 Dis’.

59 2265 234 2306 Institut.
264 2282 351 2321 cap.
387 2281 420 2306 1.

115 2333 206 2359 211.
236 2321 370 2374 Neque
406 2322 530 2360 minus
557 2337 580 2360 a
608 2321 781 2361 Patribus
823 2321 928 2360 illius
959 2322 1078 2360 aetatis
1106 2323 1179 2360 im-

53 2374 123 2425 pia
150 2374 324 2426 origenis
354 2374 508 2413 haeresis
537 2375 717 2428 explosa,
746 2375 1048 2414 &condemnata
1076 2376 1147 2413 fuit
1166 2401 1177 2413 .

57 2426 100 2466 S.
131 2427 374 2480 Epiphanius
402 2428 441 2466 in
470 2430 579 2480 epist.
610 2429 657 2479 agl
683 2430 814 2468 Joann.
844 2427 1103 2472 Jerosolvmit.
1132 2429 1178 2467 de

56 2480 228 2532 Origene
255 2480 433 2535 loquens:
453 2511 479 2530 ‚,
501 2481 601 2520 lllud
631 2496 783 2536 quoque
800 2512 810 2530 ,
839 2485 896 2520 ait
913 2512 923 2530 ,
953 2475 1053 2534 quod
1082 2495 1178 2520 asse-

58 2562 87 2582 „
118 2547 201 2571 rere
216 2535 370 2584 nititur,
401 2534 601 2573 doleamne
619 2566 629 2584 ,
659 2551 707 2574 an
723 2536 866 2574 rideam
885 2565 895 2583 ‚
924 2537 1069 2574 nescio.
1101 2535 1178 2572 Do-

55 2612 84 2634 „
115 2596 194 2625 ctor
222 2589 394 2640 egregius
421 2589 533 2627 audet
561 2589 697 2627 docere
714 2619 723 2637 ,
754 2588 952 2627 diabolum
982 2589 1019 2626 id
1050 2602 1178 2627 rursus

57 2664 86 2686 „
115 2639 290 2680 futurum
319 2654 422 2690 esse,
459 2642 562 2694 quod
591 2643 741 2691 fuerat,
771 2641 805 2678 ἃ
833 2642 881 2680 ad
917 2642 1089 2680 eamdem
1119 2656 1179 2680 re·

57 2718 90 2740 „‡
113 2692 284 2733 diturum
303 2695 522 2746 dignitatem
535 2725 546 2744 ,
567 2694 600 2731 8(
615 2709 909 2735 conscensurum
927 2709 1083 2747 regnum
1100 2709 1178 2734 coe-

57 2773 86 2793 „
116 2743 240 2784 lorum
258 2773 270 2784 .
300 2747 396 2785 Proh
424 2747 554 2787 nefas!
593 2750 690 2797 Quis
720 2759 795 2787 tam
826 2762 980 2796 vecors,
1010 2748 1044 2784 8(
1075 2749 1179 2787 stoli-

57 2826 86 2846 „
115 2798 213 2847 dus,-
243 2803 281 2838 u't
310 2799 381 2838 1100
411 2804 596 2854 recipiat,
625 2803 726 2855 quod
756 2802 795 2841 S.
826 2802 883 2840 J0.
914 2803 1077 2853 Baptista
1099 2832 1109 2851 ‚
1140 2802 1173 2839 &

53 2879 82 2900 ,‚
112 2849 268 2900 Petrus,
296 2853 331 2890 &
359 2853 522 2894 Joannes
552 2856 750 2908 Apostolus
778 2855 812 2892 8<
841 2855 1106 2907 Evangelista,
1137 2856 1174 2892 1-

50 2932 81 2954 „
110 2907 207 2942 saias
234 2918 413 2959 quoque,
442 2908 477 2945 &
505 2909 720 2958 Jeremias,
749 2907 782 2945 ἆ
813 2908 951 2960 reliqui
975 2908 1172 2960 I’rophetae

53 2985 83 3006 ,‚
112 2957 330 2996 cohaeredes
357 2961 432 2998 sint
458 2962 603 3001 diaboli
632 2964 671 3000 in
700 2976 814 3015 regno
842 2961 1032 3001 coelorum
1050 2963 1070 2977 ”
1088 2988 1099 3000 .

111 3023 203 3050 212.
232 3011 274 3050 S.
304 3021 432 3050 autem
459 3013 719 3067 Hieronymus
759 3018 798 3054 iu
826 3016 921 3068 Cap.
955 3016 1024 3054 111.
1065 3016 1171 3054 Jonae

54 3069 253 3116 Unquam
289 3067 444 3104 omnino
483 3066 689 3106 absurdam
718 3068 843 3120 rejicit
871 3070 1174 3121 origenistarum

52 3113 292 3169 doctrinam,
334 3133 411 3173 qua
439 3122 582 3173 posita:
625 3120 726 3172 Quoe
755 3121 977 3171 distantia,
1021 3123 1173 3176 inquit,

110 3249 161 3285 (ο)
190 3247 331 3284 Pacuvio
366 3250 587 3286 consentiunt
613 3251 715 3295 Hugo
739 3250 907 3289 Grotius,
946 3249 981 3281 in
1020 3249 1109 3282 notis
1135 3248 1179 3283 ad

60 3304 139 3338 cap·
160 3293 278 3327 XXV.
295 3298 455 3333 Matthaei
472 3320 483 3338 ,
508 3299 697 3341 Origenem
712 3295 971 3342 quodammodo
984 3307 1153 3329 excusans
1168 3317 1180 3336 ,

58 3337 157 3383 qnod
183 3342 313 3375 simili·
326 3344 412 3386 sere
435 3346 524 3388 apud
547 3344 718 3377 Justi‘num
738 3343 937 3387 Mat-tyren·
957 3363 967 3381 ,
1004 3342 1180 3384 Arnophi-

61 3385 129 3420 lum
147 3387 417 3433 Antiochenam,
440 3390 618 3427 Tatiunam
633 3411 646 3433 ,
661 3389 840 3425 Theobium
850 3411 862 3431 ,
887 3388 1042 3425 tren-cum
1060 3390 1180 3433 legan-

2224 174 2306 215 109

1243 243 1315 277 erit
1343 241 1446 275 inter
1478 235 1704 288 Virginem,
1733 237 2094 287 &prostibulanzP
2115 263 2169 275 ....
2192 236 2357 278 Itlemne

1243 295 1313 330 erit
1333 289 1496 329 Gabriel
1513 320 1523 337 ,
1553 290 1601 330 (9‘
1617 289 1791 328 diabolus
1808 291 1830 327 ‚²
1862 291 1971 329 Item
1991 293 2160 342 Apostoi'i
2178 321 2188 338 ,
2209 293 2259 332 Φ
2273 291 2357 329 dae-

1243 344 1416 384 mones?
1445 342 1557 382 Idem
1574 342 1802 393 Prop'zetoe,
1832 345 1880 383 CO*
1909 343 2291 393 pseudoprophetae?
2321 344 2356 383 I-

1242 399 1332 438 dem
1352 398 1585 449 Mirones,
1605 396 1655 437 <9‘
1675 395 1979 446 persecutores?
2009 396 2248 448 Prosequitur
2271 411 2357 450 por·

1241 466 1283 490 ro
1314 452 1452 490 Doctor
1481 451 1697 496 maximus,
1735 449 1986 500 eamdemque
2014 449 2224 487 doctrinam
2254 460 2360 489 vocat

1241 506 1389 557 migma
1405 516 1644 555 perversum,
1672 503 1721 544 Θ·
1737 518 1814 552 συμ
1835 503 1930 553 opti).
1951 518 2008 548 μοι
2020 504 2358 553 propugnaculum

1242 558 1477 596 diabolicum
1494 585 1505 597 .

1300 613 1388 651 213.
1419 612 1459 650 S.
1478 611 1708 663 Augustinus
1736 610 1774 647 in
1794 609 1883 647 Lib.
1913 607 1977 646 De
2007 605 2213 645 haeresibus
2237 609 2357 653 11.43.

1245 667 1341 704 inter
1371 666 1545 716 origenis
1574 665 1770 715 dogmata,
1801 692 1826 711 ‚,
1846 676 1934 714 quae
1962 659 2157 700 Catholica
2187 660 2357 699 Ecclesia

1246 750 1272 768 „
1302 721 1459 757 omnino
1480 733 1551 756 11011
1581 718 1738 768 recipit,
1769 714 1839 754 hoc
1854 719 1979 754 etiam
2001 722 2178 752 recenset
2203 713 2361 764 Depur-

1245 802 1272 822 „
1301 775 1474 823 gatione,
1505 771 1538 807 ἃ
1568 770 1820 817 liberatione,
1867 783 1911 807 ac
1941 782 2068 806 rursus
2099 776 2178 819 post
2207 765 2362 818 longum

1245 856 1270 874 „
1303 836 1449 877 tempus
1464 826 1511 863 ad
1532 824 1662 863 eadem
1685 823 1786 861 mala
1804 822 2037 860 revolutione
2057 819 2247 859 rationalis
2280 821 2360 857 uni-

1246 908 1271 928 „
1301 893 1419 917 versae
1450 888 1660 916 creaturae.
1690 878 1786 924 Quis
1817 877 1920 914 enim
1950 873 2182 922 catholicus,
2212 871 2362 921 subiit,

1245 962 1271 981 „
1300 932 1559 979 Christianus,
1588 931 1648 969 vel
1679 931 1833 978 doctus,
1877 928 1935 968 vel
1966 928 2160 975 indoctus,
2197 939 2272 964 non
2302 939 2364 964 ve-

1249 1015 1275 1034 „
1306 984 1501 1024 hementer
1531 983 1726 1022 exhorreat
1756 997 1839 1021 eain
1858 1012 1868 1030 ,
1905 995 2022 1034 quain
2051 982 2142 1018 dicit
2201 981 2363 1032 urgatio·

1250 1069 1276 1088 „
1306 1053 1393 1077 nem
1426 1038 1642 1084 malorum,
1672 1037 1710 1075 id
1740 1046 1789 1074 est
1819 1038 1932 1074 etiam
1962 1048 2050 1083 eos,
2080 1035 2147 1086 qui
2173 995 2276 1071 1lin-inc
2306 1034 2364 1071 vi-

1249 1122 1276 1142 „
1305 1102 1380 1131 tam
1412 1094 1450 1131 in
1482 1092 1661 1143 flagitiis,
1706 1089 1739 1125 ἃ
1769 1089 2027 1136 facinoribus,
2065 1086 2098 1123 ἃ
2127 1086 2366 1138 sacrilegiis,

1251 1176 1276 1194 ,‚
1307 1156 1418 1199 atque
1448 1145 1708 1197 impietatibus
1722 1142 1936 1195 quamlibet
1967 1142 2143 1180 maximis
2160 1140 2364 1187 finierunt,

1253 1229 1279 1247 „
1312 1201 1436 1257 ipsum
1467 1201 1581 1237 etiam
1613 1207 1799 1250 postremo
1826 1194 2046 1242 diabolum,
2075 1204 2187 1246 atque
2216 1194 2367 1244 angelos

1251 1282 1277 1301 „
1306 1266 1409 1304 ejus,
1438 1252 1614 1304 quamvis
1644 1259 1723 1302 post
1753 1249 1971 1301 longissima
2000 1258 2196 1298 tempora,
2229 1260 2366 1298 purga-

1246 1335 1273 1355 „
1303 1314 1383 1355 tos,
1414 1316 1527 1358 atque
1555 1304 1732 1342 liberatos
1762 1315 1875 1354 regno
1905 1302 2006 1350 Dei,
2037 1300 2194 1352 lucique
2224 1300 2366 1336 restitui

1246 1389 1272 1408 ,‚
1303 1359 1373 1398 &c0
1394 1358 1446 1397 ”i
1485 1359 1621 1397 Varias
1649 1366 1775 1409 postea
1805 1357 1969 1403 horum,
2011 1367 2107 1406 quos
2135 1353 2366 1391 Misericor-

1246 1412 1314 1450 ‹ies
1332 1443 1342 1460 ,
1372 1413 1420 1454 ὠ
1441 1416 1481 1451 in
1510 1424 1733 1462 perversum
1757 1407 2040 1447 Miscericordes
2061 1406 2254 1459 appellat,
2284 1420 2365 1444 sen-

1245 1467 1379 1505 tentias
1407 1466 1604 1518 distinguit
1633 1466 1670 1502 in
1692 1463 1781 1502 Lib.
1804 1462 1912 1501 XXI.
1943 1461 1990 1500 de
2019 1465 2088 1499 civ.
2106 1460 2182 1498 Dec·
2199 1474 2282 1511 cap.
2306 1472 2367 1509 17.

1246 1520 1278 1556 8<
1309 1534 1386 1572 seq.
1416 1519 1508 1558 Vid.
1539 1533 1622 1570 sup.
1652 1516 1831 1567 n0160.,
1860 1529 2067 1567 omnesque
2097 1528 2138 1551 ex
2170 1516 2287 1552 sacris
2306 1514 2366 1550 lit-

1246 1574 1334 1610 teris
1366 1574 1506 1611 invicte
1536 1570 1701 1615 rei'ellit3
1739 1580 1818 1607 tum
1849 1571 1962 1607 etiam
1992 1581 2036 1605 ex
2067 1568 2263 1606 traditione
2295 1566 2366 1604 Ec-

1246 1625 1401 1671 clesiae3
1433 1655 1458 1672 „
1479 1639 1602 1677 neque
1623 1625 1748 1671 enim,
1778 1625 1828 1660 ait
1858 1636 1944 1672 cap.
1967 1621 2052 1668 25.,
2074 1622 2192 1658 sancti
2215 1650 2229 1666 ,
2257 1619 2288 1654 St
2309 1633 2368 1656 sa-

1305 1681 1378 1716 cris
1408 1678 1628 1724 veteribus,
1666 1690 1712 1713 ac
1741 1676 1848 1712 novis
1878 1674 2013 1712 litteris
2042 1673 2179 1709 eruditi
2210 1673 2370 1709 munsia-

1307 1733 1481 1778 tioneiQ
1512 1729 1554 1772 s&
1584 1730 1689 1780 regni
1719 1726 1906 1765 coelorum
1945 1725 2247 1773 beatitudinem,
2291 1734 2372 1776 post

1250 1813 1276 1833 „
1305 1782 1631 1835 qualiacumque,
1661 1781 1695 1818 8(
1715 1788 2026 1833 quantacumque
2054 1777 2244 1829 supplicia
2274 1792 2371 1829 qna-

1250 1867 1276 1886 „
1308 1837 1605 1888 libuscumque,
1635 1833 1669 1870 81
1698 1834 2018 1886 quantiscumque
2038 1831 2194 1883 Angelis
2224 1832 2371 1869 invide—

1308 1899 1412 1927 runt:
1441 1890 1502 1927 sed
1525 1891 1646 1940 potius
1668 1890 1872 1935 viderunt,
1900 1887 2071 1924 divinam
2094 1886 2275 1930 vacuari,
2306 1884 2367 1922 vel

1308 1943 1498 1980 infirmari
1530 1954 1601 1978 non
1631 1953 1735 1992 posse
1765 1939 1981 1978 sententiam
2000 1968 2010 1986 ,
2040 1951 2158 1989 quam
2179 1937 2369 1975 301301111-

1252 2025 1277 2044 „
1308 2009 1375 2032 nus
1405 1994 1680 2047 praenuntiavit
1711 1995 1748 2030 in
1779 1992 1924 2042 judicio
1953 1990 2220 2043 prolaturum,
2257 1999 2370 2043 atque

1251 2079 1276 2098 „
1306 2049 1526 2096 dicturum,
1557 2045 1758 2085 Discetlite
1786 2046 1910 2086 &c.''
1928 2072 1939 2083 .

1306 2102 1396 2147 214.
1427 2102 1624 2140 Addamus
1654 2099 1687 2136 &
1708 2098 1956 2151 Fulgentium
1975 2129 1985 2147 ,
2015 2099 2082 2151 qui
2112 2098 2150 2135 in
2173 2097 2287 2135 Libro
2305 2096 2371 2136 De

1237 2155 1330 2209 fide
1358 2155 1412 2196 ati
1433 2155 1595 2193 Petrum
1625 2155 1724 2192 inter
1753 2168 1823 2202 ea,
1852 2167 1941 2206 quae
1958 2152 2202 2205 firmissime
2230 2160 2371 2189 tenen-

1250 2210 1304 2248 da
1334 2207 1548 2263 praescribit
1577 2222 1662 2261 cap.
1697 2207 1791 2256 45„
1833 2206 1905 2245 hoc
1934 2208 2050 2245 etiam
2094 2205 2222 2257 ponit,
2264 2205 2368 2257 quod

1251 2294 1276 2313 „
1306 2264 1568 2317 Sempiterna,
1597 2260 1965 2314 atqueinimutabili
1994 2257 2137 2311 prolata
2157 2259 2369 2307 sententia,

1250 2347 1276 2367 „
1308 2319 1432 2369 iniqui
1461 2330 1594 2355 omnes
1614 2314 1721 2355 ibunt
1737 2316 1776 2353 in
1793 2312 2094 2353 combustionem
2125 2320 2302 2349 aeternam
2326 2338 2368 2351 ..-

1247 2401 1273 2421 „
1302 2385 1451 2423 semper
1479 2371 1600 2409 arsuri
1631 2383 1719 2407 cum
1748 2367 1929 2407 diabolo.
1976 2363 2090 2404 Unde
2118 2369 2259 2403 merito
2288 2364 2370 2402 Ec·

1247 2455 1273 2474 „
1301 2425 1424 2462 clesia.
1453 2428 1494 2461 in
1523 2421 1712 2476 Symbolo
1742 2421 1990 2473 Quicumque
2031 2424 2088 2457 ita
2129 2418 2364 2470 profitetur:

1247 2509 1273 2528 „
1303 2478 1350 2516 Et
1379 2479 1446 2529 qui
1475 2478 1576 2516 bona
1605 2485 1785 2530 egerunt,
1814 2475 1927 2514 ibunt
1957 2474 2129 2512 invitam
2161 2482 2366 2516 atterimur,

1247 2573 1256 2581 ,
1301 2533 1369 2583 qui
1400 2543 1489 2569 vero
1517 2530 1620 2570 mala
1641 2561 1652 2579 ,
1696 2531 1736 2568 in
1768 2531 1894 2580 iguem
1931 2537 2115 2565 aeternum
2134 2551 2144 2563 .
2190 2525 2283 2562 Haec
2313 2534 2368 2562 est

1248 2616 1274 2634 „
1303 2586 1398 2623 fides
1426 2583 1640 2633 catholica,
1669 2597 1787 2636 quain
1808 2583 1879 2620 nisi
1902 2582 2061 2633 quisque
2079 2578 2239 2618 fideliter
2256 2607 2267 2625 ,
2297 2577 2367 2615 fir-

1247 2669 1274 2688 „
1303 2640 1492 2690 miterque
1520 2639 1752 2685 crediderit,
1788 2635 1916 2674 salvus
1946 2647 2021 2672 esse
2051 2646 2121 2670 non
2152 2631 2285 2683 poterit
2306 2634 2362 2669 “0

1303 2694 1394 2731 215.
1424 2692 1542 2731 Dion.
1571 2692 1742 2730 Petavius
1771 2689 1859 2728 Lib.
1891 2688 1957 2725 111.
1993 2685 2041 2724 cle
2070 2685 2231 2738 Angelis
2259 2698 2294 2722 0.
2327 2698 2366 2735 7.

1246 2746 1463 2794 contendit,
1491 2747 1538 2784 de
1567 2743 1740 2790 diaboli,
1771 2756 1814 2780 ac
1835 2742 2054 2779 daemonum
2085 2740 2211 2791 poenis
2231 2739 2371 2779 termi-

1245 2801 1402 2845 nandis,
1433 2800 1634 2850 suturaque
1664 2809 1793 2833 eorum
1824 2794 2046 2832 liberatione
2077 2805 2215 2843 pancos
2235 2804 2279 2829 ex
2296 2805 2364 2829 an-

1241 2854 1356 2905 tiquis
1386 2852 1560 2890 Patribus
1588 2862 1750 2888 assensos
1781 2849 1892 2886 fuisse
1923 2847 2101 2896 Origeni5
2131 2846 2176 2883 de
2204 2845 2362 2883 damna-

1241 2907 1283 2943 tis
1313 2919 1401 2944 vero
1421 2904 1638 2943 hominibus
1667 2902 1796 2953 plures
1813 2917 1828 2945 ,-
1859 2900 1890 2934 81
1905 2900 2088 2952 quosdam
2109 2898 2264 2951 quidem
2282 2899 2361 2946 ple-

1240 2963 1351 3007 nius,
1382 2960 1498 2997 levius
1528 2957 1642 3004 alios,
1673 2956 1706 2991 &
1737 2956 1844 3006 quasi
1875 2962 2093 2990 cunctanter
2121 2951 2185 3003 (a.)
2204 2979 2214 2990 .
2245 2952 2358 3001 01111-

1240 3014 1289 3051 011
1318 3022 1444 3050 antem
1473 3016 1600 3061 primo
1614 3009 1844 3059 Gregorium
1873 3006 2118 3059 Nyssenum,
2148 3006 2215 3057 qui
2247 3007 2286 3042 in
2305 3005 2361 3042 0-

1242 3074 1321 3103 rat.
1339 3065 1596 3103 Cateclzetica
1615 3077 1701 3114 cap.
1721 3060 1784 3100 26.
1813 3061 1940 3108 docet,
1972 3059 2128 3098 Domini
2144 3058 2230 3096 Jesu
2248 3057 2360 3095 Chri-

1242 3121 1288 3158 sti
1317 3119 1517 3159 adventum
1548 3130 1622 3156 non
1651 3114 1772 3154 solum
1802 3113 1949 3153 homiui
1979 3113 2164 3166 profuisse
2181 3143 2191 3162 ,
2229 3111 2291 3148 sed
2322 3125 2362 3148 e-

2216 3173 2308 3202 tiam

1248 1707 1275 1726 θ’

1249 1759 1276 1780 2>

1251 1920 1277 1939 27

1251 1973 1276 1991 ³9

1248 3258 1300 3283 tur
1317 3262 1330 3285 ,¹
1355 3250 1387 3280 ec
1405 3247 1553 3280 Hnetins
1569 3267 1579 3285 ,
1604 3245 1663 3290 qui
1683 3242 1718 3276 in
1733 3244 1956 3287 Origenianis
1973 3241 2049 3274 Lib.
2071 3241 2111 3272 lt.
2139 3239 2270 3282 Quaest.
2291 3236 2352 3268 xi.

1247 3308 1281 3328 n.
1311 3294 1364 3327 25.
1391 3292 1595 3337 Origeniani
1620 3292 1747 3324 erroris
1767 3297 1905 3323 accusat
1924 3290 1958 3321 S.
1978 3286 2209 3329 Angustinmn
2226 3284 2353 3330 Niara,

1248 3340 1441 3375 [λι-1101111101
1458 3359 1468 3379 ,
1505 3347 1692 3382 utrumqne
1718 3335 1924 3380 Gregorium
1950 3334 2141 3370 Numana,
2167 3334 2197 3361 ἃς
2223 3329 2364 3372 >fisca

1249 3399 1359 3428 110111,
1386 3389 1417 3420 δε
1442 3384 1630 3420 nonnullos
1654 3382 1847 3419 Monachus
1871 3381 1980 3416 Novae
2008 3379 2128 3412 Lauroe
2149 3397 2158 3406 .
