2562 3694
738 102 1127 153 REFELLITUR
1167 99 1645 150 PROBABILISMUS
1663 138 1674 150 .
2249 110 2303 156 65

101 207 166 249 79.
197 194 266 234 Res
300 220 311 234 .
337 195 466 246 primo
485 188 737 242 retorquendo
766 203 916 240 argum.
947 189 988 227 Si
1022 188 1079 226 lex
1102 188 1171 225 ‹lu-

45 248 114 288 bia
143 262 215 288 non
243 208 411 299 obligat,
441 243 589 282 nullum
621 244 804 281 eritinter
835 243 956 293 legem
987 243 1171 289 dubiam,

47 301 83 338 8<
117 302 251 341 salsam
279 299 514 338 discrimen.
562 296 742 334 Secundo
773 298 850 335 Lex
881 297 1000 334 dubia
1029 297 1173 334 directe

49 355 85 393 St
116 368 183 407 per
209 367 247 392 se
276 364 349 390 non
377 350 522 404 obligat
543 351 766 402 aequaliter,
796 364 839 388 ac
871 359 997 397 certe,
1029 349 1091 387 sed
1115 350 1172 386 in-

50 408 218 454 directe,
248 403 282 441 ἃ
311 406 348 443 νί
376 403 532 443 alterius
552 403 645 456 legis
670 404 827 442 -ressexae
859 403 906 440 de
935 403 1088 441 vitando
1109 417 1172 454 pe-

52 459 176 500 riculo
189 456 381 498 violandae
405 458 498 510 legis
528 456 597 496 ἃς.
616 486 627 505 ,
659 466 696 495 ut
712 472 814 509 saepe
831 457 908 508 jain
939 457 1082 494 dictum
1099 466 1172 494 est.

103 511 170 550 80.
199 510 276 550 Ob.
305 511 478 550 secundo
496 537 506 549 .
537 510 725 549 Nonnulli
747 509 1011 548 l’robabilistae
1044 524 1174 548 receu-

51 565 166 604 tiores
183 565 353 617 primum
385 566 622 618 principium
645 565 831 602 reflexum
862 577 906 601 ex
929 562 1021 614 legis
1051 565 1174 602 incer-

46 618 209 658 titudine
223 617 493 672 depromptum
508 633 546 657 se
574 618 652 656 solo
680 628 778 656 stare
802 632 878 656 non
909 629 1014 668 posse
1043 617 1174 655 viden-

47 679 128 720 tes,
177 670 274 711 illud
303 671 576 711 suffulciuntur
605 671 683 710 alio
720 672 913 724 principio
959 670 1099 708 ressexo
1129 682 1173 707 ex

48 726 266 777 ignorantia
307 725 526 764 invincibili
569 725 753 763 deducto:
801 724 833 760 ἃ
865 726 915 762 ita
944 732 1172 776 opponunt:

49 779 238 826 Quamvis
255 777 315 816 lex
345 778 464 817 dubia
479 781 526 818 sit
555 793 642 818 vere
672 777 733 816 lex
751 808 761 826 ,
792 777 824 813 ἃ
843 779 880 815 in
911 791 949 815 se
978 776 1170 814 sufficieu-

47 839 107 871 ter
128 831 368 886 promulgata
385 862 396 880 ,
427 845 499 871 non
528 841 579 870 est
600 842 726 871 tamen
749 829 982 869 sufficienter
1003 829 1174 881 promul-

48 894 136 938 gata
163 895 336 939 respectu
366 885 476 938 ejus,
504 887 572 938 qui
594 894 672 937 post
701 883 914 922 adhibitam
937 898 1020 921 eam
1043 914 1054 931 ,
1083 896 1174 934 quae

49 952 122 991 par
151 947 229 988 est,
258 937 495 991 diligentiam
523 939 570 976 de
600 939 690 996 legis
711 937 907 975 existentia
936 946 1059 974 certus
1089 937 1174 975 fieri

51 1004 125 1030 non
155 994 304 1046 potuit3
347 992 409 1031 hic
438 992 543 1029 enim
574 991 788 1043 ignorantia
819 989 1038 1028 invincibili
1069 989 1174 1027 labo-

52 1054 136 1092 ταῖς
165 1047 270 1099 atqui
293 1045 506 1098 ignorantia
534 1044 776 1083 invincibilis
796 1058 818 1080 a
849 1052 1003 1095 peccato
1031 1043 1174 1081 forma-

51 1096 81 1137 h·
111 1108 284 1138 excusat:
315 1111 402 1150 ergo
429 1099 498 1151 qui
526 1111 564 1136 se
596 1099 698 1136 uitur
717 1097 937 1149 opinionem
968 1097 1096 1135 minus
1116 1106 1174 1135 tu·

53 1161 133 1190 tam
163 1166 196 1191 ae
228 1166 300 1201 ue,
329 1160 394 1190 aut
423 1152 547 1190 minus
567 1112 825 1190 [i2robabile1n
855 1149 926 1189 &c-

108 1205 174 1244 81.
220 1204 347 1257 *esp.‚
376 1203 649 1244 absurdissime
664 1204 779 1256 fingi,
810 1217 898 1242 eum
916 1235 926 1254 ,
957 1205 1023 1256 qui
1042 1218 1174 1257 aeque,

50 1266 117 1297 aut
145 1258 300 1298 fortasse
327 1259 442 1298 etiam
462 1260 584 1311 magis
612 1257 868 1312 probabiliter
888 1259 1104 1307 existimat,
1135 1273 1176 1297 a-

51 1311 218 1351 ctionem
247 1326 328 1351 esse
358 1313 515 1352 vetitam
533 1341 544 1361 ,
574 1311 608 1348 8:
639 1311 818 1350 illicitam
836 1342 846 1360 ,
895 1310 1019 1363 legem
1050 1313 1173 1350 inviu-

48 1364 220 1404 cibiliter
249 1367 423 1418 ignorare
441 1392 451 1404 .
481 1365 523 1404 Si
554 1379 612 1403 res
641 1367 691 1403 ita
721 1380 757 1404 se
789 1364 970 1412 haberet,
1009 1365 1174 1403 inlidelis

49 1419 117 1471 qui
148 1431 219 1457 non
247 1419 366 1457 credit
407 1419 542 1457 ductus
569 1420 750 1470 opinione
781 1421 906 1456 minus
946 1417 1174 1469 probabili,

0 1468 1 1476 ¹
52 1479 144 1509 esset
172 1487 195 1510 a
223 1471 338 1525 culpa
367 1472 579 1520 immunis,
620 1474 714 1524 quia
743 1482 890 1510 certum
920 1480 972 1510 est
1003 1473 1175 1523 ignorau-

49 1527 145 1562 tiam
176 1525 444 1564 invincibilem
474 1539 654 1564 excusare
685 1526 776 1575 (‹z);
818 1526 925 1577 atqui
956 1534 1081 1562 tamen
1112 1526 1175 1563 de·

49 1576 206 1617 finiente
239 1579 364 1617 lnnoc.
383 1578 451 1617 XI.
481 1577 568 1616 talis
588 1578 752 1616 infidelis
769 1591 843 1620 nou
866 1586 1068 1616 excusatur
1085 1580 1100 1628 (
1119 1579 1174 1615 vi-

47 1631 98 1669 de
124 1645 241 1685 supra
269 1645 376 1670 num.
397 1631 465 1683 47·
495 1631 534 1680 ):
563 1644 651 1683 ergo
678 1631 765 1669 luce
789 1631 1003 1668 meridiana
1031 1630 1174 1669 clarius

49 1693 234 1737 apparet,
264 1697 339 1725 non
367 1698 473 1742 posse
493 1685 707 1737 ignorantia
737 1682 960 1723 invincibili
991 1697 1078 1720 eum
1110 1696 1174 1720 ex-

50 1739 204 1787 cusari,
246 1739 315 1791 qui
342 1740 560 1790 opinionem
591 1740 719 1778 minus
749 1746 868 1778 tutam
898 1736 1142 1790 amplectitur
1163 1766 1174 1785 ,

51 1804 192 1844 aeque,
221 1801 285 1830 aut
312 1793 439 1830 minus
468 1791 712 1845 probabilem
732 1818 743 1830 .

104 1843 174 1884 82.
203 1843 318 1886 Porro
344 1847 383 1884 in
413 1845 485 1884 hoc
514 1845 729 1894 falluntur,
768 1845 800 1883 &
830 1844 971 1884 fallunt
1001 1845 1175 1884 adversa-

49 1898 130 1947 rii,
159 1899 261 1951 quod
289 1899 342 1937 ita
359 1899 617 1940 concludunt:
650 1900 772 1939 Certa
800 1904 944 1939 veritas
965 1903 1176 1952 ignoratur

51 1951 350 2002 invincibiliter,
392 1957 485 2004 quia
512 1957 643 2004 posita,
671 1953 802 1992 debita
832 1953 1040 2005 diligentia
1067 1957 1174 1991 inre-

20 2008 129 2044 ‘m'ri
157 2019 238 2045 non
266 2010 418 2058 pottu't:
447 2020 542 2060 ergo
569 2021 680 2046 error
709 2005 939 2046 indin‘cc'bt'lt's
969 2017 1025 2045 est
1044 2033 1055 2045 .
1098 2005 1175 2044 Sed

52 2057 139 2098 haec
167 2062 437 2114 consequentia
467 2070 518 2101 est
545 2063 700 2100 omnino
743 2060 866 2110 falsa,
913 2062 1008 2113 quia
1037 2073 1174 2112 quam-

52 2127 173 2165 quam
189 2122 290 2152 certa
305 2115 442 2154 veritas
452 2116 615 2154 inveniri
631 2129 706 2155 non
723 2116 846 2167 potuit
857 2144 867 2162 ,
890 2116 1008 2166 potuit
1022 2123 1148 2152 tamen
1164 2143 1175 2161 ,

58 2165 241 2204 &debuit
256 2169 428 2219 cognosci
458 2168 677 2220 periculum
705 2169 868 2215 erroris,
898 2167 932 2202 8<
955 2169 1100 2218 potuit,
1131 2180 1175 2204 ae

55 2219 190 2261 debuit
225 2219 296 2258 hoc
326 2221 542 2272 periculum
585 2221 798 2268 declinari,
846 2221 1037 2271 sequendo
1066 2222 1176 2258 tutio-

52 2285 136 2312 rem
167 2281 342 2325 partem,
379 2274 705 2326 quemadmodum
736 2281 862 2312 monet
892 2273 1024 2325 regula
1054 2272 1179 2324 juris:

57 2324 106 2366 In
136 2325 259 2364 dubit's
277 2327 364 2368 (9¹0.
395 2327 495 2366 Hinc
523 2340 762 2380 quamquam
794 2328 886 2365 vitio
916 2339 987 2365 non
1020 2328 1178 2366 vertitur

54 2380 96 2420 in
126 2380 198 2418 hoc
213 2393 303 2419 casu
333 2381 508 2433 ignorare
524 2383 720 2422 veritatem
738 2410 749 2429 ,
778 2382 870 2433 quia
901 2379 984 2418 haec
1014 2394 1089 2418 non
1112 2394 1178 2434 po-

54 2434 126 2474 tuit
154 2441 259 2473 certo
285 2436 480 2486 cognosci:
529 2448 600 2472 nou
631 2444 756 2473 tamen
788 2443 888 2472 caret
918 2434 1032 2486 culpa
1063 2447 1179 2486 expo-

53 2501 149 2526 nere
176 2501 214 2525 se
243 2487 467 2540 probabili,
513 2497 577 2526 aut
607 2487 859 2541 probabiliori
899 2488 1071 2540 pericu-lo
1102 2490 1180 2526 vio-

54 2539 163 2580 landi
191 2541 344 2593 legem,
373 2541 475 2594 quod
504 2541 689 2581 declinari
712 2550 880 2594 poterat.
909 2542 974 2580 Sic
1003 2543 1181 2593 quamvis

56 2600 210 2635 venator
253 2607 325 2633 non
357 2597 471 2646 possit
497 2597 655 2634 omuino
696 2605 798 2633 certo
834 2608 1086 2646 cognoscere,
1132 2610 1180 2633 an

0 2679 10 2702 n
56 2647 160 2700 quod
203 2648 434 2689 iudumetis
463 2659 664 2698 movetur,
714 2650 795 2687 fera
823 2650 896 2696 sit,
944 2658 1008 2687 aut
1045 2649 1179 2698 homo,

0 2714 13 2748 ,ᾗ
57 2699 184 2739 solum
213 2709 339 2739 tamen
367 2701 438 2740 hoc
466 2703 633 2742 dubium
662 2702 831 2749 suflicit,
871 2711 909 2740 ut
938 2717 960 2740 a
990 2702 1179 2753 trajectio-

0 2763 14 2794 l-
58 2768 109 2793 ne
137 2753 328 2793 abstinere
348 2755 509 2805 debeat,
541 2765 694 2810 propter
715 2751 1181 2809 periculumhomicidii.

0 2809 16 2842 ‘i'
113 2806 180 2847 83.
210 2806 287 2846 Ob.
316 2812 429 2848 tern'o
447 2809 554 2848 aliud
575 2812 810 2863 principium
835 2809 1019 2847 ressexum
1039 2839 1049 2857 ,
1079 2809 1181 2862 qnod

1 2860 16 2886 ¹5
54 2875 103 2900 ex
132 2861 364 2914 possessione
393 2873 526 2902 nostrae
547 2863 732 2903 libertatis
763 2865 967 2914 repetitur,
999 2862 1068 2900 hoc
1101 2875 1180 2900 ino-

0 2908 14 2976 ἑ
56 2914 134 2954 do-
177 2915 242 2954 Est
272 2918 527 2955 communiter
556 2927 707 2970 recepta
738 2916 868 2968 regula
899 2917 995 2967 juris
1025 2916 1181 2955 civilis:

0 3003 19 3022 ι,
62 2967 113 3007 In
139 2973 230 3021 pari
258 2981 387 3007 causa
406 2982 604 3021 possessor
630 2975 755 3021 potior
771 2969 904 3008 haberi
925 2969 1033 3009 debet
1051 3000 1062 3019 ‚
1092 2982 1180 3022 quae

0 3047 25 3070 tu
747 3043 752 3049 “

0 3096 28 3166 ig..
63 3134 92 3155 ‚‚
116 3114 233 3158 sistit,
259 3114 423 3150 videlicet
450 3125 487 3150 ut
515 3129 582 3151 non
610 3117 840 3151 subtrahatur
867 3112 943 3149 fidei
962 3139 973 3157 ‚
999 3116 1091 3162 qnod
1120 3116 1185 3151 snb

0 3179 32 3212 ἵξῃ.
61 3179 90 3200 υ
116 3157 181 3192 fide
204 3170 280 3204 est,
324 3176 388 3198 nee
415 3163 632 3198 attribuatur
659 3163 735 3197 fidei
754 3186 763 3203 ,
805 3162 896 3207 quod
923 3164 988 3196 sub
1026 3163 1089 3196 fide
1118 3176 1185 3197 non

63 3226 92 3247 υ
117 3213 192 3238 est:
222 3218 369 3256 utroque
395 3212 490 3245 enim
516 3210 619 3244 inodo
645 3224 662 3244 a
684 3222 847 3243 mensura
875 3208 950 3242 fidoi
978 3208 1185 3249 exceditur,

0 3278 34 3305 ‚W
66 3273 92 3293 υ
120 3254 152 3284 &
177 3264 196 3285 ἃ
223 3256 435 3298 continentia
462 3259 497 3291 S.
523 3259 741 3303 Scriptura»,
773 3269 850 3302 quae
879 3255 954 3290 fidei
983 3267 1183 3288 mensuram

0 3324 38 3353 0³¹²·
65 3318 93 3341 ‚,
118 3299 310 3343 exprimit,
334 3300 494 3338 deviatur
515 3308 540 3327 “
555 3328 564 3336 .

112 3349 159 3386 (a)
186 3347 280 3379 inter
305 3347 378 3391 Baji
416 3353 582 3396 proposit.
624 3364 643 3384 a
680 3350 851 3394 Gregorio
877 3352 974 3386 Xlll.
1001 3360 1055 3383 an.
1079 3346 1182 3383 1650.

49 3409 56 3436 t
169 3391 408 3446 Gazzaniga
439 3395 571 3441 Theol.
602 3398 715 3438 Tom.
747 3396 835 3439 Vll.

1244 184 1375 236 regula
1405 185 1562 236 probata
1593 188 1705 223 ctiam
1724 193 1776 224 cst
1807 187 1845 225 in
1878 187 1960 238 jure
1979 190 2123 228 Canon.
2155 192 2192 228 in
2215 190 2360 241 Sexto,

1242 238 1275 275 8t
1306 246 1357 275 est
1387 239 1519 290 regula
1539 239 1604 277 65.
1638 238 1684 275 In
1713 245 1801 289 pari
1830 240 1995 290 delicto,
2025 245 2360 295 &causupott'or

1241 299 1300 330 esc
1329 290 1500 329 conditio
1529 291 1763 341 possidentis
1785 319 1795 330 .
1827 294 1883 330 Ex
1915 310 1990 347 quo
2020 295 2102 335 loco
2133 301 2180 337 ita
2210 298 2360 349 colligi-

1241 354 1324 383 tur:
1372 345 1526 383 Certum
1557 354 1635 393 est,
1686 359 1748 384 nos
1779 344 1919 384 habere
1950 348 2159 390 libertatem
2192 353 2359 392 siciendi

1240 411 1353 435 omne
1385 399 1450 446 id,
1479 399 1581 452 quod
1611 398 1719 436 nulla
1751 397 1831 450 lege
1861 397 2114 451 prohibetur:
2162 406 2239 454 jani
2271 421 2362 457 ergo

1240 465 1371 489 sumus
1402 454 1440 492 iu
1471 451 1542 490 hac
1585 461 1718 490 uostrae
1750 451 1934 490 libertatis
1963 464 2065 493 certa
2104 448 2361 508 possessi0ne5

1242 506 1347 556 atqui
1378 504 1448 542 hoc
1480 507 1585 557 ips0,
1615 506 1716 558 quod
1736 506 1823 543 duae
1856 509 2058 545 contrariae
2087 511 2278 561 opiniones
2299 527 2362 550 ve-

1243 572 1284 595 re
1315 558 1530 610 probabiles
1561 561 1633 596 sint
1652 588 1662 607 ,
1693 558 1753 596 lex
1783 559 1901 598 dubia
1933 569 2008 598 est:
2040 576 2126 613 ergo
2158 563 2268 601 homo
2289 579 2362 604 non
2390 565 2397 571 ⁶

1247 620 1363 664 potest
1393 627 1414 650 a
1443 626 1522 650 suas
1552 611 1734 651 libertatis
1757 614 1984 665 possessione
2004 616 2225 663 deturbari3
2256 618 2364 655 adeo-

1244 679 1319 716 que
1349 665 1419 702 διε.

1299 717 1365 763 84.
1398 718 1509 771 Ηεςρ.
1538 724 1687 770 primo.
1735 721 1845 759 Hanc
1875 721 2046 774 regulam
2076 723 2248 763 obtinere
2285 737 2364 763 tan-

1244 779 1325 809 tum
1357 773 1396 810 in
1428 773 1510 810 soro
1539 784 1720 822 externo,
1764 775 1829 812 uhi
1861 778 1984 828 agitur
2012 777 2058 815 dc
2087 778 2231 828 justitia
2260 793 2363 818 coin-

1243 827 1428 864 niutativa
1450 856 1461 873 ,
1493 835 1531 863 ut
1561 829 1592 865 si
1622 828 1698 864 duo
1725 828 1916 881 litigantes
1944 831 1990 867 de
2019 830 2185 883 alicujus
2216 834 2269 871 rei
2300 834 2364 871 do-

1244 879 1366 917 minio
1408 881 1570 918 rationes
1608 882 1787 934 utrinque
1827 883 1995 935 aequales
2037 884 2226 936 allegent,
2276 885 2364 935 ille,

1242 934 1310 983 qui
1327 940 1378 969 est
1395 933 1432 970 in
1463 935 1689 985 possessione
1707 965 1716 982 ,
1748 934 1917 974 melioris
1933 947 1982 975 est
1997 939 2219 978 conditionis
2234 970 2244 988 ,
2274 943 2367 992 quia

1242 987 1424 1037 possessio
1453 989 1790 1039 praesumptionein
1815 989 1975 1041 legitimi
2004 992 2166 1031 dominii
2198 993 2368 1043 inducit,

1242 1040 1333 1087 cui,
1365 1048 1402 1076 ut
1433 1042 1687 1092 supponitur,
1734 1055 1806 1081 non
1837 1046 2114 1083 contrariantur
2143 1057 2367 1098 argumenta

1242 1093 1403 1144 gravia.
1442 1094 1525 1131 Non
1555 1104 1680 1132 autem
1714 1094 1796 1132 hate
1827 1097 1956 1147 regula
1988 1098 2113 1147 valet,
2145 1100 2211 1138 ubi
2242 1102 2367 1152 agitur

1243 1148 1290 1183 de
1321 1145 1508 1186 honestate
1536 1150 1696 1186 actionis
1714 1175 1723 1185 .
1756 1150 1796 1186 ld
1829 1151 1962 1188 fatetur
1984 1150 2024 1190 P.
2048 1153 2261 1192 Honoratus
2294 1154 2371 1192 Fa-

1243 1199 1305 1237 bri
1336 1200 1430 1237 inter
1460 1200 1732 1239 Probabilistas
1762 1215 1837 1240 non
1868 1204 1993 1242 infimi
2037 1208 2226 1255 nominis,
2275 1221 2368 1246 nam

1245 1251 1352 1291 Dial.
1374 1254 1422 1291 ll.
1452 1253 1573 1292 Multi·
1591 1285 1601 1303 ,
1633 1255 1757 1306 inquit
1775 1286 1784 1303 ‚
1816 1259 1917 1308 iique
1935 1262 2162 1309 gravissimi
2182 1269 2369 1298 auctores

1243 1316 1364 1345 extra
1403 1312 1623 1346 materiam
1648 1310 1818 1360 justitiae
1840 1341 1850 1358 ,
1898 1324 1972 1348 nec
2014 1317 2335 1363 praesumptiones
2356 1344 2368 1363 ‚

1243 1373 1318 1398 nec
1338 1365 1596 1408 possessionis
1611 1366 1810 1401 rationem
1831 1363 2062 1403 habendam
2078 1379 2164 1405 esse
2180 1376 2368 1415 censent,

1244 1422 1283 1450 ut
1306 1411 1509 1465 Vasquez,
1541 1416 1704 1453 Azorius
1721 1447 1731 1464 ,
1763 1416 1887 1455 Parez
1904 1448 1913 1466 ,
1944 1418 2125 1470 Styrus,
2156 1421 2258 1458 Sala
2277 1421 2367 1462 &c-

1245 1469 1258 1516 (
1290 1466 1435 1510 Omnes
1466 1469 1524 1506 isti
1552 1478 1639 1507 sunt
1670 1468 1932 1509 l’robabilistae
1965 1472 2012 1519 ).
2046 1472 2184 1525 Reipsa
2213 1476 2252 1512 in
2282 1488 2371 1527 cap.

1244 1519 1495 1573 Significizstc‘
1535 1522 1582 1560 de
1614 1522 1821 1561 homicidio
1864 1525 2074 1574 definitur,
2123 1527 2369 1566 Sacerdotem

1243 1572 1464 1612 habendum
1502 1590 1578 1614 esse
1611 1589 1678 1627 pro
1707 1577 1938 1628 irregulari,
1986 1582 2132 1618 tametsi
2178 1582 2370 1620 incertum

1242 1635 1361 1675 esset,
1404 1641 1451 1666 an
1481 1628 1564 1678 ejus
1593 1631 1672 1666 ictu
1717 1628 1830 1667 homo
1857 1633 2006 1669 occisus
2036 1633 2256 1680 interierit,
2300 1648 2368 1672 nee

1245 1679 1319 1730 ipsi
1350 1682 1388 1718 in
1418 1680 1537 1718 dubio
1566 1681 1769 1733 suffragata
1798 1692 1848 1722 est
1880 1686 2088 1736 possessiO.
2116 1685 2306 1726 Similiter
2327 1688 2370 1727 in

1245 1746 1332 1784 cap.
1361 1731 1564 1772 Dominus
1593 1735 1640 1772 de
1659 1735 1832 1774 secundis
1853 1738 1995 1789 nuptiis
2014 1738 2252 1789 declaratur,
2284 1755 2370 1779 mu-

1243 1785 1381 1824 lierem
1402 1787 1643 1826 dubitantem
1663 1789 1709 1827 de
1727 1791 1864 1841 prioris
1893 1793 2020 1830 mariti
2053 1802 2171 1831 morte
2193 1807 2263 1832 non
2284 1807 2369 1847 pos-

1243 1853 1281 1878 se
1304 1849 1429 1892 petere
1448 1841 1622 1880 debitum
1642 1871 1652 1890 ,
1683 1845 1862 1895 quamvis
1883 1845 1955 1883 sint
1976 1846 2013 1883 in
2039 1849 2268 1898 possessione
2288 1862 2371 1886 ma-

1241 1895 1414 1932 trimonii
1432 1920 1443 1934 .
1475 1895 1660 1943 Accedit,
1690 1898 1792 1948 quod
1809 1912 1932 1949 neque
1950 1913 2018 1950 par
2048 1908 2249 1949 estc-ausa,
2278 1915 2371 1940 cum

1244 1961 1321 1985 una
1349 1960 1396 1985 ex
1426 1949 1618 1986 sententiis
1639 1950 1838 1988 contrariis
1867 1959 1921 1988 est
1953 1953 2091 2000 tutior,
2122 1953 2155 1988 &
2186 1954 2369 2005 probabi-

1243 1999 1344 2047 lior,
1374 1999 1493 2039 altera
1524 2003 1650 2040 minus
1680 2010 1784 2051 tuta,
1816 2005 2017 2058 minusque
2049 2006 2288 2056 probabilis.

1299 2052 1366 2092 85.
1397 2053 1510 2106 Resp.
1541 2053 1714 2094 secundo
1736 2082 1747 2094 .
1778 2055 1877 2095 Dist.
1900 2058 1994 2110 maj.
2025 2059 2222 2099 Habemus
2252 2059 2370 2100 liber-

1244 2115 1359 2146 tatem
1391 2108 1556 2147 faciendi
1585 2121 1698 2147 omne
1729 2109 1794 2158 id,
1825 2112 1926 2163 quod
1957 2121 2103 2150 certum
2132 2122 2214 2163 est,
2262 2115 2370 2154 nulla.

1243 2159 1327 2213 lege
1357 2160 1557 2214 prohiberi
1586 2175 1730 2208 conc.;
1777 2164 1877 2216 quod
1907 2164 2070 2204 dubium
2102 2176 2180 2215 est,
2210 2182 2258 2207 an
2290 2169 2372 2221 lege

1246 2215 1520 2268 prohibeatur,
1550 2229 1680 2269 nego.
1720 2217 1802 2255 Hoc
1831 2218 2069 2271 principium
2099 2221 2372 2274 aequivocatio-

1246 2284 1292 2308 ne
1320 2269 1469 2308 laborat
1486 2296 1496 2308 .
1526 2271 1625 2308 Cum
1647 2272 1749 2309 enim
1770 2274 2058 2311 controvertitur
2076 2303 2086 2322 ,
2116 2274 2228 2313 liceat
2249 2290 2370 2314 necne

1246 2332 1482 2362 contractum
1512 2322 1683 2376 aliquem
1713 2325 1839 2374 inire,
1878 2326 1979 2364 idem
2010 2337 2062 2365 est
2091 2342 2134 2365 ac
2164 2330 2194 2367 si
2224 2339 2372 2367 coutro-

1246 2386 1415 2416 vertatur
1437 2407 1447 2425 ,
1493 2376 1656 2417 habeam
1685 2392 1805 2416 necne
1836 2379 2051 2419 libertatem
2089 2380 2192 2420 hunc
2221 2393 2372 2421 contra-

1247 2440 1350 2469 ctum
1383 2432 1568 2470 ineundi.
1616 2430 1731 2470 Porro
1760 2434 1790 2470 si
1822 2432 1902 2485 lege
1934 2448 2004 2472 nou
2035 2435 2279 2487 prohibetur,
2322 2435 2371 2473 li-

1247 2484 1431 2523 bertatem
1465 2484 1610 2532 habeo,
1640 2487 1671 2524 si
1701 2495 1828 2524 autem
1859 2488 2108 2539 prohibetur,
2153 2489 2369 2526 libertatem

1248 2551 1323 2576 nou
1355 2538 1502 2585 liabe03
1532 2537 1566 2574 δε
1587 2549 1858 2592 consequenter
1885 2542 1915 2578 si
1946 2541 2108 2578 dubium
2139 2543 2206 2587 sit,
2237 2554 2283 2577 an
2315 2541 2369 2577 le-

1248 2606 1293 2643 ge
1322 2592 1594 2644 proliibeatur5
1624 2593 1786 2631 dubium
1817 2603 1868 2631 est
1898 2595 2009 2631 etiam
2028 2623 2038 2640 ,
2075 2608 2124 2630 an
2155 2593 2371 2633 libertatem

1249 2655 1487 2684 contractum
1517 2647 1670 2685 ineundi
1693 2646 1882 2692 habe-auu
1915 2646 2005 2684 fals-'1
2031 2646 2187 2696 proinde
2219 2656 2268 2684 est
2290 2661 2372 2687 cer-

1249 2707 1284 2738 ta
1307 2699 1374 2741 illa
1404 2699 1590 2739 libertatis
1612 2701 1815 2752 possessio,
1845 2713 1961 2751 quain
1978 2700 2183 2736 :utve-mni
2206 2699 2371 2750 jactant·

1303 2752 1370 2792 86.
1401 2755 1492 2792 Inst.
1524 2755 1565 2793 In
1596 2754 1718 2791 Sexto
1760 2754 1806 2790 de
1838 2752 1989 2802 Regalis
2038 2751 2133 2801 juris
2166 2752 2255 2805 Reg.
2279 2754 2369 2793 XV.

1249 2806 1411 2845 dicitur:
1443 2806 1613 2845 Error-es
1633 2814 1721 2843 sum
1738 2804 1961 2855 ampliandi
1979 2834 1988 2852 ,
2019 2806 2067 2845 Θ
2089 2820 2110 2844 ο
2127 2806 2182 2844 lia
2202 2812 2369 2846 restrin-

1248 2860 1413 2911 genilib·
1451 2876 1514 2898 seu
1545 2861 1643 2913 quud
1679 2859 1778 2896 idem
1809 2868 1882 2895 est:
1932 2858 1974 2895 In
2007 2857 2130 2898 dubiis
2160 2860 2370 2900 humanio-

1251 2927 1297 2949 να
1315 2943 1324 2959 ,
1356 2915 1412 2950 vel
1433 2913 1664 2965 benigniora
1683 2911 1939 2963 praeserenla
1961 2921 2049 2949 sunt
2068 2939 2078 2950 .
2109 2914 2198 2952 Lib.
2221 2916 2251 2954 l.
2282 2915 2368 2954 Dc-

1251 2976 1348 3005 crct.
1380 2966 1459 3007 Tit.
1482 2968 1547 3007 56.
1576 2981 1662 3018 cap.
1690 2979 1749 3003 ιι.
1793 2966 1923 3016 Quum
1953 2970 2127 3016 partium
2150 2967 2250 3020 jura.
2279 2978 2370 3007 sunt

2252 3021 2316 3061 ob-

1256 3114 1329 3148 haec
1355 3113 1460 3147 etiam
1487 3113 1680 3160 proscripta
1699 3121 1749 3146 est
1777 3124 1810 3146 n.
1829 3112 1885 3147 68.
1912 3110 2111 3158 Infidelitm
2127 3127 2210 3158 pin-e
2235 3120 2372 3160 negati·

1257 3176 1293 3196 ru
1320 3164 1352 3193 iu
1382 3160 1436 3192 his
1452 3182 1463 3200 ,
1488 3163 1604 3203 quihus
1633 3161 1796 3194 christus
1824 3174 1885 3193 non
1912 3170 1966 3194 est
1989 3164 2223 3205 praedicatus,
2248 3175 2372 3205 pecod-

1255 3217 1319 3243 tnm
1345 3214 1396 3238 est
1414 3221 1425 3243 ;
1451 3209 1482 3238 δι
1500 3207 1542 3239 ab
1560 3206 1759 3240 Alexandro
1779 3206 1872 3240 tht.
1898 3220 1954 3240 an.
1978 3209 2081 3252 1590.
2107 3209 2180 3241 haec
2208 3209 2274 3242 alia
2291 3221 2369 3252 pro-

1253 3253 1379 3299 positio
1403 3251 1566 3285 damnata
1594 3253 1660 3285 l'uit
1687 3266 1719 3285 :1-
1742 3265 1772 3286 2.
1808 3275 1833 3294 „
1860 3254 2017 3287 Tametsi
2044 3254 2147 3288 detur
2172 3255 2369 3298 ignei-imin

1253 3322 1278 3341 ‚,
1307 3299 1520 3332 invincibilis
1544 3299 1636 3344 juris
1654 3310 1786 3332 natura·
1803 3322 1813 3340 ‚
1839 3299 1912 3333 haec
1933 3302 1974 3334 5³
1993 3309 2087 3334 statu
2115 3310 2245 3334 natur-e
2261 3301 2365 3342 lapsae

1252 3369 1278 3388 ‚,
1303 3353 1506 3392 operantem
1531 3358 1572 3381 ex
1601 3346 1675 3392 ipsa
1701 3359 1769 3382 non
1794 3356 1937 3382 excusat
1963 3360 1982 3382 a
2005 3357 2149 3393 peccato
2173 3346 2365 3381 fomur&

1841 3406 1867 3446 9
