2562 3694
756 119 836 165 DE
871 117 1090 164 RELAT.
1121 115 1372 162 OPERUM
1408 116 1471 159 IN
1506 117 1705 162 DEUM.

73 233 101 256 ,‚
129 203 336 258 importat,
365 215 482 256 quam
510 199 730 240 relationem
758 203 885 253 operis
916 201 953 238 in
983 199 1100 238 finem
1131 199 1194 236 ‹le-

73 288 100 308 „
128 260 253 298 bitum
271 288 282 308 ,
326 259 501 307 importat
531 256 634 293 enim
652 285 662 302 ,
710 255 811 308 quod
839 264 944 294 actus
985 267 1030 291 ex
1061 252 1193 290 habitu

76 342 106 362 „
134 312 327 352 charitatis
370 309 570 361 procedat,
613 323 689 361 qua
719 306 831 347 multi
860 314 1028 347 carentes
1049 337 1059 355 ,
1089 316 1194 345 actus

72 395 100 415 „
129 379 212 404 suos
241 367 280 402 in
311 362 439 401 Deum
470 364 638 401 reserum
660 362 704 398 ”z
747 375 834 412 ergo
876 362 1037 399 admittit
1076 361 1191 398 etiam

69 418 293 458 relationem
323 416 494 469 aliquam
525 414 726 454 virtualem
745 444 756 462 ,
793 429 880 467 qnae
911 428 984 452 non
1016 414 1192 466 prot-edat

69 484 115 509 ex
146 479 336 522 precepto
357 500 368 518 ,
399 469 431 506 δι
461 479 545 507 actu
575 468 796 506 charitatis.

132 537 220 562 121.
254 522 363 575 Hesp.
383 553 393 570 ,
424 537 506 571 neg.
532 536 662 567 cons.;
694 521 789 559 nihil
823 523 921 559 enini
944 519 1046 558 aliud
1072 521 1194 559 innuit

69 575 112 617 S.
141 576 309 626 Doctor,
356 577 426 615 nisi
459 586 693 627 praeceptum
734 576 922 612 referendi
966 587 1080 624 opera
1128 588 1194 611 no-

68 637 145 669 stra
175 631 214 668 in
245 630 361 668 finem
407 629 610 677 debitum,
651 629 698 665 de
725 642 803 681 quo
831 628 906 666 late
948 628 1194 666 dissernimus

67 697 180 722 num.
214 683 280 722 82.
322 684 419 721 Cum
450 691 577 720 autem
620 682 775 729 subdit,
825 682 963 719 multos
1007 691 1193 718 carentes

68 736 267 775 charitate
295 735 447 788 referre
475 745 590 774 actus
618 749 708 774 suos·
728 739 767 773 in
789 734 948 783 Deum,
980 734 1192 784 intelligen-

67 792 138 831 dus
167 801 219 828 est
245 791 294 828 de
322 789 505 828 relatione
533 793 831 839 interpretativa
850 820 860 837 ,
890 790 939 829 (9⁰
968 788 1162 838 implicita
1179 817 1190 835 ,

67 858 145 896 qua
176 846 289 882 etium
321 854 560 895 peccatores,
604 843 637 880 ἃ
670 842 841 881 infideles
874 843 1071 880 reserentes
1101 857 1190 892 ope-

65 910 110 937 ra
137 911 205 936 sua
232 897 332 936 bona
362 899 401 936 iu
431 897 549 936 finem
581 897 777 936 hones-tntu
801 927 812 944 ,
843 896 973 935 eadem
995 906 1190 933 censentur

66 951 210 993 referre
239 952 351 988 etiam
370 953 408 989 iu
434 950 557 988 Deum
590 951 758 1003 primum
791 950 988 987 honestatis
1020 949 1159 986 sontem
1179 974 1189 985 .

127 1017 216 1042 ι22.
245 1004 340 1055 Obj.
369 1003 568 1042 secundo.
600 1004 703 1041 htem
734 1004 775 1043 S.
795 1004 934 1041 Doctor-
964 1004 1003 1040 in
1037 1003 1064 1038 1.
1083 1002 1191 1040 Sunt.

66 1057 167 1098 Dist.
189 1059 219 1097 l.
239 1072 306 1111 qu.
324 1057 362 1096 5.
391 1068 461 1096 art.
480 1072 517 1097 2.
538 1056 653 1108 hujus
683 1057 858 1095 virtualis
875 1055 1065 1094 relationis
1089 1070 1193 1093 men·

66 1114 209 1151 tionem
234 1112 351 1159 facit,
380 1112 535 1150 dicens:
557 1141 583 1160 „
604 1110 723 1148 Nullo
742 1120 893 1160 peccato
923 1110 1101 1147 utendum
1119 1119 1192 1157 est,

67 1194 95 1214 „
125 1166 217 1216 quia
248 1173 446 1218 peccatum
484 1177 559 1201 non
588 1172 640 1201 est
669 1177 690 1200 a
720 1163 826 1201 Deo:
869 1177 984 1214 poena
1014 1173 1140 1199 autem
1171 1177 1193 1200 a

63 1247 92 1267 ,‚
122 1218 204 1256 Deo
233 1227 310 1265 est,
353 1216 387 1252 8<
418 1216 503 1254 ideo
529 1231 648 1269 poeua
679 1217 858 1255 utendum
889 1226 939 1254 est
958 1246 968 1263 ‚
1010 1217 1060 1256 <J
1089 1215 1192 1253 orili-

65 1299 92 1320 „
122 1269 264 1309 nanda
285 1268 340 1308 ad
355 1269 491 1322 finem
508 1299 519 1317 ,
548 1270 760 1308 secundum
780 1270 880 1322 quod
900 1279 1093 1321 promovet
1111 1284 1191 1308 me-

63 1353 91 1373 „
123 1326 238 1362 ritum
268 1323 460 1371 hominis,
489 1323 628 1362 ducens
658 1337 745 1361 eum
776 1325 816 1362 in
847 1324 1191 1361 considerationem

63 1407 91 1428 „
121 1391 199 1416 snae
232 1377 489 1426 infirmitatis,
518 1377 729 1415 secunduin
758 1377 859 1429 qnod
890 1386 1025 1429 purgat
1056 1391 1191 1428 pecca-

64 1459 94 1480 „
121 1432 195 1471 ta’'
213 1457 224 1469 .
268 1430 422 1478 Quibus
451 1431 648 1482 postremis
677 1430 804 1469 verbis
845 1431 1005 1469 ostendit
1035 1430 1191 1482 Angeli-

63 1497 160 1533 cns,
207 1498 245 1523 se
273 1497 349 1522 non
379 1482 484 1537 loqui
515 1494 660 1522 tantum
689 1486 736 1522 de
778 1485 853 1522 fine
886 1486 1085 1535 proximo,
1123 1486 1191 1536 qui

61 1549 139 1576 uon
172 1546 366 1589 promovet
406 1538 455 1577 ad
485 1539 686 1586 meritum,
730 1552 800 1576 nec
831 1547 965 1590 purgat
1010 1547 1191 1590 peccata,

57 1591 134 1629 ned·
152 1592 199 1630 de
227 1591 306 1630 fine
337 1591 499 1639 ultimo,
544 1605 682 1643 nempe
711 1592 819 1629 Deo.
862 1592 1011 1629 Deinde
1049 1590 1192 1630 clarius

59 1654 227 1683 mentem
242 1659 351 1683 suam
379 1645 560 1696 aperitin
588 1657 688 1694 resp.
717 1645 764 1681 ad
784 1658 819 1682 2.
837 1645 1035 1696 inquiens:
1068 1644 1191 1683 Crea-

60 1705 190 1746 turoe,
219 1706 416 1750 quantum
444 1705 504 1735 est
532 1700 574 1735 in
602 1709 671 1745 se,
701 1709 782 1734 non
812 1697 1029 1745 impediunt
1058 1711 1131 1735 nos
1161 1712 1189 1736 a

60 1751 342 1802 consequenda
370 1749 641 1790 beatitudine:
682 1749 752 1788 sed
779 1763 833 1788 ex
861 1757 978 1798 parte
1013 1760 1152 1787 nostra
1175 1780 1186 1798 ,

62 1807 303 1855 inquantum
332 1808 389 1844 et's
417 1803 618 1842 abutimur
638 1834 650 1852 ,
680 1808 722 1841 in
751 1807 808 1841 eis
837 1801 1011 1841 sistendo
1033 1833 1043 1851 ,
1087 1807 1187 1841 sicut

59 1861 102 1896 iaz
119 1857 243 1911 fine:
273 1871 348 1898 nou
375 1871 572 1910 possumus
603 1870 690 1909 crgo
719 1858 848 1895 sistere
877 1858 916 1895 in
937 1856 1012 1894 fine
1040 1867 1187 1906 creato,

59 1913 276 1962 eujusmodi
309 1922 359 1950 est
395 1912 569 1960 bonitas,
615 1909 674 1949 vel
706 1909 876 1948 honestas
915 1910 1068 1962 operis.
1111 1910 1188 1947 De-

59 1978 168 2005 mum
199 1966 244 2003 ad
269 1966 326 2004 5.;
348 1995 375 2014 ,‚
394 1965 616 2004 Secundum
631 1963 870 2016 Tlieologum
887 1993 898 2011 ,
927 1966 1072 2012 inquit,
1103 1961 1189 1999 nul-

57 2046 86 2067 „
115 2018 175 2057 lus
203 2028 308 2058 actus
350 2019 558 2072 procedens
584 2033 607 2055 a
636 2016 830 2055 voluntate
871 2015 1108 2053 deliberante
1137 2024 1189 2053 est

58 2099 87 2120 „
116 2072 361 2119 indifferens3
389 2074 482 2124 quia
511 2073 542 2110 si
573 2071 737 2109 refertur
767 2072 804 2110 in
821 2069 949 2107 Deum
973 2099 984 2117 ,
1013 2071 1187 2121 supposi-

59 2153 88 2173 „
117 2133 154 2164 tet
181 2126 304 2178 gratia
332 2127 547 2167 meritorius
576 2132 644 2160 est:
687 2124 718 2160 si
747 2131 875 2160 autem
906 2135 978 2160 non
1008 2132 1061 2160 est
1091 2123 1188 2161 refe-

60 2207 88 2227 „
118 2178 273 2226 ribilis,
304 2186 503 2230 peccatum
532 2185 614 2214 est:
643 2177 673 2214 si
704 2188 793 2214 vero
809 2185 860 2214 est
882 2175 1090 2215 rescribitis
1111 2207 1121 2225 ,
1154 2176 1189 2213 δε

60 2259 90 2280 ,,
118 2244 191 2269 non
222 2231 438 2278 referatur,
469 2243 589 2268 vanus
617 2239 697 2267 est.
729 2229 903 2268 Otiosum
934 2238 1061 2269 autem
1092 2231 1186 2270 inter

55 2314 85 2333 ‚,
115 2294 270 2337 peccata
297 2283 402 2336 apud
437 2282 677 2335 Theologum
707 2292 948 2335 computatur
965 2284 1015 2323 ”.
1053 2284 1186 2336 Itaque

53 2336 96 2376 S.
127 2337 298 2376 Thomas
326 2337 373 2375 ad
401 2346 510 2376 actus
535 2337 744 2375 bonitatem
775 2338 922 2390 exigit,
959 2350 1032 2376 non
1061 2339 1185 2378 solum

55 2400 97 2431 ut
124 2393 173 2431 sit
201 2390 411 2430 rescribitis
430 2392 470 2430 iu
487 2390 615 2428 Deum
633 2420 644 2439 ,
673 2390 736 2428 sed
767 2392 881 2428 etiam
915 2400 954 2429 ut
974 2392 1184 2431 referatur.

66 2475 70 2480 .
115 2445 204 2484 125.
235 2444 370 2498 Resp.,
400 2457 558 2498 scopum
582 2443 755 2496 Angelici
773 2443 1024 2496 Praeceptoris
1053 2446 1092 2483 in
1113 2444 1183 2484 hoc

55 2498 220 2538 articulo
248 2512 326 2538 non
354 2497 478 2537 alium
506 2512 583 2536 esse
601 2527 611 2545 ‚
654 2511 774 2550 quam
804 2499 998 2537 ostendere
1016 2530 1027 2548 ‚
1058 2498 1186 2548 homiff

53 2566 141 2591 uem
170 2552 311 2592 debere
353 2553 536 2592 creaturis
565 2554 646 2600 uti,
692 2564 764 2589 non
795 2551 887 2603 frui
909 2567 923 2596 ,·
968 2550 1034 2590 ille
1078 2554 1182 2590 euim

39 2604 199 2658 fruitur
227 2608 436 2654 creaturis,
466 2607 534 2659 qui
564 2605 682 2644 finem
714 2605 751 2642 in
781 2607 828 2643 iis
856 2607 1079 2652 constituit;
1109 2609 1182 2643 uti-

53 2669 118 2702 mr
145 2670 299 2710 autem,
327 2661 395 2713 qui
426 2660 650 2698 eartundem
682 2672 793 2696 usum
823 2659 952 2711 dirigit
983 2660 1031 2698 ad
1062 2659 1182 2698 finem

55 2712 270 2764 ultimum,
298 2728 439 2767 nempe
459 2713 587 2752 Deum
618 2713 710 2764 (a);
741 2726 784 2750 ex
815 2726 892 2764 qua
920 2713 1094 2752 doctrina
1124 2727 1182 2751 re-

53 2776 115 2806 ete
143 2768 289 2816 infert,
314 2769 448 2807 omnia
468 2776 596 2806 nostra
623 2779 700 2805 esse
731 2767 770 2804 in
787 2765 915 2804 Deum
944 2767 1152 2805 ordinanda
1170 2798 1182 2816 ,

56 2820 160 2872 quod
190 2819 258 2858 itte
284 2822 403 2870 facit,
445 2823 514 2875 qui
543 2820 730 2859 eliciendo
769 2819 910 2858 debitis
951 2820 1186 2871 temporibus

57 2873 258 2913 charitatis
283 2885 435 2924 aetum,
465 2889 526 2924 se,
555 2874 590 2912 8(
618 2888 687 2912 sua
713 2874 842 2912 omnia
873 2874 910 2912 in
928 2873 1055 2912 Deum
1084 2874 1187 2913 ordi-

55 2936 148 2966 nat·
191 2928 249 2966 Ad
277 2927 375 2968 hanc
401 2938 532 2968 autem
560 2928 841 2967 ordinationem
870 2941 944 2966 uon
975 2938 1027 2966 est
1056 2941 1184 2971 neces-

56 2982 157 3019 saria
185 2981 364 3020 virtualis
390 2983 469 3021 alia
495 2982 630 3021 relatio
657 2982 869 3032 explicita.
902 2981 1013 3020 Unde
1036 2981 1183 3020 ibidem

53 3033 269 3088 Angelicus
295 3035 450 3076 subdit.
491 3035 588 3075 Aba
614 3035 718 3089 quod
745 3034 958 3088 quamlibet
985 3039 1184 3089 operatio·

103 3186 162 3222 (⁰.)-
180 3184 216 3219 S-
231 3185 450 3231 Augustinus
475 3186 553 3219 Lib.
568 3186 595 3218 Ῐ.
622 3185 865 3222 DeDocerina
883 3184 1089 3221 Christiana
1104 3197 1180 3231 cap.

61 3229 98 3264 3·
126 3227 234 3273 Frui,
258 3233 373 3278 inquit
389 3257 398 3274 ,
424 3242 478 3266 est
505 3246 616 3268 artiore
641 3237 749 3269 alicui
777 3237 826 3267 rei
853 3232 1018 3267 inhaerere
1042 3242 1182 3276 propter

56 3277 205 3320 seipsam
219 3299 228 3309 .
253 3278 314 3313 Uti
333 3289 460 3320 antem,
487 3281 573 3323 ‹luorl
589 3285 622 3312 in
641 3293 733 3314 usum
751 3282 879 3313 venerit
897 3300 906 3319 ‚
932 3281 978 3312 ad
1004 3282 1042 3313 [τί
1058 3301 1068 3319 ‚
1093 3281 1181 3323 quod

58 3335 178 3363 arrius,
212 3324 425 3360 obtinendum
454 3327 609 3370 referre,·
646 3335 727 3372 post
753 3335 870 3359 autem
895 3324 1074 3366 ostendit,
1109 3326 1181 3359 solo

57 3367 131 3404 Deo
145 3369 334 3416 fruendum
351 3385 446 3416 esse,
472 3375 555 3420 quja
580 3374 677 3409 solus
696 3381 748 3408 est
773 3373 919 3408 ultimus
935 3381 1060 3407 noster
1077 3372 1180 3413 fmis,

2253 124 2332 175 187

1264 210 1358 234 nem
1380 207 1555 247 oportent
1579 210 1736 245 semper*
1756 199 1970 237 actualiter
1985 198 2135 250 referre
2167 203 2204 237 in
2227 198 2356 237 Deum
2371 213 2383 237 .·

1262 250 1332 289 sei!
1373 249 1539 298 suffieit,
1569 261 1609 286 ut
1653 251 1900 290 l1.t[›lltt‹t't[er
1937 267 1976 290 m
2007 252 2096 291 1)ιό
2142 262 2386 291 constitu-int

1252 303 1387 357 finem
1419 318 1503 341 suoe
1533 304 1773 343 voluntatis.
1815 308 1925 351 Quinti
1958 309 2085 358 utique
2117 316 2293 358 praestant
2324 305 2383 357 jn·

1259 361 1333 405 sti,
1382 357 1630 410 adimplentes
1662 371 1899 409 praeceptum
1929 361 2139 399 dilectionis
2170 361 2239 398 Dei
2271 372 2385 413 snper

1258 425 1407 450 omnia.

1322 466 1406 510 124.
1439 464 1572 511 Hanc,
1602 463 1635 502 &
1666 477 1739 503 non
1769 464 1884 502 aliam
1917 481 1993 504 esse
2022 469 2135 505 nostri
2167 467 2205 504 S.
2238 466 2385 504 Praece-

1261 522 1377 570 ptoris
1407 528 1592 565 mentem,
1637 519 1750 555 eti'atn
1783 521 2017 557 ininil'estins
2061 524 2205 557 eruitur
2236 535 2277 558 ex
2312 534 2386 557 res·

1266 574 1445 625 pensione
1475 573 1518 608 nl
1551 581 1726 623 quartam
1755 571 2037 619 objectionem.
2068 574 2150 611 Sibi
2182 576 2285 611 enim
2315 573 2384 610 (tb-

1263 635 1400 675 jecerat
1421 655 1430 671 ,
1463 626 1549 663 inth-
1579 627 1683 677 se11=1i
1702 655 1713 670 ,
1743 624 1895 663 nullutn
1928 639 2006 662 esse
2028 638 2224 675 pecc-‘itum
2257 629 2386 665 venia·

1262 678 1321 715 le:
1348 708 1374 727 „
1395 680 1498 726 Quia
1528 681 1556 716 si
1591 681 1750 716 rel'ertnr
1779 681 1819 717 in
1850 679 2029 716 ultimum
2060 680 2174 716 linctu
2195 709 2205 726 ‚
2235 694 2304 717 non
2337 689 2388 718 est

1319 732 1472 784 aliquod
1505 742 1724 784 peccatum:
1754 734 1781 769 si
1813 741 1938 769 atttein
1970 734 2218 770 constituatur
2247 734 2387 784 aliquis

1318 786 1407 823 finis
1436 785 1533 823 alini
1566 786 1742 833 ultimus,
1790 800 1865 823 non
1895 784 2032 824 relatus
2062 786 2107 824 ad
2148 786 2264 824 finem
2297 786 2386 823 nni-

1318 854 1424 876 munt
1444 870 1454 887 ,
1485 849 1535 877 cst
1568 849 1764 891 peccatum
1798 837 1983 876 mortale.
2017 838 2278 877 [sulcantem
2309 839 2386 890 ‹ltf-

1306 892 1489 946 jicm‘tnte'
1519 897 1574 930 sic
1597 892 1801 942 respondet
1820 906 1832 928 .·
1864 894 2052 938 Quamvis
2075 892 2169 940 ille,
2198 894 2264 945 qui
2298 906 2384 944 pec-

1316 957 1374 983 cat
1407 946 1632 994 venialiter,
1664 961 1733 984 nnn
1765 948 1902 983 referat
1932 956 2015 985 netu
2050 949 2086 984 in
2120 946 2243 983 Deum
2275 959 2386 985 suain

1317 1002 1601 1050 operationem5
1633 999 1887 1037 nihilomiuus
1916 1009 2040 1038 tamen
2065 1000 2188 1037 Deum
2212 998 2387 1038 habitua-

1261 1083 1288 1101 „
1319 1053 1404 1091 liter
1433 1067 1503 1105 pro
1533 1054 1607 1092 fine
1638 1052 1776 1099 liabe13
1810 1055 1909 1090 unde
1931 1068 2006 1091 non
2037 1056 2140 1105 ponit
2170 1061 2386 1092 creaturam

1263 1136 1290 1155 „
1320 1107 1436 1145 finem
1469 1107 1648 1146 ultimum
1668 1137 1677 1155 ,
1709 1121 1798 1145 cuin
1828 1105 1962 1158 diligat
1993 1121 2076 1145 eain
2108 1107 2200 1143 citra
2234 1107 2386 1144 Deum:

1264 1190 1291 1209 „
1322 1162 1383 1200 sed
1415 1174 1458 1199 ex
1492 1160 1559 1200 lioc
1590 1169 1719 1213 peccat
1742 1191 1752 1208 ,
1791 1162 1883 1212 quia
1914 1161 2058 1199 excedit
2091 1162 2126 1196 in
2156 1160 2385 1198 dilectione:

1318 1215 1411 1252 sicut
1445 1213 1536 1262 ille,
1580 1215 1646 1267 qui
1679 1215 1795 1251 nimis
1834 1216 2057 1251 immoratur
2088 1215 2188 1260 vim,
2233 1226 2303 1251 uon
2334 1224 2387 1252 ta·

1263 1297 1289 1316 „
1322 1282 1408 1306 men
1441 1270 1515 1306 exit
1545 1282 1588 1306 ex
1613 1270 1674 1306 via
1695 1268 1738 1306 ''.
1771 1267 1852 1305 Hac
1873 1268 1913 1305 S.
1936 1267 2097 1305 'I'liomae
2113 1268 2283 1304 doctrina
2302 1281 2386 1318 pos·

1259 1331 1341 1359 sunt
1371 1335 1445 1360 non
1473 1321 1596 1360 >olum
1614 1320 1761 1372 objecta
1783 1322 1994 1359 testimonia
2024 1322 2084 1359 sed
2116 1321 2191 1359 alia
2214 1320 2387 1371 ejusdem

1258 1377 1433 1425 generis,
1469 1389 1557 1428 quae
1590 1389 1690 1427 saepe
1718 1384 1924 1413 occurrunt
1946 1405 1956 1422 ‚
1998 1374 2182 1427 explicari
2212 1376 2258 1412 de
2290 1374 2387 1412 rela-

1259 1430 1359 1466 tione
1391 1428 1544 1467 virtuali
1577 1427 1635 1466 vel
1667 1429 1883 1479 explicita,
1914 1430 1972 1466 vol
1997 1430 2187 1478 implicita
2207 1456 2217 1466 .
2250 1427 2383 1479 Expli-

1259 1483 1333 1520 cita
1362 1483 1518 1534 quidem
1539 1482 1606 1520 illa
1623 1492 1698 1530 est,
1735 1496 1823 1534 quae
1855 1482 2007 1520 resultat
2038 1496 2081 1520 ex
2113 1492 2197 1518 actu
2220 1482 2385 1519 charita-

1260 1537 1331 1581 tis3
1363 1536 1395 1571 ὅ(
1425 1538 1469 1574 ad
1501 1551 1584 1574 eam
1616 1546 1818 1583 tenentur,
1848 1537 2161 1588 quotiescumque
2190 1549 2284 1586 opus
2307 1545 2386 1582 cst,

1263 1599 1299 1626 nt
1331 1589 1484 1628 habitus
1513 1589 1706 1628 charitatis
1750 1590 1903 1640 prodeat
1935 1592 1973 1628 in
2003 1599 2128 1627 actum
2153 1615 2162 1625 .
2196 1587 2388 1639 lmplitztta.

1260 1656 1349 1680 vero
1378 1654 1428 1681 est
1462 1646 1498 1682 iu
1532 1645 1576 1682 iis
1605 1643 1813 1695 operibus,
1843 1657 1931 1695 quae
1962 1657 2005 1680 ex
2034 1643 2211 1693 obicem,
2242 1656 2286 1678 ex
2309 1642 2385 1680 {ine

1257 1697 1456 1747 proximo,
1485 1697 1650 1748 aliisque
1679 1698 1972 1734 circumstantiis
2001 1696 2099 1733 bona
2115 1696 2209 1733 finnt
2240 1704 2388 1744 tempo-

1260 1749 1364 1786 ribus
1394 1749 1495 1796 illis,
1529 1751 1564 1786 in
1594 1749 1737 1799 quibus
1768 1757 2005 1800 praeceptum
2036 1747 2229 1785 charitatis
2271 1746 2390 1795 affir-

1257 1804 1449 1838 mativum
1480 1814 1555 1839 non
1583 1800 1728 1852 obligat
1745 1827 1756 1839 .

1318 1856 1406 1892 ι25.
1435 1853 1529 1904 Obj.
1559 1858 1673 1890 tertio
1690 1879 1700 1891 .
1730 1853 1770 1890 S.
1790 1853 1929 1891 Doctor
1950 1854 1988 1890 iu
2010 1852 2078 1890 IV.
2109 1853 2291 1892 Sentent.
2314 1853 2384 1892 Di-

1257 1906 1381 1943 stinet.
1406 1906 1469 1944 31.
1499 1915 1634 1958 quaest.
1659 1918 1694 1943 2.
1725 1915 1796 1944 art.
1820 1919 1856 1943 2.
1889 1907 1933 1944 ad
1971 1919 2030 1953 1.,
2075 1908 2309 1945 matrimonii
2341 1921 2385 1945 u-

1257 1972 1340 1996 sum
1372 1959 1523 1997 licitum
1556 1974 1629 1999 non
1658 1973 1734 1997 esse
1762 1959 1901 2007 docet,
1933 1960 2002 1997 nisi
2025 1961 2182 1998 intentio
2212 1971 2385 2008 natnrae,

1256 2025 1344 2064 quae
1375 2013 1423 2050 ad
1453 2011 1601 2064 prolem
1630 2012 1908 2064 suspiciendam
1939 2013 2142 2064 dirigitur,
2179 2043 2205 2061 ,‚
2230 2013 2384 2051 lietera-

1261 2094 1287 2113 „
1318 2075 1380 2104 tur
1397 2075 1483 2104 actu
1503 2097 1512 2114 ,
1534 2065 1593 2104 vel
1612 2065 1745 2105 habitu
1762 2067 1808 2105 ad
1826 2068 2072 2105 intentionem
2097 2066 2212 2118 prolis
2229 2098 2239 2116 ,
2272 2075 2385 2119 prout

1259 2147 1285 2167 „
1315 2129 1367 2158 est
1396 2120 1542 2159 bonum
1572 2120 1836 2166 Sacramenti3
1883 2120 1978 2159 alias
2019 2129 2179 2159 staretur
2209 2122 2247 2159 in
2276 2135 2383 2158 crea-

1257 2202 1283 2222 „
1314 2182 1427 2222 tura,
1456 2174 1558 2226 quod
1587 2174 1670 2213 sine
1699 2183 1852 2226 peccato
1881 2188 1959 2213 esse
1986 2187 2062 2213 non
2092 2184 2235 2227 potest.
2274 2173 2321 2213 Et
2351 2176 2384 2213 i-

1255 2255 1282 2275 „
1312 2227 1383 2265 deo
1412 2228 1567 2280 quando
1595 2236 1731 2266 natura
1759 2236 1906 2266 tantum
1927 2237 2054 2266 movet
2083 2227 2129 2266 ad
2150 2238 2276 2267 actum
2298 2242 2382 2267 ma-

1256 2309 1282 2328 „
1312 2283 1502 2330 trimonii,
1533 2293 1608 2320 non
1639 2291 1839 2320 excusatur
1866 2297 1890 2320 a
1917 2291 2072 2334 peccato
2101 2284 2278 2331 omnino,
2308 2283 2383 2322 nist

1255 2363 1281 2382 ‚,
1312 2336 1541 2386 inquantum
1574 2343 1698 2373 motus
1727 2345 1876 2374 naturae
1921 2337 2119 2375 ordinatur
2161 2346 2274 2384 actu,
2318 2335 2379 2374 vel

1254 2417 1280 2436 „
1312 2387 1444 2426 habitu
1477 2387 1634 2426 ulterius
1664 2389 1710 2426 ad
1740 2389 1890 2441 prolem
1911 2419 1923 2438 ,
1951 2390 2166 2429 secundum
2196 2390 2297 2441 quod
2328 2398 2383 2427 est

1257 2471 1284 2491 „
1314 2441 1460 2481 bonum
1490 2442 1731 2481 Sacramenti
1754 2443 1775 2459 ''
1793 2470 1804 2481 .

1312 2495 1398 2534 126.
1431 2494 1542 2547 Resp.
1565 2525 1577 2544 ,
1624 2510 1669 2534 ex
1701 2495 1770 2535 hae
1799 2497 1998 2545 doctrina,
2046 2509 2134 2549 quae
2177 2496 2378 2536 verissima

1252 2556 1334 2597 est,
1367 2549 1564 2588 manifeste
1591 2551 1700 2603 sequi
1724 2580 1734 2598 ,
1772 2559 1901 2588 actum
1930 2550 2192 2597 matrimonii,
2225 2558 2262 2588 ut
2291 2549 2379 2588 lici-

1251 2611 1310 2641 tus
1339 2604 1408 2652 sit,
1438 2616 1588 2655 semper
1619 2604 1862 2642 referendum
1893 2618 1971 2643 esse
1999 2603 2047 2642 ad
2068 2603 2214 2642 bonum
2244 2603 2380 2642 matri·

1251 2657 1405 2705 monii,
1436 2666 1474 2694 ut
1504 2667 1555 2695 est
1584 2656 1878 2696 Sacramentum
1896 2687 1908 2705 ‚
1937 2670 2004 2696 seu
2031 2656 2079 2694 ad
2110 2656 2255 2708 prolem
2290 2669 2379 2707 pro·

1249 2711 1455 2750 creandam
1473 2711 1512 2748 in
1533 2710 1607 2749 Dei
1623 2710 1830 2755 honorem
1857 2723 1934 2749 uon
1956 2719 2083 2749 tamen
2111 2711 2245 2761 sequi,
2277 2710 2382 2750 lianc

1254 2763 1478 2803 relationem
1507 2778 1657 2815 semper
1687 2778 1762 2803 esse
1790 2763 1930 2803 debere
1971 2764 2187 2802 virtualiter
2215 2764 2380 2815 explici-

1253 2825 1341 2855 tam
1360 2849 1370 2867 ,
1403 2828 1440 2856 ut
1470 2819 1644 2856 virtualis
1673 2818 1865 2869 implicita
1895 2818 2058 2855 minime
2077 2816 2266 2856 sufficiat.
2296 2817 2381 2855 Imo

1254 2885 1338 2910 eam
1370 2871 1572 2920 sufficere,
1602 2872 1747 2910 indicat
1776 2873 1855 2924 ipse
1882 2871 1923 2910 S.
1956 2871 2099 2909 Doctor
2119 2901 2131 2919 ,
2168 2884 2257 2909 cum
2284 2870 2378 2909 dicit

1251 2934 1398 2964 motum
1429 2934 1578 2964 naturae
1618 2926 1839 2965 ordinatum
1881 2939 1959 2964 esse
1986 2934 2107 2971 actu,
2152 2922 2212 2962 vel
2243 2922 2375 2962 habitu

1251 2978 1296 3016 ad
1329 2981 1577 3018 intentionem
1609 2979 1746 3031 prolis,
1776 2980 1987 3018 secundum
2017 2977 2119 3032 quod
2147 2986 2201 3016 est
2229 2976 2374 3016 bonum

1250 3030 1510 3073 sacramenti.
1540 3032 1591 3072 Et
1610 3034 1655 3072 in
1680 3045 1838 3085 corpore
1856 3031 2013 3074 articuli
2029 3033 2199 3078 dixerat:
2232 3028 2371 3119 ann-

2295 3096 2318 3119 ο

1263 762 1289 780 >2

1261 815 1288 833 >5

1262 869 1288 887 ’7

1261 922 1287 941 2)

1260 974 1287 994 θ’

1262 1029 1288 1048 29

1262 1244 1288 1262 2>

1981 3162 1986 3167 ι
2016 3154 2021 3166 l

1248 3183 1374 3220 ceteris
1401 3190 1519 3218 autem
1543 3181 1648 3217 rebus
1673 3179 1896 3217 solummodo
1918 3183 2071 3216 urendum
2086 3200 2098 3218 2
2134 3176 2216 3221 qnia
2237 3174 2370 3228 debent

1248 3231 1365 3264 omnia
1393 3230 1484 3263 bona
1512 3237 1627 3263 ereata
1654 3227 1696 3262 ad
1722 3238 1898 3262 sntmnum
1923 3229 2141 3262 increatum,
2175 3225 2206 3254 ἀ
2235 3234 2366 3255 incoru-

1250 3277 1420 3310 mutabile
1448 3276 1578 3309 bonum
1604 3277 1726 3308 referri
1743 3298 1751 3306 .
1778 3275 1855 3309 Lib.
1875 3283 1989 3308 antean
2012 3274 2055 3305 X.
2084 3268 2138 3301 De
2158 3267 2251 3302 Trai.
2285 3279 2364 3313 cap.

1254 3335 1308 3366 19.
1336 3323 1414 3356 Non
1440 3330 1520 3363 ese,
1547 3324 1681 3367 inquit:
1708 3323 1780 3355 aliu
1806 3326 1872 3355 vita
1900 3322 2065 3353 hominnm
2091 3318 2242 3356 vitiosa,
2267 3323 2368 3360 atque

1247 3371 1433 3416 culpabilis
1448 3391 1460 3412 ‚
1484 3382 1579 3415 qnam
1602 3370 1689 3407 male
1713 3377 1836 3410 utens,
1861 3372 1903 3401 ὑ*
1926 3366 2015 3400 male
2029 3364 2179 3408 fluens.
