<?xml version="1.0" encoding="UTF-8"?>
<!DOCTYPE html PUBLIC "-//W3C//DTD XHTML 1.0 Transitional//EN"
    "http://www.w3.org/TR/xhtml1/DTD/xhtml1-transitional.dtd">
<html xmlns="http://www.w3.org/1999/xhtml" xml:lang="en" lang="en">
 <head>
  <title>
</title>
<meta http-equiv="Content-Type" content="text/html;charset=utf-8" />
  <meta name='ocr-system' content='tesseract 3.04.00' />
  <meta name='ocr-capabilities' content='ocr_page ocr_carea ocr_par ocr_line ocrx_word'/>
</head>
<body>
  <div class='ocr_page' id='page_1' title='image "./fratrispetrimari06gazzuoft/fratrispetrimari06gazzuoft_0018.png"; bbox 0 0 2570 3745; ppageno 0'>
   <div class='ocr_carea' id='block_1_1' title="bbox 211 145 1848 198">
    <p class='ocr_par' dir='ltr' id='par_1_1' title="bbox 211 145 1848 198">
     <span class='ocr_line' id='line_1_1' title="bbox 211 145 1848 198; baseline 0.004 -7"><span class='ocrx_word' id='word_1_1' title='bbox 211 155 240 197; x_wconf 78' lang='grc'>6</span> <span class='ocrx_word' id='word_1_2' title='bbox 721 149 803 194; x_wconf 84' lang='lat' dir='ltr'>DE</span> <span class='ocrx_word' id='word_1_3' title='bbox 836 145 1073 193; x_wconf 75' lang='lat' dir='ltr'><strong>GRATIA</strong></span> <span class='ocrx_word' id='word_1_4' title='bbox 1104 150 1153 193; x_wconf 88' lang='lat' dir='ltr'>P.</span> <span class='ocrx_word' id='word_1_5' title='bbox 1182 148 1219 194; x_wconf 87' lang='lat'>1.</span> <span class='ocrx_word' id='word_1_6' title='bbox 1250 148 1516 195; x_wconf 80' lang='lat' dir='ltr'>DISSERT.</span> <span class='ocrx_word' id='word_1_7' title='bbox 1541 150 1579 195; x_wconf 84' lang='lat'>1.</span> <span class='ocrx_word' id='word_1_8' title='bbox 1611 151 1738 197; x_wconf 84' lang='lat' dir='ltr'>cAP.</span> <span class='ocrx_word' id='word_1_9' title='bbox 1765 154 1848 198; x_wconf 78' lang='grc' dir='ltr'><strong>ΙΙΙ.</strong></span> 
     </span>
    </p>
   </div>
   <div class='ocr_carea' id='block_1_2' title="bbox 139 225 1262 869">
    <p class='ocr_par' dir='ltr' id='par_1_2' title="bbox 139 225 1262 869">
     <span class='ocr_line' id='line_1_2' title="bbox 147 225 1255 280; baseline -0.001 -11"><span class='ocrx_word' id='word_1_10' title='bbox 147 229 326 269; x_wconf 76' lang='lat' dir='ltr'>haeresim</span> <span class='ocrx_word' id='word_1_11' title='bbox 356 225 585 267; x_wconf 82' lang='lat' dir='ltr'>miserabilis</span> <span class='ocrx_word' id='word_1_12' title='bbox 612 227 771 280; x_wconf 84' lang='lat' dir='ltr'>quidam</span> <span class='ocrx_word' id='word_1_13' title='bbox 799 241 940 277; x_wconf 85' lang='lat' dir='ltr'><strong>senex,</strong></span> <span class='ocrx_word' id='word_1_14' title='bbox 968 229 1112 268; x_wconf 81' lang='lat' dir='ltr'><strong>Seneca</strong></span> <span class='ocrx_word' id='word_1_15' title='bbox 1130 229 1255 268; x_wconf 84' lang='lat' dir='ltr'>nomi·</span> 
     </span>
     <span class='ocr_line' id='line_1_3' title="bbox 146 280 1257 332; baseline 0 -11"><span class='ocrx_word' id='word_1_16' title='bbox 146 298 223 332; x_wconf 84' lang='lat' dir='ltr'>ne,</span> <span class='ocrx_word' id='word_1_17' title='bbox 252 296 333 320; x_wconf 83' lang='lat' dir='ltr'>non</span> <span class='ocrx_word' id='word_1_18' title='bbox 361 280 476 318; x_wconf 81' lang='lat' dir='ltr'>modo</span> <span class='ocrx_word' id='word_1_19' title='bbox 504 285 618 318; x_wconf 83' lang='lat' dir='ltr'>totius</span> <span class='ocrx_word' id='word_1_20' title='bbox 646 281 874 321; x_wconf 82' lang='lat' dir='ltr'>eruditionis</span> <span class='ocrx_word' id='word_1_21' title='bbox 902 283 1058 320; x_wconf 74' lang='lat' dir='ltr'>alienus</span> <span class='ocrx_word' id='word_1_22' title='bbox 1077 311 1090 330; x_wconf 95' lang='lat'>‚</span> <span class='ocrx_word' id='word_1_23' title='bbox 1128 281 1198 321; x_wconf 83' lang='lat' dir='ltr'>sed</span> <span class='ocrx_word' id='word_1_24' title='bbox 1225 285 1257 321; x_wconf 83' lang='lat' dir='ltr'>i·</span> 
     </span>
     <span class='ocr_line' id='line_1_4' title="bbox 147 334 1259 388; baseline 0 -14"><span class='ocrx_word' id='word_1_25' title='bbox 147 341 254 388; x_wconf 80' lang='lat' dir='ltr'>psius</span> <span class='ocrx_word' id='word_1_26' title='bbox 280 347 430 387; x_wconf 74' lang='lat' dir='ltr'>quoque</span> <span class='ocrx_word' id='word_1_27' title='bbox 459 334 728 388; x_wconf 67' lang='lat' dir='ltr'>intelligentia:</span> <span class='ocrx_word' id='word_1_28' title='bbox 756 339 980 374; x_wconf 76' lang='lat' dir='ltr'>communis</span> <span class='ocrx_word' id='word_1_29' title='bbox 1008 347 1166 386; x_wconf 82' lang='lat' dir='ltr'>prorsus</span> <span class='ocrx_word' id='word_1_30' title='bbox 1187 348 1259 374; x_wconf 81' lang='lat' dir='ltr'>ex-</span> 
     </span>
     <span class='ocr_line' id='line_1_5' title="bbox 144 386 1259 441; baseline 0.001 -14"><span class='ocrx_word' id='word_1_31' title='bbox 144 403 236 440; x_wconf 83' lang='lat' dir='ltr'><strong><em>pers</em></strong></span> <span class='ocrx_word' id='word_1_32' title='bbox 277 386 489 438; x_wconf 75' lang='lat' dir='ltr'>(Gelasius</span> <span class='ocrx_word' id='word_1_33' title='bbox 526 389 565 425; x_wconf 85' lang='lat' dir='ltr'>in</span> <span class='ocrx_word' id='word_1_34' title='bbox 594 387 718 441; x_wconf 83' lang='lat' dir='ltr'>Epist.</span> <span class='ocrx_word' id='word_1_35' title='bbox 754 388 809 427; x_wconf 77' lang='lat' dir='ltr'>ad</span> <span class='ocrx_word' id='word_1_36' title='bbox 836 388 974 440; x_wconf 82' lang='lat' dir='ltr'>Episc.</span> <span class='ocrx_word' id='word_1_37' title='bbox 1005 388 1171 438; x_wconf 69' lang='lat' dir='ltr'>Piceni&gt;</span> <span class='ocrx_word' id='word_1_38' title='bbox 1216 390 1259 429; x_wconf 87' lang='lat' dir='ltr'>in</span> 
     </span>
     <span class='ocr_line' id='line_1_6' title="bbox 143 441 1257 490; baseline 0.002 -10"><span class='ocrx_word' id='word_1_39' title='bbox 143 442 280 480; x_wconf 87' lang='lat' dir='ltr'>Piceno</span> <span class='ocrx_word' id='word_1_40' title='bbox 299 449 507 479; x_wconf 81' lang='lat' dir='ltr'>restaurare</span> <span class='ocrx_word' id='word_1_41' title='bbox 527 444 678 481; x_wconf 89' lang='lat' dir='ltr'>tentavit</span> <span class='ocrx_word' id='word_1_42' title='bbox 695 471 706 490; x_wconf 88' lang='lat'>‚</span> <span class='ocrx_word' id='word_1_43' title='bbox 721 443 769 483; x_wconf 54' lang='grc' dir='ltr'>ὅ)</span> <span class='ocrx_word' id='word_1_44' title='bbox 791 442 919 480; x_wconf 74' lang='lat' dir='ltr'>beatae</span> <span class='ocrx_word' id='word_1_45' title='bbox 935 445 1144 480; x_wconf 83' lang='lat' dir='ltr'>memoriae</span> <span class='ocrx_word' id='word_1_46' title='bbox 1158 441 1257 482; x_wconf 86' lang='lat' dir='ltr'>Hie-</span> 
     </span>
     <span class='ocr_line' id='line_1_7' title="bbox 142 494 1257 548; baseline 0.002 -16"><span class='ocrx_word' id='word_1_47' title='bbox 142 507 361 546; x_wconf 77' lang='lat' dir='ltr'>ronymum</span> <span class='ocrx_word' id='word_1_48' title='bbox 378 524 389 543; x_wconf 87' lang='lat'>,</span> <span class='ocrx_word' id='word_1_49' title='bbox 418 494 468 535; x_wconf 69' lang='lat'>(9-</span> <span class='ocrx_word' id='word_1_50' title='bbox 499 495 763 548; x_wconf 77' lang='lat' dir='ltr'>Augustinum</span> <span class='ocrx_word' id='word_1_51' title='bbox 792 495 1170 534; x_wconf 73' lang='lat' dir='ltr'>Ecclesiasticorum</span> <span class='ocrx_word' id='word_1_52' title='bbox 1199 496 1257 534; x_wconf 79' lang='lat' dir='ltr'>lu-</span> 
     </span>
     <span class='ocr_line' id='line_1_8' title="bbox 141 551 1257 602; baseline 0.002 -18"><span class='ocrx_word' id='word_1_53' title='bbox 141 551 257 585; x_wconf 77' lang='lat' dir='ltr'>mina</span> <span class='ocrx_word' id='word_1_54' title='bbox 284 551 571 602; x_wconf 76' lang='lat' dir='ltr'>magistrorum</span> <span class='ocrx_word' id='word_1_55' title='bbox 602 563 743 587; x_wconf 79' lang='lat' dir='ltr'>musca.</span> <span class='ocrx_word' id='word_1_56' title='bbox 772 552 989 598; x_wconf 76' lang='lat' dir='ltr'>moritura,</span> <span class='ocrx_word' id='word_1_57' title='bbox 1031 554 1133 588; x_wconf 75' lang='lat' dir='ltr'>sicut</span> <span class='ocrx_word' id='word_1_58' title='bbox 1160 553 1257 588; x_wconf 82' lang='lat' dir='ltr'>scri-</span> 
     </span>
     <span class='ocr_line' id='line_1_9' title="bbox 141 603 1258 652; baseline 0.004 -14"><span class='ocrx_word' id='word_1_59' title='bbox 141 609 250 651; x_wconf 79' lang='lat' dir='ltr'>ptum</span> <span class='ocrx_word' id='word_1_60' title='bbox 281 609 339 638; x_wconf 77' lang='lat' dir='ltr'>est</span> <span class='ocrx_word' id='word_1_61' title='bbox 359 631 370 650; x_wconf 90' lang='lat'>,</span> <span class='ocrx_word' id='word_1_62' title='bbox 400 605 681 640; x_wconf 66' lang='lat' dir='ltr'>exterminans</span> <span class='ocrx_word' id='word_1_63' title='bbox 708 603 840 640; x_wconf 84' lang='lat' dir='ltr'>oleum</span> <span class='ocrx_word' id='word_1_64' title='bbox 868 606 1105 652; x_wconf 62' lang='lat' dir='ltr'>suavitatis,</span> <span class='ocrx_word' id='word_1_65' title='bbox 1149 603 1258 642; x_wconf 78' lang='lat' dir='ltr'>lace-</span> 
     </span>
     <span class='ocr_line' id='line_1_10' title="bbox 140 654 1262 709; baseline 0.004 -18"><span class='ocrx_word' id='word_1_66' title='bbox 140 667 234 692; x_wconf 83' lang='lat' dir='ltr'>rare</span> <span class='ocrx_word' id='word_1_67' title='bbox 261 654 464 692; x_wconf 70' lang='lat' dir='ltr'>contendit</span> <span class='ocrx_word' id='word_1_68' title='bbox 484 681 495 693; x_wconf 94' lang='lat'>.</span> <span class='ocrx_word' id='word_1_69' title='bbox 538 654 579 694; x_wconf 91' lang='lat' dir='ltr'>S.</span> <span class='ocrx_word' id='word_1_70' title='bbox 608 656 785 695; x_wconf 83' lang='lat' dir='ltr'>Gelasius</span> <span class='ocrx_word' id='word_1_71' title='bbox 813 655 854 694; x_wconf 85' lang='lat' dir='ltr'>l&#39;.</span> <span class='ocrx_word' id='word_1_72' title='bbox 884 656 1115 709; x_wconf 81' lang='lat' dir='ltr'>reprehensa</span> <span class='ocrx_word' id='word_1_73' title='bbox 1155 658 1262 709; x_wconf 81' lang='lat' dir='ltr'>prius</span> 
     </span>
     <span class='ocr_line' id='line_1_11' title="bbox 139 707 1261 762; baseline 0.002 -17"><span class='ocrx_word' id='word_1_74' title='bbox 139 708 309 746; x_wconf 84' lang='lat' dir='ltr'>socordia</span> <span class='ocrx_word' id='word_1_75' title='bbox 330 707 553 746; x_wconf 88' lang='lat' dir='ltr'>Picenorum</span> <span class='ocrx_word' id='word_1_76' title='bbox 573 709 851 762; x_wconf 82' lang='lat' dir='ltr'>Episcoporuin</span> <span class='ocrx_word' id='word_1_77' title='bbox 881 711 921 748; x_wconf 91' lang='lat' dir='ltr'>in</span> <span class='ocrx_word' id='word_1_78' title='bbox 941 710 1026 761; x_wconf 79' lang='lat' dir='ltr'>ejus</span> <span class='ocrx_word' id='word_1_79' title='bbox 1052 710 1261 749; x_wconf 81' lang='lat' dir='ltr'>coercenda</span> 
     </span>
     <span class='ocr_line' id='line_1_12' title="bbox 144 756 1256 814; baseline 0.003 -16"><span class='ocrx_word' id='word_1_80' title='bbox 144 762 353 799; x_wconf 76' lang='lat' dir='ltr'>temeritate</span> <span class='ocrx_word' id='word_1_81' title='bbox 381 761 580 800; x_wconf 84' lang='lat' dir='ltr'>infelicem</span> <span class='ocrx_word' id='word_1_82' title='bbox 607 762 709 801; x_wconf 85' lang='lat' dir='ltr'>huuc</span> <span class='ocrx_word' id='word_1_83' title='bbox 739 756 956 814; x_wconf 69' lang='lat' dir='ltr'>Pelagianae</span> <span class='ocrx_word' id='word_1_84' title='bbox 984 772 1095 805; x_wconf 79' lang='lat' dir='ltr'>sectae</span> <span class='ocrx_word' id='word_1_85' title='bbox 1114 772 1256 803; x_wconf 79' lang='lat' dir='ltr'>restau-</span> 
     </span>
     <span class='ocr_line' id='line_1_13' title="bbox 142 813 930 869; baseline 0.004 -16"><span class='ocrx_word' id='word_1_86' title='bbox 142 822 306 854; x_wconf 80' lang='lat' dir='ltr'>ratorem</span> <span class='ocrx_word' id='word_1_87' title='bbox 335 813 386 854; x_wconf 81' lang='lat' dir='ltr'>ab</span> <span class='ocrx_word' id='word_1_88' title='bbox 413 814 588 854; x_wconf 81' lang='lat' dir='ltr'>Ecclesia</span> <span class='ocrx_word' id='word_1_89' title='bbox 615 817 805 868; x_wconf 74' lang='lat' dir='ltr'>separavit</span> <span class='ocrx_word' id='word_1_90' title='bbox 837 816 900 869; x_wconf 77' lang='lat' dir='ltr'>(a)</span> <span class='ocrx_word' id='word_1_91' title='bbox 917 842 930 856; x_wconf 90' lang='lat'>.</span> 
     </span>
    </p>
   </div>
   <div class='ocr_carea' id='block_1_3' title="bbox 559 921 823 962">
    <p class='ocr_par' dir='ltr' id='par_1_3' title="bbox 559 921 823 962">
     <span class='ocr_line' id='line_1_14' title="bbox 559 921 823 962; baseline 0 -2"><span class='ocrx_word' id='word_1_92' title='bbox 559 921 732 962; x_wconf 82' lang='lat' dir='ltr'><strong>CAPUT</strong></span> <span class='ocrx_word' id='word_1_93' title='bbox 761 921 823 961; x_wconf 90' lang='lat' dir='ltr'>Ill.</span> 
     </span>
    </p>
   </div>
   <div class='ocr_carea' id='block_1_4' title="bbox 246 1025 1158 1123">
    <p class='ocr_par' dir='ltr' id='par_1_4' title="bbox 246 1025 1158 1123">
     <span class='ocr_line' id='line_1_15' title="bbox 246 1025 1158 1082; baseline 0 -15"><span class='ocrx_word' id='word_1_94' title='bbox 246 1025 312 1069; x_wconf 89' lang='lat' dir='ltr'>De</span> <span class='ocrx_word' id='word_1_95' title='bbox 340 1026 574 1082; x_wconf 68' lang='lat' dir='ltr'>Pelagianos</span> <span class='ocrx_word' id='word_1_96' title='bbox 603 1028 763 1066; x_wconf 72' lang='lat' dir='ltr'>haeresis</span> <span class='ocrx_word' id='word_1_97' title='bbox 792 1026 1158 1080; x_wconf 72' lang='lat' dir='ltr'>impugnatoribus,</span> 
     </span>
     <span class='ocr_line' id='line_1_16' title="bbox 471 1081 915 1123; baseline 0.005 -4"><span class='ocrx_word' id='word_1_98' title='bbox 471 1082 522 1123; x_wconf 67' lang='lat'>&lt;9¹</span> <span class='ocrx_word' id='word_1_99' title='bbox 549 1081 883 1120; x_wconf 70' lang='lat' dir='ltr'>condemnatione</span> <span class='ocrx_word' id='word_1_100' title='bbox 903 1106 915 1121; x_wconf 89' lang='lat'>.</span> 
     </span>
    </p>
   </div>
   <div class='ocr_carea' id='block_1_5' title="bbox 129 1160 1254 1655">
    <p class='ocr_par' dir='ltr' id='par_1_5' title="bbox 129 1160 1254 1655">
     <span class='ocr_line' id='line_1_17' title="bbox 189 1160 1251 1243; baseline 0.002 -19"><span class='ocrx_word' id='word_1_101' title='bbox 189 1160 378 1243; x_wconf 78' lang='lat' dir='ltr'>25.Qui</span> <span class='ocrx_word' id='word_1_102' title='bbox 408 1195 538 1227; x_wconf 87' lang='lat' dir='ltr'>contra</span> <span class='ocrx_word' id='word_1_103' title='bbox 565 1187 817 1236; x_wconf 78' lang='lat' dir='ltr'>coelestium,</span> <span class='ocrx_word' id='word_1_104' title='bbox 860 1200 956 1227; x_wconf 84' lang='lat' dir='ltr'>nova</span> <span class='ocrx_word' id='word_1_105' title='bbox 996 1187 1173 1240; x_wconf 79' lang='lat' dir='ltr'><strong>dogmata</strong></span> <span class='ocrx_word' id='word_1_106' title='bbox 1210 1187 1251 1226; x_wconf 86' lang='lat' dir='ltr'>in</span> 
     </span>
     <span class='ocr_line' id='line_1_18' title="bbox 134 1238 1253 1292; baseline 0.003 -15"><span class='ocrx_word' id='word_1_107' title='bbox 134 1238 268 1278; x_wconf 81' lang='lat' dir='ltr'>Africa</span> <span class='ocrx_word' id='word_1_108' title='bbox 295 1250 532 1292; x_wconf 78' lang='lat' dir='ltr'>spargentem</span> <span class='ocrx_word' id='word_1_109' title='bbox 551 1271 561 1289; x_wconf 96' lang='lat'>,</span> <span class='ocrx_word' id='word_1_110' title='bbox 592 1241 710 1280; x_wconf 82' lang='lat' dir='ltr'>veluti</span> <span class='ocrx_word' id='word_1_111' title='bbox 739 1241 942 1280; x_wconf 83' lang='lat' dir='ltr'>classicum</span> <span class='ocrx_word' id='word_1_112' title='bbox 959 1242 1122 1280; x_wconf 85' lang='lat' dir='ltr'>insonuit</span> <span class='ocrx_word' id='word_1_113' title='bbox 1139 1272 1149 1291; x_wconf 81' lang='lat'>,</span> <span class='ocrx_word' id='word_1_114' title='bbox 1179 1242 1253 1280; x_wconf 79' lang='lat' dir='ltr'>fuit</span> 
     </span>
     <span class='ocr_line' id='line_1_19' title="bbox 134 1291 1253 1341; baseline 0.004 -12"><span class='ocrx_word' id='word_1_115' title='bbox 134 1291 339 1341; x_wconf 76' lang='lat' dir='ltr'>Paulinus,</span> <span class='ocrx_word' id='word_1_116' title='bbox 361 1294 553 1333; x_wconf 86' lang='lat' dir='ltr'>Diaconus</span> <span class='ocrx_word' id='word_1_117' title='bbox 573 1294 614 1333; x_wconf 88' lang='lat' dir='ltr'>S.</span> <span class='ocrx_word' id='word_1_118' title='bbox 637 1295 858 1334; x_wconf 83' lang='lat' dir='ltr'>Ambrosii.</span> <span class='ocrx_word' id='word_1_119' title='bbox 888 1294 991 1334; x_wconf 90' lang='lat' dir='ltr'>Eum</span> <span class='ocrx_word' id='word_1_120' title='bbox 1013 1297 1151 1334; x_wconf 82' lang='lat' dir='ltr'>imitati</span> <span class='ocrx_word' id='word_1_121' title='bbox 1166 1303 1253 1334; x_wconf 85' lang='lat' dir='ltr'>sunt</span> 
     </span>
     <span class='ocr_line' id='line_1_20' title="bbox 134 1344 1252 1400; baseline 0.004 -18"><span class='ocrx_word' id='word_1_122' title='bbox 134 1344 233 1394; x_wconf 85' lang='lat' dir='ltr'>alii,</span> <span class='ocrx_word' id='word_1_123' title='bbox 263 1345 296 1382; x_wconf 78' lang='grc' dir='ltr'><strong>ἆ</strong></span> <span class='ocrx_word' id='word_1_124' title='bbox 329 1349 522 1399; x_wconf 66' lang='lat' dir='ltr'>praecipue</span> <span class='ocrx_word' id='word_1_125' title='bbox 550 1348 704 1386; x_wconf 75' lang='lat' dir='ltr'>Orosius</span> <span class='ocrx_word' id='word_1_126' title='bbox 722 1378 733 1397; x_wconf 82' lang='lat'>,</span> <span class='ocrx_word' id='word_1_127' title='bbox 763 1348 796 1387; x_wconf 72' lang='grc' dir='ltr'>ἃ</span> <span class='ocrx_word' id='word_1_128' title='bbox 825 1348 901 1386; x_wconf 80' lang='lat' dir='ltr'>duo</span> <span class='ocrx_word' id='word_1_129' title='bbox 920 1348 1104 1400; x_wconf 84' lang='lat' dir='ltr'>Episcopi</span> <span class='ocrx_word' id='word_1_130' title='bbox 1125 1348 1252 1387; x_wconf 85' lang='lat' dir='ltr'>Galli·</span> 
     </span>
     <span class='ocr_line' id='line_1_21' title="bbox 134 1399 1254 1454; baseline 0.004 -18"><span class='ocrx_word' id='word_1_131' title='bbox 134 1400 220 1436; x_wconf 80' lang='lat' dir='ltr'>cani</span> <span class='ocrx_word' id='word_1_132' title='bbox 252 1399 397 1448; x_wconf 84' lang='lat' dir='ltr'>Heros,</span> <span class='ocrx_word' id='word_1_133' title='bbox 435 1399 469 1436; x_wconf 75' lang='grc' dir='ltr'>ἃ</span> <span class='ocrx_word' id='word_1_134' title='bbox 499 1401 660 1439; x_wconf 55' lang='lat' dir='ltr'>Lazarus</span> <span class='ocrx_word' id='word_1_135' title='bbox 681 1432 692 1450; x_wconf 91' lang='lat'>,</span> <span class='ocrx_word' id='word_1_136' title='bbox 736 1402 775 1439; x_wconf 87' lang='lat' dir='ltr'>in</span> <span class='ocrx_word' id='word_1_137' title='bbox 804 1401 1005 1440; x_wconf 70' lang='lat' dir='ltr'>Palaestina</span> <span class='ocrx_word' id='word_1_138' title='bbox 1034 1401 1186 1454; x_wconf 75' lang='lat' dir='ltr'>Pelagio</span> <span class='ocrx_word' id='word_1_139' title='bbox 1214 1416 1254 1440; x_wconf 82' lang='lat' dir='ltr'>se</span> 
     </span>
     <span class='ocr_line' id='line_1_22' title="bbox 132 1455 1251 1505; baseline 0.003 -17"><span class='ocrx_word' id='word_1_140' title='bbox 132 1464 170 1488; x_wconf 85' lang='lat' dir='ltr'>se</span> <span class='ocrx_word' id='word_1_141' title='bbox 199 1463 427 1504; x_wconf 77' lang='lat' dir='ltr'>opponentes</span> <span class='ocrx_word' id='word_1_142' title='bbox 449 1480 459 1492; x_wconf 89' lang='lat'>.</span> <span class='ocrx_word' id='word_1_143' title='bbox 489 1455 622 1505; x_wconf 80' lang='lat' dir='ltr'>Neque</span> <span class='ocrx_word' id='word_1_144' title='bbox 652 1455 1000 1505; x_wconf 76' lang='lat' dir='ltr'>praetermittendus</span> <span class='ocrx_word' id='word_1_145' title='bbox 1022 1463 1073 1491; x_wconf 88' lang='lat' dir='ltr'>est</span> <span class='ocrx_word' id='word_1_146' title='bbox 1092 1456 1132 1492; x_wconf 90' lang='lat' dir='ltr'>S.</span> <span class='ocrx_word' id='word_1_147' title='bbox 1152 1456 1251 1492; x_wconf 85' lang='lat' dir='ltr'>Ger-</span> 
     </span>
     <span class='ocr_line' id='line_1_23' title="bbox 132 1506 1248 1558; baseline 0.003 -18"><span class='ocrx_word' id='word_1_148' title='bbox 132 1517 266 1541; x_wconf 81' lang='lat' dir='ltr'>manus</span> <span class='ocrx_word' id='word_1_149' title='bbox 290 1506 620 1544; x_wconf 75' lang='lat' dir='ltr'>Autissiodorensis</span> <span class='ocrx_word' id='word_1_150' title='bbox 637 1507 868 1558; x_wconf 80' lang='lat' dir='ltr'>Episcopus,</span> <span class='ocrx_word' id='word_1_151' title='bbox 897 1509 965 1558; x_wconf 86' lang='lat' dir='ltr'>qui</span> <span class='ocrx_word' id='word_1_152' title='bbox 987 1508 1114 1556; x_wconf 88' lang='lat' dir='ltr'>primo</span> <span class='ocrx_word' id='word_1_153' title='bbox 1133 1506 1248 1544; x_wconf 87' lang='lat' dir='ltr'>simul</span> 
     </span>
     <span class='ocr_line' id='line_1_24' title="bbox 129 1558 1248 1610; baseline 0.004 -17"><span class='ocrx_word' id='word_1_154' title='bbox 129 1569 219 1594; x_wconf 90' lang='lat' dir='ltr'>cum</span> <span class='ocrx_word' id='word_1_155' title='bbox 249 1558 288 1595; x_wconf 90' lang='lat' dir='ltr'>S.</span> <span class='ocrx_word' id='word_1_156' title='bbox 320 1559 429 1609; x_wconf 87' lang='lat' dir='ltr'>Lupo</span> <span class='ocrx_word' id='word_1_157' title='bbox 459 1559 639 1597; x_wconf 78' lang='lat' dir='ltr'>Trecensi</span> <span class='ocrx_word' id='word_1_158' title='bbox 670 1559 859 1610; x_wconf 85' lang='lat' dir='ltr'>Episcopo</span> <span class='ocrx_word' id='word_1_159' title='bbox 891 1561 972 1608; x_wconf 83' lang='lat' dir='ltr'>(an.</span> <span class='ocrx_word' id='word_1_160' title='bbox 994 1559 1107 1610; x_wconf 73' lang='lat'>429.)</span> <span class='ocrx_word' id='word_1_161' title='bbox 1152 1559 1186 1594; x_wconf 75' lang='lat'>8&lt;</span> <span class='ocrx_word' id='word_1_162' title='bbox 1216 1562 1248 1598; x_wconf 88' lang='lat' dir='ltr'>i-</span> 
     </span>
     <span class='ocr_line' id='line_1_25' title="bbox 129 1610 1243 1655; baseline 0.004 -8"><span class='ocrx_word' id='word_1_163' title='bbox 129 1618 252 1648; x_wconf 81' lang='lat' dir='ltr'>terum</span> <span class='ocrx_word' id='word_1_164' title='bbox 267 1623 356 1648; x_wconf 87' lang='lat' dir='ltr'>cum</span> <span class='ocrx_word' id='word_1_165' title='bbox 377 1610 418 1651; x_wconf 86' lang='lat' dir='ltr'>S.</span> <span class='ocrx_word' id='word_1_166' title='bbox 439 1610 577 1652; x_wconf 81' lang='lat' dir='ltr'>Severo</span> <span class='ocrx_word' id='word_1_167' title='bbox 596 1611 819 1655; x_wconf 84' lang='lat' dir='ltr'>Trevirensi</span> <span class='ocrx_word' id='word_1_168' title='bbox 839 1613 880 1652; x_wconf 83' lang='lat' dir='ltr'>in</span> <span class='ocrx_word' id='word_1_169' title='bbox 894 1611 1131 1652; x_wconf 69' lang='lat' dir='ltr'>Britanniam</span> <span class='ocrx_word' id='word_1_170' title='bbox 1151 1613 1243 1652; x_wconf 82' lang='lat' dir='ltr'>mis-</span> 
     </span>
    </p>
   </div>
   <div class='ocr_carea' id='block_1_6' title="bbox 121 1761 1244 2778">
    <p class='ocr_par' dir='ltr' id='par_1_6' title="bbox 121 1761 1244 2267">
     <span class='ocr_line' id='line_1_26' title="bbox 130 1761 1243 1808; baseline 0.004 -14"><span class='ocrx_word' id='word_1_171' title='bbox 130 1761 209 1795; x_wconf 87' lang='lat' dir='ltr'>Lih.</span> <span class='ocrx_word' id='word_1_172' title='bbox 236 1761 262 1793; x_wconf 89' lang='lat' dir='ltr'>l.</span> <span class='ocrx_word' id='word_1_173' title='bbox 287 1761 343 1795; x_wconf 84' lang='lat' dir='ltr'>De</span> <span class='ocrx_word' id='word_1_174' title='bbox 370 1762 488 1796; x_wconf 75' lang='lat' dir='ltr'>haeres.</span> <span class='ocrx_word' id='word_1_175' title='bbox 515 1762 633 1807; x_wconf 78' lang='lat' dir='ltr'>Pelag.</span> <span class='ocrx_word' id='word_1_176' title='bbox 659 1772 736 1807; x_wconf 85' lang='lat' dir='ltr'>pag.</span> <span class='ocrx_word' id='word_1_177' title='bbox 756 1772 792 1806; x_wconf 83' lang='lat'>9.</span> <span class='ocrx_word' id='word_1_178' title='bbox 824 1763 1012 1808; x_wconf 74' lang='lat' dir='ltr'>opinatur,</span> <span class='ocrx_word' id='word_1_179' title='bbox 1037 1763 1103 1798; x_wconf 81' lang='lat' dir='ltr'>hoc</span> <span class='ocrx_word' id='word_1_180' title='bbox 1129 1765 1243 1799; x_wconf 86' lang='lat' dir='ltr'>nomi-</span> 
     </span>
     <span class='ocr_line' id='line_1_27' title="bbox 128 1809 1242 1854; baseline 0.004 -14"><span class='ocrx_word' id='word_1_181' title='bbox 128 1819 171 1841; x_wconf 85' lang='lat' dir='ltr'>ne</span> <span class='ocrx_word' id='word_1_182' title='bbox 197 1820 215 1840; x_wconf 83' lang='lat' dir='ltr'>a</span> <span class='ocrx_word' id='word_1_183' title='bbox 242 1809 275 1840; x_wconf 87' lang='lat' dir='ltr'>S·</span> <span class='ocrx_word' id='word_1_184' title='bbox 296 1809 512 1853; x_wconf 75' lang='lat' dir='ltr'>Hieronymo</span> <span class='ocrx_word' id='word_1_185' title='bbox 528 1809 703 1854; x_wconf 78' lang='lat' dir='ltr'>designari</span> <span class='ocrx_word' id='word_1_186' title='bbox 719 1810 894 1853; x_wconf 85' lang='lat' dir='ltr'>Pelagium</span> <span class='ocrx_word' id='word_1_187' title='bbox 921 1810 1055 1854; x_wconf 88' lang='lat' dir='ltr'>ipsum.</span> <span class='ocrx_word' id='word_1_188' title='bbox 1082 1812 1242 1845; x_wconf 86' lang='lat' dir='ltr'>Norisius</span> 
     </span>
     <span class='ocr_line' id='line_1_28' title="bbox 128 1852 1244 1902; baseline 0.005 -16"><span class='ocrx_word' id='word_1_189' title='bbox 128 1852 277 1897; x_wconf 74' lang='lat' dir='ltr'>denique</span> <span class='ocrx_word' id='word_1_190' title='bbox 303 1855 400 1888; x_wconf 78' lang='lat' dir='ltr'>Hist.</span> <span class='ocrx_word' id='word_1_191' title='bbox 419 1855 539 1900; x_wconf 80' lang='lat' dir='ltr'>Pelag.</span> <span class='ocrx_word' id='word_1_192' title='bbox 568 1857 645 1889; x_wconf 87' lang='lat' dir='ltr'>Lib.</span> <span class='ocrx_word' id='word_1_193' title='bbox 668 1857 693 1888; x_wconf 82' lang='lat'>1.</span> <span class='ocrx_word' id='word_1_194' title='bbox 722 1867 795 1901; x_wconf 84' lang='lat' dir='ltr'>cap.</span> <span class='ocrx_word' id='word_1_195' title='bbox 816 1867 868 1900; x_wconf 79' lang='lat'>¹9·</span> <span class='ocrx_word' id='word_1_196' title='bbox 894 1856 1044 1902; x_wconf 73' lang='lat' dir='ltr'>probat,</span> <span class='ocrx_word' id='word_1_197' title='bbox 1068 1857 1162 1892; x_wconf 87' lang='lat' dir='ltr'>hunc</span> <span class='ocrx_word' id='word_1_198' title='bbox 1182 1858 1244 1892; x_wconf 77' lang='lat' dir='ltr'>lio-</span> 
     </span>
     <span class='ocr_line' id='line_1_29' title="bbox 128 1901 1244 1948; baseline 0.004 -15"><span class='ocrx_word' id='word_1_199' title='bbox 128 1901 259 1933; x_wconf 81' lang='lat' dir='ltr'>1ninem</span> <span class='ocrx_word' id='word_1_200' title='bbox 287 1901 391 1934; x_wconf 84' lang='lat' dir='ltr'>fuisse</span> <span class='ocrx_word' id='word_1_201' title='bbox 417 1915 525 1935; x_wconf 84' lang='lat' dir='ltr'>unum</span> <span class='ocrx_word' id='word_1_202' title='bbox 545 1915 586 1936; x_wconf 85' lang='lat' dir='ltr'>ex</span> <span class='ocrx_word' id='word_1_203' title='bbox 605 1903 791 1948; x_wconf 72' lang='lat' dir='ltr'>praecipuis</span> <span class='ocrx_word' id='word_1_204' title='bbox 807 1902 997 1947; x_wconf 55' lang='lat' dir='ltr'>pelagianae</span> <span class='ocrx_word' id='word_1_205' title='bbox 1012 1903 1145 1937; x_wconf 62' lang='lat' dir='ltr'>Schola.¹</span> <span class='ocrx_word' id='word_1_206' title='bbox 1165 1906 1244 1937; x_wconf 83' lang='lat' dir='ltr'>Ma-</span> 
     </span>
     <span class='ocr_line' id='line_1_30' title="bbox 127 1947 1242 1994; baseline 0.007 -17"><span class='ocrx_word' id='word_1_207' title='bbox 127 1947 247 1990; x_wconf 72' lang='lat' dir='ltr'>gistris</span> <span class='ocrx_word' id='word_1_208' title='bbox 263 1969 274 1988; x_wconf 89' lang='lat'>‚</span> <span class='ocrx_word' id='word_1_209' title='bbox 300 1947 388 1980; x_wconf 89' lang='lat' dir='ltr'>unde</span> <span class='ocrx_word' id='word_1_210' title='bbox 413 1949 520 1981; x_wconf 85' lang='lat' dir='ltr'>etiam</span> <span class='ocrx_word' id='word_1_211' title='bbox 547 1948 791 1994; x_wconf 85' lang='lat' dir='ltr'>corrigendum</span> <span class='ocrx_word' id='word_1_212' title='bbox 817 1949 980 1982; x_wconf 77' lang='lat' dir='ltr'>observat</span> <span class='ocrx_word' id='word_1_213' title='bbox 1000 1951 1156 1984; x_wconf 77' lang='lat' dir='ltr'>isaacum</span> <span class='ocrx_word' id='word_1_214' title='bbox 1173 1952 1242 1985; x_wconf 83' lang='lat' dir='ltr'>Ha-</span> 
     </span>
     <span class='ocr_line' id='line_1_31' title="bbox 126 1992 1243 2040; baseline 0.004 -14"><span class='ocrx_word' id='word_1_215' title='bbox 126 1992 266 2026; x_wconf 83' lang='lat' dir='ltr'>beitum</span> <span class='ocrx_word' id='word_1_216' title='bbox 293 1994 503 2040; x_wconf 78' lang='lat' dir='ltr'>Episcopum</span> <span class='ocrx_word' id='word_1_217' title='bbox 530 1996 772 2036; x_wconf 64' lang='lat' dir='ltr'>vain-ensem,</span> <span class='ocrx_word' id='word_1_218' title='bbox 807 1996 868 2040; x_wconf 85' lang='lat' dir='ltr'>qui</span> <span class='ocrx_word' id='word_1_219' title='bbox 894 1996 929 2028; x_wconf 89' lang='lat' dir='ltr'>in</span> <span class='ocrx_word' id='word_1_220' title='bbox 956 1996 1151 2031; x_wconf 80' lang='lat' dir='ltr'>Concordia</span> <span class='ocrx_word' id='word_1_221' title='bbox 1177 1997 1243 2030; x_wconf 80' lang='lat' dir='ltr'>Pa-</span> 
     </span>
     <span class='ocr_line' id='line_1_32' title="bbox 129 2039 1242 2086; baseline 0.006 -15"><span class='ocrx_word' id='word_1_222' title='bbox 129 2046 216 2072; x_wconf 75' lang='lat' dir='ltr'>trum</span> <span class='ocrx_word' id='word_1_223' title='bbox 241 2039 380 2081; x_wconf 49' lang='grc' dir='ltr'>Διώνῃ,</span> <span class='ocrx_word' id='word_1_224' title='bbox 408 2047 448 2074; x_wconf 69' lang='lat'>(9⁴</span> <span class='ocrx_word' id='word_1_225' title='bbox 477 2042 625 2075; x_wconf 74' lang='lat' dir='ltr'>Graecor.</span> <span class='ocrx_word' id='word_1_226' title='bbox 650 2044 694 2075; x_wconf 89' lang='lat' dir='ltr'>de</span> <span class='ocrx_word' id='word_1_227' title='bbox 719 2045 834 2086; x_wconf 79' lang='lat' dir='ltr'>gratia</span> <span class='ocrx_word' id='word_1_228' title='bbox 861 2053 936 2086; x_wconf 86' lang='lat' dir='ltr'>cap.</span> <span class='ocrx_word' id='word_1_229' title='bbox 959 2054 991 2074; x_wconf 85' lang='lat'>2.</span> <span class='ocrx_word' id='word_1_230' title='bbox 1017 2044 1134 2077; x_wconf 81' lang='lat' dir='ltr'>minus</span> <span class='ocrx_word' id='word_1_231' title='bbox 1160 2056 1242 2078; x_wconf 84' lang='lat' dir='ltr'>con-</span> 
     </span>
     <span class='ocr_line' id='line_1_33' title="bbox 127 2084 1242 2133; baseline 0.005 -16"><span class='ocrx_word' id='word_1_232' title='bbox 127 2084 278 2117; x_wconf 78' lang='lat' dir='ltr'>siderate</span> <span class='ocrx_word' id='word_1_233' title='bbox 316 2086 472 2120; x_wconf 80' lang='lat' dir='ltr'>laudavit</span> <span class='ocrx_word' id='word_1_234' title='bbox 497 2089 654 2122; x_wconf 78' lang='lat' dir='ltr'>Anniani</span> <span class='ocrx_word' id='word_1_235' title='bbox 690 2093 815 2122; x_wconf 65' lang='lat' dir='ltr'>veteris</span> <span class='ocrx_word' id='word_1_236' title='bbox 842 2088 1011 2121; x_wconf 79' lang='lat' dir='ltr'>Ecclesiae</span> <span class='ocrx_word' id='word_1_237' title='bbox 1046 2090 1242 2133; x_wconf 72' lang='lat' dir='ltr'>Scriptoris</span> 
     </span>
     <span class='ocr_line' id='line_1_34' title="bbox 121 2132 1239 2177; baseline 0.007 -15"><span class='ocrx_word' id='word_1_238' title='bbox 121 2132 291 2177; x_wconf 76' lang='lat' dir='ltr'>judicium</span> <span class='ocrx_word' id='word_1_239' title='bbox 309 2155 317 2163; x_wconf 91' lang='lat'>.</span> <span class='ocrx_word' id='word_1_240' title='bbox 346 2134 382 2165; x_wconf 90' lang='lat' dir='ltr'>ln</span> <span class='ocrx_word' id='word_1_241' title='bbox 408 2133 564 2166; x_wconf 87' lang='lat' dir='ltr'>eamdem</span> <span class='ocrx_word' id='word_1_242' title='bbox 590 2135 802 2167; x_wconf 84' lang='lat' dir='ltr'>sententiam</span> <span class='ocrx_word' id='word_1_243' title='bbox 828 2133 1042 2168; x_wconf 87' lang='lat' dir='ltr'>descendunt</span> <span class='ocrx_word' id='word_1_244' title='bbox 1067 2136 1121 2169; x_wconf 83' lang='lat' dir='ltr'>Jo.</span> <span class='ocrx_word' id='word_1_245' title='bbox 1151 2139 1239 2170; x_wconf 81' lang='lat' dir='ltr'>Gar-</span> 
     </span>
     <span class='ocr_line' id='line_1_35' title="bbox 127 2177 1240 2221; baseline 0.004 -12"><span class='ocrx_word' id='word_1_246' title='bbox 127 2177 245 2210; x_wconf 85' lang='lat' dir='ltr'>nerius</span> <span class='ocrx_word' id='word_1_247' title='bbox 273 2178 419 2212; x_wconf 84' lang='lat' dir='ltr'>Dissert.</span> <span class='ocrx_word' id='word_1_248' title='bbox 449 2181 473 2211; x_wconf 89' lang='grc'><strong>1.</strong></span> <span class='ocrx_word' id='word_1_249' title='bbox 507 2180 543 2213; x_wconf 88' lang='lat' dir='ltr'>in</span> <span class='ocrx_word' id='word_1_250' title='bbox 568 2181 659 2213; x_wconf 81' lang='lat' dir='ltr'>Mar.</span> <span class='ocrx_word' id='word_1_251' title='bbox 686 2180 834 2213; x_wconf 78' lang='lat' dir='ltr'>Mercat.</span> <span class='ocrx_word' id='word_1_252' title='bbox 851 2201 864 2221; x_wconf 87' lang='lat'><em>‚</em></span> <span class='ocrx_word' id='word_1_253' title='bbox 890 2183 933 2215; x_wconf 85' lang='lat'>·&amp;</span> <span class='ocrx_word' id='word_1_254' title='bbox 958 2181 1041 2216; x_wconf 87' lang='lat' dir='ltr'>Nat.</span> <span class='ocrx_word' id='word_1_255' title='bbox 1067 2181 1240 2217; x_wconf 76' lang='lat' dir='ltr'>Alexand.</span> 
     </span>
     <span class='ocr_line' id='line_1_36' title="bbox 126 2223 531 2267; baseline -0.002 -10"><span class='ocrx_word' id='word_1_256' title='bbox 126 2233 202 2267; x_wconf 75' lang='lat' dir='ltr'>cap·</span> <span class='ocrx_word' id='word_1_257' title='bbox 230 2223 261 2256; x_wconf 87' lang='lat'>5.</span> <span class='ocrx_word' id='word_1_258' title='bbox 287 2233 354 2257; x_wconf 77' lang='lat' dir='ltr'>art.</span> <span class='ocrx_word' id='word_1_259' title='bbox 383 2235 414 2256; x_wconf 87' lang='lat'>2.</span> <span class='ocrx_word' id='word_1_260' title='bbox 440 2228 471 2267; x_wconf 75' lang='lat'>§.</span> <span class='ocrx_word' id='word_1_261' title='bbox 498 2227 531 2259; x_wconf 82' lang='lat'>3.</span> 
     </span>
    </p>

    <p class='ocr_par' dir='ltr' id='par_1_7' title="bbox 125 2269 1239 2778">
     <span class='ocr_line' id='line_1_37' title="bbox 178 2269 1239 2320; baseline 0.008 -20"><span class='ocrx_word' id='word_1_262' title='bbox 178 2273 225 2306; x_wconf 76' lang='lat' dir='ltr'>(a)</span> <span class='ocrx_word' id='word_1_263' title='bbox 257 2269 334 2301; x_wconf 76' lang='lat' dir='ltr'>Non</span> <span class='ocrx_word' id='word_1_264' title='bbox 359 2277 474 2302; x_wconf 75' lang='lat' dir='ltr'>tamen</span> <span class='ocrx_word' id='word_1_265' title='bbox 502 2273 537 2304; x_wconf 88' lang='lat' dir='ltr'>in</span> <span class='ocrx_word' id='word_1_266' title='bbox 565 2272 756 2316; x_wconf 75' lang='lat' dir='ltr'>pelagianis</span> <span class='ocrx_word' id='word_1_267' title='bbox 784 2271 1018 2307; x_wconf 80' lang='lat' dir='ltr'>numerandus</span> <span class='ocrx_word' id='word_1_268' title='bbox 1044 2283 1095 2308; x_wconf 83' lang='lat' dir='ltr'>est</span> <span class='ocrx_word' id='word_1_269' title='bbox 1121 2275 1239 2320; x_wconf 87' lang='lat' dir='ltr'>Sulpi-</span> 
     </span>
     <span class='ocr_line' id='line_1_38' title="bbox 129 2313 1237 2365; baseline 0.008 -19"><span class='ocrx_word' id='word_1_270' title='bbox 129 2313 199 2347; x_wconf 83' lang='lat' dir='ltr'>tius</span> <span class='ocrx_word' id='word_1_271' title='bbox 227 2315 373 2347; x_wconf 84' lang='lat' dir='ltr'>Severus</span> <span class='ocrx_word' id='word_1_272' title='bbox 398 2317 545 2350; x_wconf 84' lang='lat' dir='ltr'>celebris</span> <span class='ocrx_word' id='word_1_273' title='bbox 570 2318 642 2349; x_wconf 69' lang='lat' dir='ltr'>Saec</span> <span class='ocrx_word' id='word_1_274' title='bbox 682 2318 724 2349; x_wconf 90' lang='lat' dir='ltr'>V.</span> <span class='ocrx_word' id='word_1_275' title='bbox 762 2320 958 2352; x_wconf 85' lang='lat' dir='ltr'>Historicus</span> <span class='ocrx_word' id='word_1_276' title='bbox 996 2330 1137 2365; x_wconf 84' lang='lat' dir='ltr'>propter</span> <span class='ocrx_word' id='word_1_277' title='bbox 1172 2334 1237 2362; x_wconf 74' lang='lat' dir='ltr'>ea,</span> 
     </span>
     <span class='ocr_line' id='line_1_39' title="bbox 126 2360 1237 2410; baseline 0.008 -18"><span class='ocrx_word' id='word_1_278' title='bbox 126 2372 204 2404; x_wconf 66' lang='lat' dir='ltr'>qum</span> <span class='ocrx_word' id='word_1_279' title='bbox 222 2360 422 2395; x_wconf 77' lang='lat' dir='ltr'>Gennadius</span> <span class='ocrx_word' id='word_1_280' title='bbox 446 2361 488 2394; x_wconf 84' lang='lat' dir='ltr'>de</span> <span class='ocrx_word' id='word_1_281' title='bbox 513 2375 553 2395; x_wconf 88' lang='lat' dir='ltr'>eo</span> <span class='ocrx_word' id='word_1_282' title='bbox 577 2363 699 2396; x_wconf 78' lang='lat' dir='ltr'>scribit</span> <span class='ocrx_word' id='word_1_283' title='bbox 725 2364 758 2396; x_wconf 87' lang='lat' dir='ltr'>in</span> <span class='ocrx_word' id='word_1_284' title='bbox 775 2365 933 2409; x_wconf 76' lang='lat' dir='ltr'>Catulog.</span> <span class='ocrx_word' id='word_1_285' title='bbox 952 2368 996 2399; x_wconf 85' lang='lat' dir='ltr'>de</span> <span class='ocrx_word' id='word_1_286' title='bbox 1012 2369 1144 2410; x_wconf 77' lang='lat' dir='ltr'>Scripr.</span> <span class='ocrx_word' id='word_1_287' title='bbox 1165 2369 1237 2401; x_wconf 76' lang='lat' dir='ltr'>Ec-</span> 
     </span>
     <span class='ocr_line' id='line_1_40' title="bbox 127 2408 1237 2459; baseline 0.008 -20"><span class='ocrx_word' id='word_1_288' title='bbox 127 2408 311 2447; x_wconf 80' lang='lat' dir='ltr'>clesiast.,</span> <span class='ocrx_word' id='word_1_289' title='bbox 337 2408 395 2442; x_wconf 86' lang='lat' dir='ltr'>ubi</span> <span class='ocrx_word' id='word_1_290' title='bbox 423 2408 559 2452; x_wconf 80' lang='lat' dir='ltr'>inquit:</span> <span class='ocrx_word' id='word_1_291' title='bbox 589 2409 659 2442; x_wconf 69' lang='lat' dir='ltr'>liic</span> <span class='ocrx_word' id='word_1_292' title='bbox 685 2413 722 2441; x_wconf 83' lang='lat' dir='ltr'>in</span> <span class='ocrx_word' id='word_1_293' title='bbox 748 2421 919 2444; x_wconf 70' lang='lat' dir='ltr'>senectute</span> <span class='ocrx_word' id='word_1_294' title='bbox 944 2427 1004 2446; x_wconf 68' lang='lat' dir='ltr'>sua</span> <span class='ocrx_word' id='word_1_295' title='bbox 1028 2426 1049 2447; x_wconf 84' lang='lat' dir='ltr'>a</span> <span class='ocrx_word' id='word_1_296' title='bbox 1074 2414 1237 2459; x_wconf 70' lang='lat' dir='ltr'>Pelagia-</span> 
     </span>
     <span class='ocr_line' id='line_1_41' title="bbox 126 2454 1237 2499; baseline 0.01 -15"><span class='ocrx_word' id='word_1_297' title='bbox 126 2456 183 2485; x_wconf 70' lang='grc' dir='ltr'>πίε</span> <span class='ocrx_word' id='word_1_298' title='bbox 207 2454 373 2497; x_wconf 79' lang='lat' dir='ltr'>deceptus</span> <span class='ocrx_word' id='word_1_299' title='bbox 388 2475 399 2494; x_wconf 86' lang='lat'>‚</span> <span class='ocrx_word' id='word_1_300' title='bbox 425 2460 466 2488; x_wconf 56' lang='grc' dir='ltr'>(θ’</span> <span class='ocrx_word' id='word_1_301' title='bbox 489 2468 679 2499; x_wconf 77' lang='lat' dir='ltr'>agnoscens</span> <span class='ocrx_word' id='word_1_302' title='bbox 697 2458 937 2499; x_wconf 65' lang='lat' dir='ltr'>loquacitatem</span> <span class='ocrx_word' id='word_1_303' title='bbox 956 2472 1045 2492; x_wconf 80' lang='lat' dir='ltr'>suam</span> <span class='ocrx_word' id='word_1_304' title='bbox 1061 2463 1237 2495; x_wconf 77' lang='lat' dir='ltr'>silentium</span> 
     </span>
     <span class='ocr_line' id='line_1_42' title="bbox 127 2501 1237 2550; baseline 0.01 -20"><span class='ocrx_word' id='word_1_305' title='bbox 127 2511 227 2542; x_wconf 70' lang='lat' dir='ltr'>usque</span> <span class='ocrx_word' id='word_1_306' title='bbox 252 2501 298 2532; x_wconf 77' lang='lat' dir='ltr'>acl</span> <span class='ocrx_word' id='word_1_307' title='bbox 321 2509 458 2534; x_wconf 81' lang='lat' dir='ltr'>mortem</span> <span class='ocrx_word' id='word_1_308' title='bbox 483 2506 616 2542; x_wconf 78' lang='lat' dir='ltr'>tenuit,</span> <span class='ocrx_word' id='word_1_309' title='bbox 654 2510 689 2534; x_wconf 79' lang='lat' dir='ltr'>ut</span> <span class='ocrx_word' id='word_1_310' title='bbox 720 2511 921 2545; x_wconf 84' lang='lat' dir='ltr'>peccatum,</span> <span class='ocrx_word' id='word_1_311' title='bbox 957 2508 1044 2548; x_wconf 73' lang='lat' dir='ltr'>quod</span> <span class='ocrx_word' id='word_1_312' title='bbox 1069 2510 1237 2550; x_wconf 70' lang='lat' dir='ltr'>loquendo</span> 
     </span>
     <span class='ocr_line' id='line_1_43' title="bbox 125 2550 1238 2593; baseline 0.009 -15"><span class='ocrx_word' id='word_1_313' title='bbox 125 2554 368 2588; x_wconf 69' lang='lat' dir='ltr'>contraxerat,</span> <span class='ocrx_word' id='word_1_314' title='bbox 394 2550 537 2582; x_wconf 75' lang='lat' dir='ltr'>tacendo</span> <span class='ocrx_word' id='word_1_315' title='bbox 562 2551 698 2593; x_wconf 78' lang='lat' dir='ltr'>penitus</span> <span class='ocrx_word' id='word_1_316' title='bbox 723 2552 939 2583; x_wconf 77' lang='lat' dir='ltr'>emendaret.</span> <span class='ocrx_word' id='word_1_317' title='bbox 966 2551 1059 2584; x_wconf 79' lang='lat' dir='ltr'>Nam</span> <span class='ocrx_word' id='word_1_318' title='bbox 1086 2554 1238 2588; x_wconf 83' lang='lat' dir='ltr'>Guiber-</span> 
     </span>
     <span class='ocr_line' id='line_1_44' title="bbox 128 2593 1237 2642; baseline 0.011 -20"><span class='ocrx_word' id='word_1_319' title='bbox 128 2600 184 2623; x_wconf 83' lang='lat' dir='ltr'>tus</span> <span class='ocrx_word' id='word_1_320' title='bbox 220 2593 482 2627; x_wconf 78' lang='lat' dir='ltr'>Geinblacensis</span> <span class='ocrx_word' id='word_1_321' title='bbox 515 2595 549 2628; x_wconf 85' lang='lat' dir='ltr'>in</span> <span class='ocrx_word' id='word_1_322' title='bbox 585 2593 735 2628; x_wconf 80' lang='lat' dir='ltr'>editione</span> <span class='ocrx_word' id='word_1_323' title='bbox 768 2606 913 2640; x_wconf 86' lang='lat' dir='ltr'>operum</span> <span class='ocrx_word' id='word_1_324' title='bbox 950 2598 1090 2642; x_wconf 82' lang='lat' dir='ltr'>Sulpitii</span> <span class='ocrx_word' id='word_1_325' title='bbox 1119 2601 1237 2634; x_wconf 84' lang='lat' dir='ltr'>Severi</span> 
     </span>
     <span class='ocr_line' id='line_1_45' title="bbox 126 2637 1239 2688; baseline 0.011 -21"><span class='ocrx_word' id='word_1_326' title='bbox 126 2637 287 2680; x_wconf 77' lang='lat' dir='ltr'>Lugduni</span> <span class='ocrx_word' id='word_1_327' title='bbox 314 2639 524 2673; x_wconf 80' lang='lat' dir='ltr'>Batavorum</span> <span class='ocrx_word' id='word_1_328' title='bbox 550 2652 605 2674; x_wconf 85' lang='lat' dir='ltr'>an.</span> <span class='ocrx_word' id='word_1_329' title='bbox 630 2640 730 2684; x_wconf 84' lang='grc'><strong>1654.</strong></span> <span class='ocrx_word' id='word_1_330' title='bbox 757 2640 845 2676; x_wconf 72' lang='lat' dir='ltr'>lianc</span> <span class='ocrx_word' id='word_1_331' title='bbox 866 2643 1107 2688; x_wconf 78' lang='lat' dir='ltr'>Pelagianismi</span> <span class='ocrx_word' id='word_1_332' title='bbox 1136 2658 1239 2679; x_wconf 85' lang='lat' dir='ltr'>accu—</span> 
     </span>
     <span class='ocr_line' id='line_1_46' title="bbox 128 2683 1238 2727; baseline 0.009 -12"><span class='ocrx_word' id='word_1_333' title='bbox 128 2684 298 2715; x_wconf 77' lang='lat' dir='ltr'>sationem</span> <span class='ocrx_word' id='word_1_334' title='bbox 324 2684 357 2715; x_wconf 83' lang='lat' dir='ltr'>in</span> <span class='ocrx_word' id='word_1_335' title='bbox 378 2683 522 2719; x_wconf 78' lang='lat' dir='ltr'>dubium</span> <span class='ocrx_word' id='word_1_336' title='bbox 543 2695 707 2727; x_wconf 76' lang='lat' dir='ltr'>revocat5</span> <span class='ocrx_word' id='word_1_337' title='bbox 734 2689 942 2723; x_wconf 81' lang='lat' dir='ltr'>novissimus</span> <span class='ocrx_word' id='word_1_338' title='bbox 963 2697 1079 2724; x_wconf 84' lang='lat' dir='ltr'>autem</span> <span class='ocrx_word' id='word_1_339' title='bbox 1096 2703 1238 2724; x_wconf 80' lang='lat' dir='ltr'>eorum-</span> 
     </span>
     <span class='ocr_line' id='line_1_47' title="bbox 131 2726 1239 2778; baseline 0.011 -19"><span class='ocrx_word' id='word_1_340' title='bbox 131 2726 210 2760; x_wconf 79' lang='lat' dir='ltr'>dem</span> <span class='ocrx_word' id='word_1_341' title='bbox 235 2739 380 2772; x_wconf 84' lang='lat' dir='ltr'>operum</span> <span class='ocrx_word' id='word_1_342' title='bbox 405 2730 516 2763; x_wconf 72' lang='lat' dir='ltr'>editor</span> <span class='ocrx_word' id='word_1_343' title='bbox 543 2733 576 2764; x_wconf 85' lang='lat' dir='ltr'>P.</span> <span class='ocrx_word' id='word_1_344' title='bbox 605 2734 841 2778; x_wconf 80' lang='lat' dir='ltr'>Hieronymus</span> <span class='ocrx_word' id='word_1_345' title='bbox 876 2734 917 2767; x_wconf 86' lang='lat' dir='ltr'>de</span> <span class='ocrx_word' id='word_1_346' title='bbox 945 2736 1047 2769; x_wconf 83' lang='lat' dir='ltr'>Prato</span> <span class='ocrx_word' id='word_1_347' title='bbox 1071 2748 1147 2770; x_wconf 89' lang='lat' dir='ltr'>eam</span> <span class='ocrx_word' id='word_1_348' title='bbox 1172 2738 1239 2770; x_wconf 78' lang='lat' dir='ltr'>fal·</span> 
     </span>
    </p>
   </div>
   <div class='ocr_carea' id='block_1_7' title="bbox 127 2775 1237 2864">
    <p class='ocr_par' dir='ltr' id='par_1_8' title="bbox 127 2775 1237 2864">
     <span class='ocr_line' id='line_1_48' title="bbox 128 2775 1237 2828; baseline 0.01 -23"><span class='ocrx_word' id='word_1_349' title='bbox 128 2785 203 2806; x_wconf 80' lang='lat' dir='ltr'>sam</span> <span class='ocrx_word' id='word_1_350' title='bbox 229 2785 301 2806; x_wconf 80' lang='lat' dir='ltr'>esse</span> <span class='ocrx_word' id='word_1_351' title='bbox 326 2775 476 2807; x_wconf 78' lang='lat' dir='ltr'>ostendit</span> <span class='ocrx_word' id='word_1_352' title='bbox 503 2777 536 2809; x_wconf 89' lang='lat' dir='ltr'>in</span> <span class='ocrx_word' id='word_1_353' title='bbox 570 2779 641 2811; x_wconf 82' lang='lat' dir='ltr'>vita</span> <span class='ocrx_word' id='word_1_354' title='bbox 676 2780 791 2823; x_wconf 86' lang='lat' dir='ltr'>primo</span> <span class='ocrx_word' id='word_1_355' title='bbox 816 2781 929 2816; x_wconf 87' lang='lat' dir='ltr'>Tomo</span> <span class='ocrx_word' id='word_1_356' title='bbox 954 2783 1133 2826; x_wconf 59' lang='lat' dir='ltr'>praemissa</span> <span class='ocrx_word' id='word_1_357' title='bbox 1157 2794 1237 2828; x_wconf 81' lang='lat' dir='ltr'>pag.</span> 
     </span>
     <span class='ocr_line' id='line_1_49' title="bbox 127 2818 580 2864; baseline 0.002 -10"><span class='ocrx_word' id='word_1_358' title='bbox 127 2820 187 2863; x_wconf 79' lang='grc'>69.</span> <span class='ocrx_word' id='word_1_359' title='bbox 213 2818 296 2853; x_wconf 86' lang='lat' dir='ltr'>edit.</span> <span class='ocrx_word' id='word_1_360' title='bbox 323 2820 449 2853; x_wconf 86' lang='lat' dir='ltr'>Veron.</span> <span class='ocrx_word' id='word_1_361' title='bbox 480 2823 580 2864; x_wconf 78' lang='lat'><strong>¹74¹·</strong></span> 
     </span>
    </p>
   </div>
   <div class='ocr_carea' id='block_1_8' title="bbox 126 2866 1241 3428">
    <p class='ocr_par' dir='ltr' id='par_1_9' title="bbox 126 2866 1241 3428">
     <span class='ocr_line' id='line_1_50' title="bbox 173 2866 1240 2914; baseline 0.01 -16"><span class='ocrx_word' id='word_1_362' title='bbox 173 2867 220 2904; x_wconf 82' lang='lat' dir='ltr'>(b)</span> <span class='ocrx_word' id='word_1_363' title='bbox 253 2866 378 2900; x_wconf 81' lang='lat' dir='ltr'>Paulus</span> <span class='ocrx_word' id='word_1_364' title='bbox 396 2868 539 2900; x_wconf 82' lang='lat' dir='ltr'>Orosius</span> <span class='ocrx_word' id='word_1_365' title='bbox 556 2870 671 2902; x_wconf 78' lang='lat' dir='ltr'>Presb.</span> <span class='ocrx_word' id='word_1_366' title='bbox 684 2869 956 2907; x_wconf 82' lang='lat' dir='ltr'>Tarraconensis</span> <span class='ocrx_word' id='word_1_367' title='bbox 970 2895 982 2914; x_wconf 89' lang='lat'>,</span> <span class='ocrx_word' id='word_1_368' title='bbox 1008 2885 1089 2907; x_wconf 88' lang='lat' dir='ltr'>cum</span> <span class='ocrx_word' id='word_1_369' title='bbox 1108 2874 1148 2908; x_wconf 78' lang='lat' dir='ltr'>de.</span> <span class='ocrx_word' id='word_1_370' title='bbox 1161 2875 1240 2909; x_wconf 85' lang='lat' dir='ltr'>bla-</span> 
     </span>
     <span class='ocr_line' id='line_1_51' title="bbox 126 2911 1240 2962; baseline 0.009 -18"><span class='ocrx_word' id='word_1_371' title='bbox 126 2911 282 2957; x_wconf 78' lang='lat' dir='ltr'>sphemia</span> <span class='ocrx_word' id='word_1_372' title='bbox 309 2924 326 2945; x_wconf 87' lang='lat' dir='ltr'>a</span> <span class='ocrx_word' id='word_1_373' title='bbox 351 2914 483 2946; x_wconf 81' lang='lat' dir='ltr'>Joanne</span> <span class='ocrx_word' id='word_1_374' title='bbox 501 2914 793 2959; x_wconf 72' lang='lat' dir='ltr'>Jerosolymitano</span> <span class='ocrx_word' id='word_1_375' title='bbox 818 2928 1000 2953; x_wconf 78' lang='lat' dir='ltr'>aecusatus</span> <span class='ocrx_word' id='word_1_376' title='bbox 1026 2931 1135 2962; x_wconf 85' lang='lat' dir='ltr'>esset,</span> <span class='ocrx_word' id='word_1_377' title='bbox 1164 2921 1240 2954; x_wconf 86' lang='lat' dir='ltr'>edi-</span> 
     </span>
     <span class='ocr_line' id='line_1_52' title="bbox 127 2956 1240 3011; baseline 0.01 -21"><span class='ocrx_word' id='word_1_378' title='bbox 127 2956 178 2991; x_wconf 84' lang='lat' dir='ltr'>dit</span> <span class='ocrx_word' id='word_1_379' title='bbox 204 2959 430 3003; x_wconf 81' lang='lat' dir='ltr'>Apologiam,</span> <span class='ocrx_word' id='word_1_380' title='bbox 454 2972 529 3004; x_wconf 65' lang='lat' dir='ltr'>‹10ae</span> <span class='ocrx_word' id='word_1_381' title='bbox 556 2961 760 2994; x_wconf 81' lang='lat' dir='ltr'>inscribitur</span> <span class='ocrx_word' id='word_1_382' title='bbox 777 2964 1022 3011; x_wconf 77' lang='lat' dir='ltr'>Apologetictts</span> <span class='ocrx_word' id='word_1_383' title='bbox 1042 2977 1159 3003; x_wconf 81' lang='lat' dir='ltr'>contra</span> <span class='ocrx_word' id='word_1_384' title='bbox 1176 2967 1240 3001; x_wconf 72' lang='lat' dir='ltr'>Pe-</span> 
     </span>
     <span class='ocr_line' id='line_1_53' title="bbox 128 3006 1239 3050; baseline 0.01 -13"><span class='ocrx_word' id='word_1_385' title='bbox 128 3006 272 3047; x_wconf 79' lang='lat' dir='ltr'>lagium.</span> <span class='ocrx_word' id='word_1_386' title='bbox 300 3006 387 3038; x_wconf 85' lang='lat' dir='ltr'>Eam</span> <span class='ocrx_word' id='word_1_387' title='bbox 412 3006 673 3050; x_wconf 21' lang='lat' dir='ltr'>*supposititiam</span> <span class='ocrx_word' id='word_1_388' title='bbox 698 3018 770 3041; x_wconf 85' lang='lat' dir='ltr'>esse</span> <span class='ocrx_word' id='word_1_389' title='bbox 797 3012 1012 3046; x_wconf 83' lang='lat' dir='ltr'>contendunt</span> <span class='ocrx_word' id='word_1_390' title='bbox 1033 3015 1137 3047; x_wconf 87' lang='lat' dir='ltr'>Corn.</span> <span class='ocrx_word' id='word_1_391' title='bbox 1153 3016 1239 3048; x_wconf 86' lang='lat' dir='ltr'>Jan-</span> 
     </span>
     <span class='ocr_line' id='line_1_54' title="bbox 129 3051 1237 3095; baseline 0.012 -14"><span class='ocrx_word' id='word_1_392' title='bbox 129 3051 245 3083; x_wconf 80' lang='lat' dir='ltr'>senius</span> <span class='ocrx_word' id='word_1_393' title='bbox 284 3052 359 3085; x_wconf 88' lang='lat' dir='ltr'>Lib.</span> <span class='ocrx_word' id='word_1_394' title='bbox 382 3054 405 3084; x_wconf 91' lang='lat' dir='ltr'>l.</span> <span class='ocrx_word' id='word_1_395' title='bbox 443 3055 487 3086; x_wconf 81' lang='lat' dir='ltr'>de</span> <span class='ocrx_word' id='word_1_396' title='bbox 512 3052 641 3088; x_wconf 73' lang='lat' dir='ltr'>Haeres.</span> <span class='ocrx_word' id='word_1_397' title='bbox 671 3053 787 3095; x_wconf 77' lang='lat' dir='ltr'>Pelag.</span> <span class='ocrx_word' id='word_1_398' title='bbox 811 3075 822 3094; x_wconf 88' lang='lat'>,</span> <span class='ocrx_word' id='word_1_399' title='bbox 857 3061 888 3090; x_wconf 65' lang='grc' dir='ltr'>ὃς</span> <span class='ocrx_word' id='word_1_400' title='bbox 915 3060 1034 3093; x_wconf 86' lang='lat' dir='ltr'>Petrus</span> <span class='ocrx_word' id='word_1_401' title='bbox 1062 3061 1237 3094; x_wconf 79' lang='lat' dir='ltr'>Vastelius</span> 
     </span>
     <span class='ocr_line' id='line_1_55' title="bbox 128 3096 1238 3149; baseline 0.009 -22"><span class='ocrx_word' id='word_1_402' title='bbox 128 3096 232 3129; x_wconf 75' lang='lat' dir='ltr'>Tom.</span> <span class='ocrx_word' id='word_1_403' title='bbox 260 3098 303 3129; x_wconf 86' lang='lat'>11.</span> <span class='ocrx_word' id='word_1_404' title='bbox 328 3096 467 3132; x_wconf 74' lang='lat' dir='ltr'>Vindic.</span> <span class='ocrx_word' id='word_1_405' title='bbox 497 3099 572 3132; x_wconf 85' lang='lat' dir='ltr'>Lib.</span> <span class='ocrx_word' id='word_1_406' title='bbox 593 3101 650 3132; x_wconf 86' lang='lat' dir='ltr'>lll-</span> <span class='ocrx_word' id='word_1_407' title='bbox 679 3101 768 3132; x_wconf 80' lang='lat' dir='ltr'>Sect-</span> <span class='ocrx_word' id='word_1_408' title='bbox 791 3100 822 3134; x_wconf 79' lang='grc'>5.</span> <span class='ocrx_word' id='word_1_409' title='bbox 851 3103 914 3136; x_wconf 86' lang='lat' dir='ltr'>Sed</span> <span class='ocrx_word' id='word_1_410' title='bbox 938 3106 1012 3149; x_wconf 75' lang='lat' dir='ltr'>ejus</span> <span class='ocrx_word' id='word_1_411' title='bbox 1037 3104 1238 3140; x_wconf 59' lang='lat' dir='ltr'>aed-severa,</span> 
     </span>
     <span class='ocr_line' id='line_1_56' title="bbox 130 3142 1238 3199; baseline 0.012 -26"><span class='ocrx_word' id='word_1_412' title='bbox 130 3142 278 3186; x_wconf 72' lang='lat' dir='ltr'>probant</span> <span class='ocrx_word' id='word_1_413' title='bbox 305 3144 358 3177; x_wconf 86' lang='lat' dir='ltr'>Jo.</span> <span class='ocrx_word' id='word_1_414' title='bbox 374 3145 565 3178; x_wconf 78' lang='lat' dir='ltr'>Gar-nerins</span> <span class='ocrx_word' id='word_1_415' title='bbox 591 3146 738 3180; x_wconf 86' lang='lat' dir='ltr'>Dissert·</span> <span class='ocrx_word' id='word_1_416' title='bbox 758 3145 817 3179; x_wconf 78' lang='lat' dir='ltr'>Vi.</span> <span class='ocrx_word' id='word_1_417' title='bbox 845 3148 880 3180; x_wconf 89' lang='lat' dir='ltr'>in</span> <span class='ocrx_word' id='word_1_418' title='bbox 893 3152 981 3184; x_wconf 84' lang='lat' dir='ltr'>Mar.</span> <span class='ocrx_word' id='word_1_419' title='bbox 996 3156 1142 3189; x_wconf 85' lang='lat' dir='ltr'>Mercat.</span> <span class='ocrx_word' id='word_1_420' title='bbox 1162 3166 1238 3199; x_wconf 85' lang='lat' dir='ltr'>cap.</span> 
     </span>
     <span class='ocr_line' id='line_1_57' title="bbox 131 3188 1240 3243; baseline 0.012 -24"><span class='ocrx_word' id='word_1_421' title='bbox 131 3189 188 3227; x_wconf 83' lang='lat'>3.‚</span> <span class='ocrx_word' id='word_1_422' title='bbox 225 3188 306 3220; x_wconf 69' lang='lat' dir='ltr'>Nat.</span> <span class='ocrx_word' id='word_1_423' title='bbox 333 3190 532 3224; x_wconf 68' lang='lat' dir='ltr'>Alexander</span> <span class='ocrx_word' id='word_1_424' title='bbox 559 3192 593 3224; x_wconf 82' lang='lat' dir='ltr'>in</span> <span class='ocrx_word' id='word_1_425' title='bbox 621 3193 704 3225; x_wconf 71' lang='lat' dir='ltr'>Saec.</span> <span class='ocrx_word' id='word_1_426' title='bbox 732 3191 776 3224; x_wconf 81' lang='lat' dir='ltr'>V·</span> <span class='ocrx_word' id='word_1_427' title='bbox 802 3204 877 3237; x_wconf 77' lang='lat' dir='ltr'>cap.</span> <span class='ocrx_word' id='word_1_428' title='bbox 905 3197 936 3228; x_wconf 76' lang='lat'>3,</span> <span class='ocrx_word' id='word_1_429' title='bbox 971 3209 1034 3233; x_wconf 83' lang='lat' dir='ltr'>art.</span> <span class='ocrx_word' id='word_1_430' title='bbox 1061 3202 1094 3235; x_wconf 88' lang='grc'>6.</span> <span class='ocrx_word' id='word_1_431' title='bbox 1121 3203 1152 3243; x_wconf 54' lang='grc' dir='ltr'>ὖ.</span> <span class='ocrx_word' id='word_1_432' title='bbox 1182 3212 1240 3242; x_wconf 84' lang='lat'>2.,</span> 
     </span>
     <span class='ocr_line' id='line_1_58' title="bbox 129 3234 1239 3280; baseline 0.014 -14"><span class='ocrx_word' id='word_1_433' title='bbox 129 3244 170 3266; x_wconf 74' lang='lat' dir='ltr'>ao</span> <span class='ocrx_word' id='word_1_434' title='bbox 206 3234 386 3279; x_wconf 77' lang='lat' dir='ltr'>Remigius</span> <span class='ocrx_word' id='word_1_435' title='bbox 411 3237 556 3270; x_wconf 85' lang='lat' dir='ltr'>Ceillier</span> <span class='ocrx_word' id='word_1_436' title='bbox 594 3239 628 3271; x_wconf 87' lang='lat' dir='ltr'>in</span> <span class='ocrx_word' id='word_1_437' title='bbox 654 3238 752 3272; x_wconf 76' lang='lat' dir='ltr'>Hist·</span> <span class='ocrx_word' id='word_1_438' title='bbox 791 3240 932 3273; x_wconf 78' lang='lat' dir='ltr'>Auctor.</span> <span class='ocrx_word' id='word_1_439' title='bbox 959 3244 1098 3280; x_wconf 79' lang='lat' dir='ltr'>Eccles.</span> <span class='ocrx_word' id='word_1_440' title='bbox 1137 3247 1239 3280; x_wconf 80' lang='lat' dir='ltr'>Tom-</span> 
     </span>
     <span class='ocr_line' id='line_1_59' title="bbox 134 3280 1240 3337; baseline 0.011 -24"><span class='ocrx_word' id='word_1_441' title='bbox 134 3280 234 3313; x_wconf 82' lang='lat' dir='ltr'>XtV.</span> <span class='ocrx_word' id='word_1_442' title='bbox 261 3292 336 3325; x_wconf 86' lang='lat' dir='ltr'>cap.</span> <span class='ocrx_word' id='word_1_443' title='bbox 361 3295 389 3314; x_wconf 86' lang='lat'>1.</span> <span class='ocrx_word' id='word_1_444' title='bbox 425 3282 518 3316; x_wconf 79' lang='lat' dir='ltr'>Idem</span> <span class='ocrx_word' id='word_1_445' title='bbox 547 3284 583 3316; x_wconf 89' lang='grc' dir='ltr'>Ρ.</span> <span class='ocrx_word' id='word_1_446' title='bbox 609 3284 801 3318; x_wconf 60' lang='lat' dir='ltr'>Gan-nerins</span> <span class='ocrx_word' id='word_1_447' title='bbox 826 3286 902 3320; x_wconf 87' lang='lat' dir='ltr'>loco</span> <span class='ocrx_word' id='word_1_448' title='bbox 927 3290 1009 3329; x_wconf 62' lang='lat' dir='ltr'>cit-2</span> <span class='ocrx_word' id='word_1_449' title='bbox 1049 3297 1079 3325; x_wconf 65' lang='grc' dir='ltr'>ὃς</span> <span class='ocrx_word' id='word_1_450' title='bbox 1103 3305 1179 3337; x_wconf 74' lang='lat' dir='ltr'>cap.</span> <span class='ocrx_word' id='word_1_451' title='bbox 1205 3294 1240 3326; x_wconf 84' lang='lat'>6.</span> 
     </span>
     <span class='ocr_line' id='line_1_60' title="bbox 132 3326 1239 3377; baseline 0.013 -19"><span class='ocrx_word' id='word_1_452' title='bbox 132 3337 190 3358; x_wconf 79' lang='lat' dir='ltr'>sex</span> <span class='ocrx_word' id='word_1_453' title='bbox 219 3326 325 3359; x_wconf 84' lang='lat' dir='ltr'>libros</span> <span class='ocrx_word' id='word_1_454' title='bbox 349 3328 667 3373; x_wconf 64' lang='lat' dir='ltr'>Hypognosticon,</span> <span class='ocrx_word' id='word_1_455' title='bbox 692 3333 751 3375; x_wconf 82' lang='lat' dir='ltr'>qui</span> <span class='ocrx_word' id='word_1_456' title='bbox 781 3332 814 3363; x_wconf 91' lang='lat' dir='ltr'>in</span> <span class='ocrx_word' id='word_1_457' title='bbox 841 3334 985 3377; x_wconf 52' lang='lat' dir='ltr'>append&gt;</span> <span class='ocrx_word' id='word_1_458' title='bbox 1014 3337 1113 3370; x_wconf 84' lang='lat' dir='ltr'>Tom.</span> <span class='ocrx_word' id='word_1_459' title='bbox 1134 3341 1178 3372; x_wconf 94' lang='lat' dir='ltr'>X.</span> <span class='ocrx_word' id='word_1_460' title='bbox 1205 3340 1239 3372; x_wconf 89' lang='lat' dir='ltr'>S.</span> 
     </span>
     <span class='ocr_line' id='line_1_61' title="bbox 130 3371 1241 3428; baseline 0.013 -22"><span class='ocrx_word' id='word_1_461' title='bbox 130 3371 318 3417; x_wconf 81' lang='lat' dir='ltr'>Augustini</span> <span class='ocrx_word' id='word_1_462' title='bbox 343 3384 528 3421; x_wconf 80' lang='lat' dir='ltr'>prostant,</span> <span class='ocrx_word' id='word_1_463' title='bbox 554 3377 654 3412; x_wconf 74' lang='lat' dir='ltr'>Sixto</span> <span class='ocrx_word' id='word_1_464' title='bbox 680 3378 832 3421; x_wconf 77' lang='lat' dir='ltr'>tribuit,</span> <span class='ocrx_word' id='word_1_465' title='bbox 868 3380 928 3425; x_wconf 84' lang='lat' dir='ltr'>qui</span> <span class='ocrx_word' id='word_1_466' title='bbox 954 3380 1139 3428; x_wconf 74' lang='lat' dir='ltr'>Presbyter</span> <span class='ocrx_word' id='word_1_467' title='bbox 1169 3386 1241 3421; x_wconf 77' lang='lat' dir='ltr'>Ro-</span> 
     </span>
    </p>
   </div>
   <div class='ocr_carea' id='block_1_9' title="bbox 1322 230 2438 343">
    <p class='ocr_par' dir='ltr' id='par_1_10' title="bbox 1322 230 2438 343">
     <span class='ocr_line' id='line_1_62' title="bbox 1322 230 2438 292; baseline 0.009 -22"><span class='ocrx_word' id='word_1_468' title='bbox 1322 245 1384 270; x_wconf 83' lang='lat' dir='ltr'>sus</span> <span class='ocrx_word' id='word_1_469' title='bbox 1413 240 1484 279; x_wconf 81' lang='lat' dir='ltr'>est,</span> <span class='ocrx_word' id='word_1_470' title='bbox 1515 230 1562 268; x_wconf 83' lang='lat' dir='ltr'>ad</span> <span class='ocrx_word' id='word_1_471' title='bbox 1577 231 1819 285; x_wconf 72' lang='lat' dir='ltr'>Peiagia-nam</span> <span class='ocrx_word' id='word_1_472' title='bbox 1835 233 2012 274; x_wconf 74' lang='lat' dir='ltr'>haeresim</span> <span class='ocrx_word' id='word_1_473' title='bbox 2027 236 2292 290; x_wconf 76' lang='lat' dir='ltr'>-extirpantiam</span> <span class='ocrx_word' id='word_1_474' title='bbox 2306 241 2326 292; x_wconf 61' lang='grc' dir='ltr'><em>ζ</em></span> <span class='ocrx_word' id='word_1_475' title='bbox 2341 239 2438 292; x_wconf 50' lang='lat' dir='ltr'>Vi&amp;&gt;</span> 
     </span>
     <span class='ocr_line' id='line_1_63' title="bbox 1325 283 2435 343; baseline 0.01 -21"><span class='ocrx_word' id='word_1_476' title='bbox 1325 285 1470 337; x_wconf 84' lang='lat' dir='ltr'>Fleury</span> <span class='ocrx_word' id='word_1_477' title='bbox 1486 283 1574 322; x_wconf 80' lang='lat' dir='ltr'>Lib.</span> <span class='ocrx_word' id='word_1_478' title='bbox 1590 285 1719 327; x_wconf 84' lang='lat' dir='ltr'>XXV.</span> <span class='ocrx_word' id='word_1_479' title='bbox 1750 303 1858 327; x_wconf 81' lang='lat' dir='ltr'>num.</span> <span class='ocrx_word' id='word_1_480' title='bbox 1885 289 1945 327; x_wconf 87' lang='lat'>15.</span> <span class='ocrx_word' id='word_1_481' title='bbox 1975 288 2103 343; x_wconf 63' lang='lat' dir='ltr'>&amp;serp</span> <span class='ocrx_word' id='word_1_482' title='bbox 2123 292 2156 328; x_wconf 85' lang='lat'>&amp;</span> <span class='ocrx_word' id='word_1_483' title='bbox 2179 291 2249 330; x_wconf 87' lang='lat' dir='ltr'>lib.</span> <span class='ocrx_word' id='word_1_484' title='bbox 2271 293 2435 338; x_wconf 82' lang='lat' dir='ltr'>XXVss.</span> 
     </span>
    </p>
   </div>
   <div class='ocr_carea' id='block_1_10' title="bbox 1325 336 2436 439">
    <p class='ocr_par' dir='ltr' id='par_1_11' title="bbox 1325 336 2436 439">
     <span class='ocr_line' id='line_1_64' title="bbox 1325 336 2436 439; baseline 0.013 -64"><span class='ocrx_word' id='word_1_485' title='bbox 1325 351 1432 439; x_wconf 53' lang='lat' dir='ltr'>gigni).</span> <span class='ocrx_word' id='word_1_486' title='bbox 1456 339 1491 376; x_wconf 82' lang='lat'>5.</span> <span class='ocrx_word' id='word_1_487' title='bbox 1522 336 1556 374; x_wconf 83' lang='lat'>&amp;</span> <span class='ocrx_word' id='word_1_488' title='bbox 1583 339 1695 380; x_wconf 79' lang='lat' dir='ltr'>Cat-d.</span> <span class='ocrx_word' id='word_1_489' title='bbox 1725 343 1883 394; x_wconf 75' lang='lat' dir='ltr'>August.</span> <span class='ocrx_word' id='word_1_490' title='bbox 1911 344 2000 383; x_wconf 77' lang='lat' dir='ltr'>Orsi</span> <span class='ocrx_word' id='word_1_491' title='bbox 2027 344 2302 387; x_wconf 55' lang='lat' dir='ltr'>moxxvlt.</span> <span class='ocrx_word' id='word_1_492' title='bbox 2321 362 2436 390; x_wconf 55' lang='lat' dir='ltr'>namn</span> 
     </span>
    </p>
   </div>
   <div class='ocr_carea' id='block_1_11' title="bbox 1314 443 2442 1618">
    <p class='ocr_par' dir='ltr' id='par_1_12' title="bbox 1320 443 2442 1298">
     <span class='ocr_line' id='line_1_65' title="bbox 1339 443 2438 504; baseline 0.01 -20"><span class='ocrx_word' id='word_1_493' title='bbox 1339 471 1343 474; x_wconf 42' lang='lat' dir='ltr'>v</span> <span class='ocrx_word' id='word_1_494' title='bbox 1382 445 1447 484; x_wconf 83' lang='lat'>26.</span> <span class='ocrx_word' id='word_1_495' title='bbox 1474 443 1549 483; x_wconf 86' lang='lat' dir='ltr'>Sed</span> <span class='ocrx_word' id='word_1_496' title='bbox 1577 446 1645 498; x_wconf 79' lang='lat' dir='ltr'>qui</span> <span class='ocrx_word' id='word_1_497' title='bbox 1671 457 1801 488; x_wconf 82' lang='lat' dir='ltr'>contra</span> <span class='ocrx_word' id='word_1_498' title='bbox 1828 449 2050 503; x_wconf 74' lang='lat' dir='ltr'>Pelagianos</span> <span class='ocrx_word' id='word_1_499' title='bbox 2091 451 2241 504; x_wconf 81' lang='lat' dir='ltr'>scriptis</span> <span class='ocrx_word' id='word_1_500' title='bbox 2270 456 2438 495; x_wconf 73' lang='lat' dir='ltr'>maxime</span> 
     </span>
     <span class='ocr_line' id='line_1_66' title="bbox 1324 498 2436 559; baseline 0.009 -23"><span class='ocrx_word' id='word_1_501' title='bbox 1324 498 1612 546; x_wconf 80' lang='lat' dir='ltr'>inclaruerunt,</span> <span class='ocrx_word' id='word_1_502' title='bbox 1653 512 1738 540; x_wconf 81' lang='lat' dir='ltr'>suut</span> <span class='ocrx_word' id='word_1_503' title='bbox 1766 503 1834 542; x_wconf 85' lang='lat' dir='ltr'>SS.</span> <span class='ocrx_word' id='word_1_504' title='bbox 1865 505 2148 558; x_wconf 79' lang='lat' dir='ltr'>Hieronymus,</span> <span class='ocrx_word' id='word_1_505' title='bbox 2186 504 2220 543; x_wconf 70' lang='lat'>8&lt;</span> <span class='ocrx_word' id='word_1_506' title='bbox 2250 507 2436 559; x_wconf 81' lang='lat' dir='ltr'>August.,</span> 
     </span>
     <span class='ocr_line' id='line_1_67' title="bbox 1324 551 2438 607; baseline 0.009 -19"><span class='ocrx_word' id='word_1_507' title='bbox 1324 551 1465 604; x_wconf 82' lang='lat' dir='ltr'>quibus</span> <span class='ocrx_word' id='word_1_508' title='bbox 1493 551 1608 589; x_wconf 84' lang='lat' dir='ltr'>etiam</span> <span class='ocrx_word' id='word_1_509' title='bbox 1632 555 1725 591; x_wconf 73' lang='lat' dir='ltr'>addi</span> <span class='ocrx_word' id='word_1_510' title='bbox 1752 557 1886 596; x_wconf 78' lang='lat' dir='ltr'>debent</span> <span class='ocrx_word' id='word_1_511' title='bbox 1905 559 2083 607; x_wconf 82' lang='lat' dir='ltr'>Orosius,</span> <span class='ocrx_word' id='word_1_512' title='bbox 2112 558 2238 597; x_wconf 73' lang='lat' dir='ltr'>sixtus</span> <span class='ocrx_word' id='word_1_513' title='bbox 2254 588 2265 607; x_wconf 93' lang='lat'>‚</span> <span class='ocrx_word' id='word_1_514' title='bbox 2294 561 2330 597; x_wconf 83' lang='lat'>&amp;</span> <span class='ocrx_word' id='word_1_515' title='bbox 2352 560 2438 600; x_wconf 77' lang='lat' dir='ltr'>Ma—</span> 
     </span>
     <span class='ocr_line' id='line_1_68' title="bbox 1328 604 2439 665; baseline 0.011 -23"><span class='ocrx_word' id='word_1_516' title='bbox 1328 606 1409 643; x_wconf 79' lang='lat' dir='ltr'>rius</span> <span class='ocrx_word' id='word_1_517' title='bbox 1430 604 1621 643; x_wconf 83' lang='lat' dir='ltr'>Mercator</span> <span class='ocrx_word' id='word_1_518' title='bbox 1637 635 1648 653; x_wconf 86' lang='lat'>,</span> <span class='ocrx_word' id='word_1_519' title='bbox 1679 607 1730 642; x_wconf 84' lang='lat' dir='ltr'>ita</span> <span class='ocrx_word' id='word_1_520' title='bbox 1757 615 1879 648; x_wconf 82' lang='lat' dir='ltr'>tamen</span> <span class='ocrx_word' id='word_1_521' title='bbox 1897 641 1907 658; x_wconf 88' lang='lat'>,</span> <span class='ocrx_word' id='word_1_522' title='bbox 1938 621 1978 650; x_wconf 87' lang='lat' dir='ltr'>ut</span> <span class='ocrx_word' id='word_1_523' title='bbox 2008 625 2095 650; x_wconf 85' lang='lat' dir='ltr'>vere</span> <span class='ocrx_word' id='word_1_524' title='bbox 2115 612 2190 650; x_wconf 89' lang='lat' dir='ltr'>dici</span> <span class='ocrx_word' id='word_1_525' title='bbox 2211 615 2325 665; x_wconf 81' lang='lat' dir='ltr'>possit</span> <span class='ocrx_word' id='word_1_526' title='bbox 2345 627 2439 654; x_wconf 83' lang='lat' dir='ltr'>cum</span> 
     </span>
     <span class='ocr_line' id='line_1_69' title="bbox 1328 657 2440 715; baseline 0.009 -20"><span class='ocrx_word' id='word_1_527' title='bbox 1328 657 1369 696; x_wconf 88' lang='lat' dir='ltr'>S.</span> <span class='ocrx_word' id='word_1_528' title='bbox 1398 657 1579 710; x_wconf 83' lang='lat' dir='ltr'>Prospero</span> <span class='ocrx_word' id='word_1_529' title='bbox 1620 659 1737 709; x_wconf 76' lang='lat' dir='ltr'>(init.</span> <span class='ocrx_word' id='word_1_530' title='bbox 1767 659 1857 697; x_wconf 78' lang='lat' dir='ltr'>Lib.</span> <span class='ocrx_word' id='word_1_531' title='bbox 1885 674 2023 703; x_wconf 80' lang='lat' dir='ltr'>contra</span> <span class='ocrx_word' id='word_1_532' title='bbox 2056 666 2325 715; x_wconf 69' lang='lat' dir='ltr'>Coilcztorem)</span> <span class='ocrx_word' id='word_1_533' title='bbox 2359 666 2440 705; x_wconf 81' lang='lat' dir='ltr'>Au-</span> 
     </span>
     <span class='ocr_line' id='line_1_70' title="bbox 1324 712 2440 764; baseline 0.008 -16"><span class='ocrx_word' id='word_1_534' title='bbox 1324 712 1475 763; x_wconf 82' lang='lat' dir='ltr'>gustino</span> <span class='ocrx_word' id='word_1_535' title='bbox 1504 712 1742 764; x_wconf 82' lang='lat' dir='ltr'>potissimum</span> <span class='ocrx_word' id='word_1_536' title='bbox 1763 712 1859 751; x_wconf 89' lang='lat' dir='ltr'>duce</span> <span class='ocrx_word' id='word_1_537' title='bbox 1875 742 1886 761; x_wconf 87' lang='lat'>,</span> <span class='ocrx_word' id='word_1_538' title='bbox 1916 717 2141 758; x_wconf 81' lang='lat' dir='ltr'>catholicam</span> <span class='ocrx_word' id='word_1_539' title='bbox 2163 721 2285 758; x_wconf 83' lang='lat' dir='ltr'>aciem</span> <span class='ocrx_word' id='word_1_540' title='bbox 2305 729 2440 759; x_wconf 82' lang='lat' dir='ltr'>contra.</span> 
     </span>
     <span class='ocr_line' id='line_1_71' title="bbox 1323 765 2438 819; baseline 0.004 -17"><span class='ocrx_word' id='word_1_541' title='bbox 1323 765 1498 804; x_wconf 71' lang='lat' dir='ltr'>inimicos</span> <span class='ocrx_word' id='word_1_542' title='bbox 1525 767 1657 817; x_wconf 80' lang='lat' dir='ltr'>gratiae</span> <span class='ocrx_word' id='word_1_543' title='bbox 1686 765 1825 804; x_wconf 85' lang='lat' dir='ltr'>Christi</span> <span class='ocrx_word' id='word_1_544' title='bbox 1855 780 2063 819; x_wconf 78' lang='lat' dir='ltr'>pugnasse,</span> <span class='ocrx_word' id='word_1_545' title='bbox 2091 773 2126 809; x_wconf 69' lang='lat' dir='ltr'>St</span> <span class='ocrx_word' id='word_1_546' title='bbox 2155 774 2269 811; x_wconf 74' lang='lat' dir='ltr'>trium</span> <span class='ocrx_word' id='word_1_547' title='bbox 2286 772 2438 813; x_wconf 55' lang='lat' dir='ltr'>,hasqffi</span> 
     </span>
     <span class='ocr_line' id='line_1_72' title="bbox 1323 789 2436 876; baseline 0.009 -21"><span class='ocrx_word' id='word_1_548' title='bbox 1323 818 1424 855; x_wconf 79' lang='lat' dir='ltr'>Nam</span> <span class='ocrx_word' id='word_1_549' title='bbox 1454 819 1705 871; x_wconf 86' lang='lat' dir='ltr'>posteriorum</span> <span class='ocrx_word' id='word_1_550' title='bbox 1735 820 1851 857; x_wconf 76' lang='lat' dir='ltr'>trium</span> <span class='ocrx_word' id='word_1_551' title='bbox 1881 834 2004 872; x_wconf 84' lang='lat' dir='ltr'>pauca</span> <span class='ocrx_word' id='word_1_552' title='bbox 2023 832 2110 859; x_wconf 78' lang='lat' dir='ltr'>suut</span> <span class='ocrx_word' id='word_1_553' title='bbox 2135 789 2318 876; x_wconf 68' lang='lat' dir='ltr'>opuscula</span> <span class='ocrx_word' id='word_1_554' title='bbox 2349 825 2436 876; x_wconf 71' lang='lat' dir='ltr'>(li).</span> 
     </span>
     <span class='ocr_line' id='line_1_73' title="bbox 1323 871 2441 928; baseline 0.009 -21"><span class='ocrx_word' id='word_1_555' title='bbox 1323 871 1586 924; x_wconf 82' lang='lat' dir='ltr'>Hieronymus</span> <span class='ocrx_word' id='word_1_556' title='bbox 1627 881 1780 921; x_wconf 77' lang='lat' dir='ltr'>autem,</span> <span class='ocrx_word' id='word_1_557' title='bbox 1823 887 1912 911; x_wconf 90' lang='lat' dir='ltr'>cum</span> <span class='ocrx_word' id='word_1_558' title='bbox 1949 873 2028 926; x_wconf 85' lang='lat' dir='ltr'>jam</span> <span class='ocrx_word' id='word_1_559' title='bbox 2059 874 2277 928; x_wconf 77' lang='lat' dir='ltr'>Pelagianos</span> <span class='ocrx_word' id='word_1_560' title='bbox 2314 879 2441 917; x_wconf 83' lang='lat' dir='ltr'>tribus</span> 
     </span>
     <span class='ocr_line' id='line_1_74' title="bbox 1322 922 2441 982; baseline 0.008 -21"><span class='ocrx_word' id='word_1_561' title='bbox 1322 922 1482 975; x_wconf 79' lang='lat' dir='ltr'>dialogis</span> <span class='ocrx_word' id='word_1_562' title='bbox 1512 926 1701 977; x_wconf 82' lang='lat' dir='ltr'>exagitare</span> <span class='ocrx_word' id='word_1_563' title='bbox 1729 927 1927 979; x_wconf 80' lang='lat' dir='ltr'>coepisset,</span> <span class='ocrx_word' id='word_1_564' title='bbox 1958 928 2047 966; x_wconf 86' lang='lat' dir='ltr'>visis</span> <span class='ocrx_word' id='word_1_565' title='bbox 2076 931 2211 980; x_wconf 85' lang='lat' dir='ltr'>primis</span> <span class='ocrx_word' id='word_1_566' title='bbox 2240 931 2441 982; x_wconf 77' lang='lat' dir='ltr'>Augustini</span> 
     </span>
     <span class='ocr_line' id='line_1_75' title="bbox 1323 978 2439 1033; baseline 0.009 -20"><span class='ocrx_word' id='word_1_567' title='bbox 1323 978 1529 1028; x_wconf 86' lang='lat' dir='ltr'>operibus,</span> <span class='ocrx_word' id='word_1_568' title='bbox 1573 979 1709 1031; x_wconf 88' lang='lat' dir='ltr'>pedem</span> <span class='ocrx_word' id='word_1_569' title='bbox 1738 995 1760 1018; x_wconf 87' lang='lat' dir='ltr'>a</span> <span class='ocrx_word' id='word_1_570' title='bbox 1790 982 1996 1019; x_wconf 74' lang='lat' dir='ltr'>certamine</span> <span class='ocrx_word' id='word_1_571' title='bbox 2027 985 2208 1021; x_wconf 77' lang='lat' dir='ltr'>retraxit.</span> <span class='ocrx_word' id='word_1_572' title='bbox 2251 982 2439 1033; x_wconf 79' lang='lat' dir='ltr'>Superse-</span> 
     </span>
     <span class='ocr_line' id='line_1_76' title="bbox 1323 1029 2439 1085; baseline 0.004 -17"><span class='ocrx_word' id='word_1_573' title='bbox 1323 1029 1499 1068; x_wconf 64' lang='lat' dir='ltr'>dentlum</span> <span class='ocrx_word' id='word_1_574' title='bbox 1514 1033 1639 1083; x_wconf 86' lang='lat' dir='ltr'>inquit</span> <span class='ocrx_word' id='word_1_575' title='bbox 1667 1034 1734 1085; x_wconf 88' lang='lat' dir='ltr'>(in</span> <span class='ocrx_word' id='word_1_576' title='bbox 1751 1032 1825 1071; x_wconf 82' lang='lat' dir='ltr'>fine</span> <span class='ocrx_word' id='word_1_577' title='bbox 1841 1033 1946 1072; x_wconf 88' lang='lat' dir='ltr'>Dial.</span> <span class='ocrx_word' id='word_1_578' title='bbox 1963 1034 2056 1083; x_wconf 79' lang='grc' dir='ltr'><strong>ΙΙΙ.)</strong></span> <span class='ocrx_word' id='word_1_579' title='bbox 2088 1035 2175 1073; x_wconf 72' lang='lat' dir='ltr'>huic</span> <span class='ocrx_word' id='word_1_580' title='bbox 2195 1035 2319 1074; x_wconf 67' lang='lat' dir='ltr'>labori·</span> <span class='ocrx_word' id='word_1_581' title='bbox 2347 1049 2439 1073; x_wconf 90' lang='lat' dir='ltr'>cen-</span> 
     </span>
     <span class='ocr_line' id='line_1_77' title="bbox 1323 1084 2442 1142; baseline 0.006 -21"><span class='ocrx_word' id='word_1_582' title='bbox 1323 1096 1389 1122; x_wconf 82' lang='lat' dir='ltr'>seo</span> <span class='ocrx_word' id='word_1_583' title='bbox 1410 1114 1423 1132; x_wconf 84' lang='lat'>,</span> <span class='ocrx_word' id='word_1_584' title='bbox 1457 1097 1508 1122; x_wconf 85' lang='lat' dir='ltr'>ue</span> <span class='ocrx_word' id='word_1_585' title='bbox 1537 1084 1694 1123; x_wconf 76' lang='lat' dir='ltr'>dicatur</span> <span class='ocrx_word' id='word_1_586' title='bbox 1721 1086 1817 1124; x_wconf 68' lang='lat' dir='ltr'>milii</span> <span class='ocrx_word' id='word_1_587' title='bbox 1845 1087 1939 1124; x_wconf 81' lang='lat' dir='ltr'>illud</span> <span class='ocrx_word' id='word_1_588' title='bbox 1967 1086 2155 1127; x_wconf 75' lang='lat' dir='ltr'>Horatii:</span> <span class='ocrx_word' id='word_1_589' title='bbox 2199 1093 2239 1127; x_wconf 82' lang='lat' dir='ltr'>in</span> <span class='ocrx_word' id='word_1_590' title='bbox 2271 1089 2442 1142; x_wconf 66' lang='lat' dir='ltr'>Sylvam</span> 
     </span>
     <span class='ocr_line' id='line_1_78' title="bbox 1323 1137 2438 1190; baseline 0.004 -15"><span class='ocrx_word' id='word_1_591' title='bbox 1323 1150 1375 1175; x_wconf 79' lang='lat' dir='ltr'>ne</span> <span class='ocrx_word' id='word_1_592' title='bbox 1403 1138 1515 1190; x_wconf 79' lang='lat' dir='ltr'>ligna</span> <span class='ocrx_word' id='word_1_593' title='bbox 1531 1137 1658 1190; x_wconf 79' lang='lat' dir='ltr'>feras</span> <span class='ocrx_word' id='word_1_594' title='bbox 1676 1154 1693 1184; x_wconf 90' lang='lat'><em>;</em></span> <span class='ocrx_word' id='word_1_595' title='bbox 1720 1148 1792 1177; x_wconf 77' lang='lat' dir='ltr'>aut</span> <span class='ocrx_word' id='word_1_596' title='bbox 1821 1143 1930 1179; x_wconf 79' lang='lat' dir='ltr'>enim</span> <span class='ocrx_word' id='word_1_597' title='bbox 1958 1141 2102 1178; x_wconf 76' lang='lat' dir='ltr'>eadem</span> <span class='ocrx_word' id='word_1_598' title='bbox 2133 1142 2354 1181; x_wconf 77' lang='lat' dir='ltr'>diceremus</span> <span class='ocrx_word' id='word_1_599' title='bbox 2383 1155 2438 1180; x_wconf 70' lang='lat' dir='ltr'>ex</span> 
     </span>
     <span class='ocr_line' id='line_1_79' title="bbox 1321 1191 2441 1244; baseline 0.006 -16"><span class='ocrx_word' id='word_1_600' title='bbox 1321 1191 1520 1244; x_wconf 76' lang='lat' dir='ltr'>superfluo</span> <span class='ocrx_word' id='word_1_601' title='bbox 1535 1206 1552 1237; x_wconf 92' lang='lat'><em>;</em></span> <span class='ocrx_word' id='word_1_602' title='bbox 1581 1201 1650 1230; x_wconf 82' lang='lat' dir='ltr'>aut</span> <span class='ocrx_word' id='word_1_603' title='bbox 1679 1196 1713 1231; x_wconf 81' lang='lat' dir='ltr'>si</span> <span class='ocrx_word' id='word_1_604' title='bbox 1741 1206 1843 1231; x_wconf 77' lang='lat' dir='ltr'>nom</span> <span class='ocrx_word' id='word_1_605' title='bbox 1863 1194 2099 1233; x_wconf 60' lang='lat' dir='ltr'>voluerimus</span> <span class='ocrx_word' id='word_1_606' title='bbox 2118 1194 2248 1235; x_wconf 77' lang='lat' dir='ltr'>dicere</span> <span class='ocrx_word' id='word_1_607' title='bbox 2264 1225 2276 1244; x_wconf 89' lang='lat'>,</span> <span class='ocrx_word' id='word_1_608' title='bbox 2306 1209 2334 1234; x_wconf 84' lang='lat' dir='ltr'>a</span> <span class='ocrx_word' id='word_1_609' title='bbox 2354 1197 2441 1235; x_wconf 76' lang='lat' dir='ltr'>cla.-</span> 
     </span>
     <span class='ocr_line' id='line_1_80' title="bbox 1320 1248 2237 1298; baseline 0.008 -17"><span class='ocrx_word' id='word_1_610' title='bbox 1320 1248 1478 1283; x_wconf 75' lang='lat' dir='ltr'>rissimo</span> <span class='ocrx_word' id='word_1_611' title='bbox 1506 1249 1666 1298; x_wconf 80' lang='lat' dir='ltr'>ingenio</span> <span class='ocrx_word' id='word_1_612' title='bbox 1694 1257 1891 1298; x_wconf 72' lang='lat' dir='ltr'>occupatu.</span> <span class='ocrx_word' id='word_1_613' title='bbox 1920 1256 2010 1285; x_wconf 82' lang='lat' dir='ltr'>sunt·</span> <span class='ocrx_word' id='word_1_614' title='bbox 2041 1249 2237 1288; x_wconf 78' lang='lat' dir='ltr'>meliora..</span> 
     </span>
    </p>

    <p class='ocr_par' dir='ltr' id='par_1_13' title="bbox 1314 1300 2442 1618">
     <span class='ocr_line' id='line_1_81' title="bbox 1377 1300 2438 1352; baseline 0.005 -16"><span class='ocrx_word' id='word_1_615' title='bbox 1377 1312 1441 1350; x_wconf 83' lang='lat'>27.</span> <span class='ocrx_word' id='word_1_616' title='bbox 1471 1300 1572 1338; x_wconf 83' lang='lat' dir='ltr'>luter</span> <span class='ocrx_word' id='word_1_617' title='bbox 1607 1300 1809 1352; x_wconf 84' lang='lat' dir='ltr'>Augustini</span> <span class='ocrx_word' id='word_1_618' title='bbox 1847 1302 2022 1340; x_wconf 85' lang='lat' dir='ltr'>victorias</span> <span class='ocrx_word' id='word_1_619' title='bbox 2061 1304 2197 1340; x_wconf 87' lang='lat' dir='ltr'>merito</span> <span class='ocrx_word' id='word_1_620' title='bbox 2240 1315 2438 1341; x_wconf 76' lang='lat' dir='ltr'>recensere</span> 
     </span>
     <span class='ocr_line' id='line_1_82' title="bbox 1320 1351 2442 1406; baseline 0.004 -17"><span class='ocrx_word' id='word_1_621' title='bbox 1320 1351 1430 1390; x_wconf 87' lang='lat' dir='ltr'>debet</span> <span class='ocrx_word' id='word_1_622' title='bbox 1473 1353 1664 1392; x_wconf 83' lang='lat' dir='ltr'>mirabilis</span> <span class='ocrx_word' id='word_1_623' title='bbox 1700 1356 1895 1393; x_wconf 89' lang='lat' dir='ltr'>conversio</span> <span class='ocrx_word' id='word_1_624' title='bbox 1931 1355 2088 1406; x_wconf 82' lang='lat' dir='ltr'>Leporii</span> <span class='ocrx_word' id='word_1_625' title='bbox 2119 1354 2326 1401; x_wconf 65' lang='lat' dir='ltr'>wimachi,</span> <span class='ocrx_word' id='word_1_626' title='bbox 2369 1355 2442 1406; x_wconf 79' lang='lat' dir='ltr'>qui.</span> 
     </span>
     <span class='ocr_line' id='line_1_83' title="bbox 1320 1407 2442 1458; baseline 0.004 -17"><span class='ocrx_word' id='word_1_627' title='bbox 1320 1414 1474 1456; x_wconf 79' lang='lat' dir='ltr'>propter</span> <span class='ocrx_word' id='word_1_628' title='bbox 1502 1419 1647 1444; x_wconf 82' lang='lat' dir='ltr'>errores</span> <span class='ocrx_word' id='word_1_629' title='bbox 1680 1409 1784 1445; x_wconf 76' lang='lat' dir='ltr'>circa</span> <span class='ocrx_word' id='word_1_630' title='bbox 1825 1409 1987 1458; x_wconf 81' lang='lat' dir='ltr'>gratiam</span> <span class='ocrx_word' id='word_1_631' title='bbox 2031 1407 2080 1445; x_wconf 86' lang='lat' dir='ltr'>ab</span> <span class='ocrx_word' id='word_1_632' title='bbox 2110 1408 2283 1446; x_wconf 81' lang='lat' dir='ltr'>Ecclesia</span> <span class='ocrx_word' id='word_1_633' title='bbox 2311 1408 2442 1446; x_wconf 78' lang='lat' dir='ltr'>Galli-</span> 
     </span>
     <span class='ocr_line' id='line_1_84' title="bbox 1319 1457 2440 1511; baseline 0.004 -19"><span class='ocrx_word' id='word_1_634' title='bbox 1319 1470 1413 1493; x_wconf 80' lang='lat' dir='ltr'>cana</span> <span class='ocrx_word' id='word_1_635' title='bbox 1444 1457 1625 1508; x_wconf 83' lang='lat' dir='ltr'>expulsus</span> <span class='ocrx_word' id='word_1_636' title='bbox 1655 1459 1759 1496; x_wconf 81' lang='lat' dir='ltr'>felici</span> <span class='ocrx_word' id='word_1_637' title='bbox 1788 1461 1915 1496; x_wconf 86' lang='lat' dir='ltr'>omine</span> <span class='ocrx_word' id='word_1_638' title='bbox 1946 1462 1985 1497; x_wconf 87' lang='lat' dir='ltr'>in</span> <span class='ocrx_word' id='word_1_639' title='bbox 2017 1461 2189 1499; x_wconf 81' lang='lat' dir='ltr'>Africam</span> <span class='ocrx_word' id='word_1_640' title='bbox 2220 1462 2440 1511; x_wconf 76' lang='lat' dir='ltr'>navigavit3</span> 
     </span>
     <span class='ocr_line' id='line_1_85' title="bbox 1318 1508 2437 1562; baseline 0.004 -16"><span class='ocrx_word' id='word_1_641' title='bbox 1318 1508 1374 1546; x_wconf 89' lang='lat' dir='ltr'>ibi</span> <span class='ocrx_word' id='word_1_642' title='bbox 1405 1510 1507 1547; x_wconf 87' lang='lat' dir='ltr'>enim</span> <span class='ocrx_word' id='word_1_643' title='bbox 1536 1510 1586 1548; x_wconf 82' lang='lat' dir='ltr'>ab</span> <span class='ocrx_word' id='word_1_644' title='bbox 1607 1511 1819 1562; x_wconf 85' lang='lat' dir='ltr'>Augustino</span> <span class='ocrx_word' id='word_1_645' title='bbox 1847 1512 1893 1549; x_wconf 79' lang='lat' dir='ltr'>ad</span> <span class='ocrx_word' id='word_1_646' title='bbox 1923 1514 2119 1550; x_wconf 83' lang='lat' dir='ltr'>sanitatem</span> <span class='ocrx_word' id='word_1_647' title='bbox 2141 1527 2367 1561; x_wconf 86' lang='lat' dir='ltr'>conversus,</span> <span class='ocrx_word' id='word_1_648' title='bbox 2395 1526 2437 1550; x_wconf 87' lang='lat' dir='ltr'>o-</span> 
     </span>
     <span class='ocr_line' id='line_1_86' title="bbox 1314 1564 2441 1618; baseline 0.006 -19"><span class='ocrx_word' id='word_1_649' title='bbox 1314 1575 1423 1600; x_wconf 88' lang='lat' dir='ltr'>mnes</span> <span class='ocrx_word' id='word_1_650' title='bbox 1453 1576 1596 1600; x_wconf 89' lang='lat' dir='ltr'>errores</span> <span class='ocrx_word' id='word_1_651' title='bbox 1624 1576 1708 1610; x_wconf 84' lang='lat' dir='ltr'>suos</span> <span class='ocrx_word' id='word_1_652' title='bbox 1736 1566 1777 1602; x_wconf 83' lang='lat' dir='ltr'>in</span> <span class='ocrx_word' id='word_1_653' title='bbox 1791 1564 1963 1602; x_wconf 84' lang='lat' dir='ltr'>Concilio</span> <span class='ocrx_word' id='word_1_654' title='bbox 1982 1565 2284 1618; x_wconf 79' lang='lat' dir='ltr'>Carthaginiensi</span> <span class='ocrx_word' id='word_1_655' title='bbox 2314 1565 2441 1618; x_wconf 78' lang='lat' dir='ltr'>ejura-</span> 
     </span>
    </p>
   </div>
   <div class='ocr_carea' id='block_1_12' title="bbox 1311 1614 2385 1712">
    <p class='ocr_par' dir='ltr' id='par_1_14' title="bbox 1311 1614 2385 1712">
     <span class='ocr_line' id='line_1_87' title="bbox 1311 1614 2369 1712; baseline 0.002 -58"><span class='ocrx_word' id='word_1_656' title='bbox 1311 1616 1366 1655; x_wconf 81' lang='lat' dir='ltr'>vit</span> <span class='ocrx_word' id='word_1_657' title='bbox 1395 1619 1412 1668; x_wconf 93' lang='lat'><strong>(</strong></span> <span class='ocrx_word' id='word_1_658' title='bbox 1434 1614 1523 1654; x_wconf 85' lang='lat' dir='ltr'>Vid.</span> <span class='ocrx_word' id='word_1_659' title='bbox 1544 1616 1654 1668; x_wconf 85' lang='lat' dir='ltr'>epist.</span> <span class='ocrx_word' id='word_1_660' title='bbox 1673 1616 1715 1656; x_wconf 90' lang='lat' dir='ltr'>S.</span> <span class='ocrx_word' id='word_1_661' title='bbox 1737 1617 1837 1668; x_wconf 84' lang='lat' dir='ltr'>Aug.</span> <span class='ocrx_word' id='word_1_662' title='bbox 1856 1630 1948 1671; x_wconf 84' lang='lat'>219.</span> <span class='ocrx_word' id='word_1_663' title='bbox 1969 1618 2027 1670; x_wconf 90' lang='lat' dir='ltr'>(c)</span> <span class='ocrx_word' id='word_1_664' title='bbox 2050 1618 2065 1668; x_wconf 86' lang='lat'>)</span> <span class='ocrx_word' id='word_1_665' title='bbox 2083 1643 2094 1657; x_wconf 88' lang='lat'>.</span> <span class='ocrx_word' id='word_1_666' title='bbox 2343 1669 2369 1712; x_wconf 75' lang='grc'>8</span> 
     </span>
     <span class='ocr_line' id='line_1_88' title="bbox 2316 1684 2385 1712; baseline 0.014 -1"><span class='ocrx_word' id='word_1_667' title='bbox 2316 1684 2339 1711; x_wconf 85' lang='lat'><em>2</em></span> <span class='ocrx_word' id='word_1_668' title='bbox 2372 1698 2385 1712; x_wconf 85' lang='lat'>.</span> 
     </span>
    </p>
   </div>
   <div class='ocr_carea' id='block_1_13' title="bbox 1302 1768 2438 3432">
    <p class='ocr_par' dir='ltr' id='par_1_15' title="bbox 1308 1768 2438 2233">
     <span class='ocr_line' id='line_1_89' title="bbox 1308 1768 2436 1810; baseline 0.003 -9"><span class='ocrx_word' id='word_1_669' title='bbox 1308 1779 1433 1802; x_wconf 71' lang='lat' dir='ltr'>manus</span> <span class='ocrx_word' id='word_1_670' title='bbox 1460 1776 1563 1810; x_wconf 84' lang='lat' dir='ltr'>erat,</span> <span class='ocrx_word' id='word_1_671' title='bbox 1601 1771 1633 1803; x_wconf 75' lang='grc' dir='ltr'>δε</span> <span class='ocrx_word' id='word_1_672' title='bbox 1660 1769 1694 1803; x_wconf 86' lang='lat' dir='ltr'>S.</span> <span class='ocrx_word' id='word_1_673' title='bbox 1721 1768 1914 1804; x_wconf 70' lang='lat' dir='ltr'>Caelestino</span> <span class='ocrx_word' id='word_1_674' title='bbox 1940 1769 1976 1804; x_wconf 85' lang='lat' dir='ltr'>in</span> <span class='ocrx_word' id='word_1_675' title='bbox 2001 1770 2210 1806; x_wconf 70' lang='lat' dir='ltr'>pontificatu</span> <span class='ocrx_word' id='word_1_676' title='bbox 2236 1769 2407 1805; x_wconf 81' lang='lat' dir='ltr'>successit</span> <span class='ocrx_word' id='word_1_677' title='bbox 2424 1791 2436 1804; x_wconf 84' lang='lat'>.</span> 
     </span>
     <span class='ocr_line' id='line_1_90' title="bbox 1311 1815 2438 1862; baseline 0.001 -14"><span class='ocrx_word' id='word_1_678' title='bbox 1311 1816 1524 1859; x_wconf 76' lang='lat' dir='ltr'>Refragatur</span> <span class='ocrx_word' id='word_1_679' title='bbox 1551 1815 1633 1849; x_wconf 79' lang='lat' dir='ltr'>Nat.</span> <span class='ocrx_word' id='word_1_680' title='bbox 1661 1815 1859 1849; x_wconf 75' lang='lat' dir='ltr'>Alexander</span> <span class='ocrx_word' id='word_1_681' title='bbox 1886 1818 1920 1850; x_wconf 87' lang='lat' dir='ltr'>in</span> <span class='ocrx_word' id='word_1_682' title='bbox 1947 1818 2032 1850; x_wconf 81' lang='lat' dir='ltr'>Saec.</span> <span class='ocrx_word' id='word_1_683' title='bbox 2060 1818 2105 1851; x_wconf 90' lang='lat' dir='ltr'>V.</span> <span class='ocrx_word' id='word_1_684' title='bbox 2141 1828 2217 1862; x_wconf 87' lang='lat' dir='ltr'>cap.</span> <span class='ocrx_word' id='word_1_685' title='bbox 2245 1817 2277 1849; x_wconf 83' lang='lat'>3.</span> <span class='ocrx_word' id='word_1_686' title='bbox 2303 1825 2372 1850; x_wconf 85' lang='lat' dir='ltr'>art.</span> <span class='ocrx_word' id='word_1_687' title='bbox 2399 1817 2438 1850; x_wconf 82' lang='lat'>6.</span> 
     </span>
     <span class='ocr_line' id='line_1_91' title="bbox 1311 1860 2432 1904; baseline 0.001 -11"><span class='ocrx_word' id='word_1_688' title='bbox 1311 1864 1342 1904; x_wconf 51' lang='grc' dir='ltr'>ᾗ.</span> <span class='ocrx_word' id='word_1_689' title='bbox 1370 1863 1403 1895; x_wconf 83' lang='grc'>6.</span> <span class='ocrx_word' id='word_1_690' title='bbox 1430 1860 1591 1895; x_wconf 84' lang='lat' dir='ltr'>Editores</span> <span class='ocrx_word' id='word_1_691' title='bbox 1617 1864 1801 1904; x_wconf 76' lang='lat' dir='ltr'>Maurini,</span> <span class='ocrx_word' id='word_1_692' title='bbox 1828 1864 1972 1897; x_wconf 86' lang='lat' dir='ltr'>Ceillier</span> <span class='ocrx_word' id='word_1_693' title='bbox 2002 1863 2073 1896; x_wconf 79' lang='lat' dir='ltr'>Des</span> <span class='ocrx_word' id='word_1_694' title='bbox 2098 1872 2166 1897; x_wconf 81' lang='lat' dir='ltr'>auc.</span> <span class='ocrx_word' id='word_1_695' title='bbox 2194 1863 2299 1897; x_wconf 88' lang='lat' dir='ltr'>Eccl.</span> <span class='ocrx_word' id='word_1_696' title='bbox 2327 1863 2432 1897; x_wconf 87' lang='lat' dir='ltr'>Tom.</span> 
     </span>
     <span class='ocr_line' id='line_1_92' title="bbox 1310 1909 2436 1954; baseline -0.001 -12"><span class='ocrx_word' id='word_1_697' title='bbox 1310 1909 1407 1942; x_wconf 90' lang='lat' dir='ltr'>Xlll.</span> <span class='ocrx_word' id='word_1_698' title='bbox 1435 1920 1509 1952; x_wconf 80' lang='lat' dir='ltr'>cap.</span> <span class='ocrx_word' id='word_1_699' title='bbox 1532 1909 1612 1951; x_wconf 79' lang='grc'><strong>24.,</strong></span> <span class='ocrx_word' id='word_1_700' title='bbox 1639 1909 1768 1953; x_wconf 75' lang='lat' dir='ltr'>aliique</span> <span class='ocrx_word' id='word_1_701' title='bbox 1794 1921 1850 1942; x_wconf 87' lang='lat' dir='ltr'>eos</span> <span class='ocrx_word' id='word_1_702' title='bbox 1877 1910 2038 1943; x_wconf 83' lang='lat' dir='ltr'>tribuunt</span> <span class='ocrx_word' id='word_1_703' title='bbox 2065 1909 2180 1954; x_wconf 86' lang='lat' dir='ltr'>potius</span> <span class='ocrx_word' id='word_1_704' title='bbox 2199 1909 2316 1942; x_wconf 76' lang='lat' dir='ltr'>Mario</span> <span class='ocrx_word' id='word_1_705' title='bbox 2337 1910 2436 1942; x_wconf 75' lang='lat' dir='ltr'>Mer-</span> 
     </span>
     <span class='ocr_line' id='line_1_93' title="bbox 1310 1953 2434 1999; baseline 0.001 -11"><span class='ocrx_word' id='word_1_706' title='bbox 1310 1955 1449 1994; x_wconf 58' lang='lat' dir='ltr'>catos-21,</span> <span class='ocrx_word' id='word_1_707' title='bbox 1481 1956 1542 1999; x_wconf 77' lang='lat' dir='ltr'>qui</span> <span class='ocrx_word' id='word_1_708' title='bbox 1579 1956 1686 1989; x_wconf 80' lang='lat' dir='ltr'>etiam</span> <span class='ocrx_word' id='word_1_709' title='bbox 1714 1955 1810 1988; x_wconf 79' lang='lat' dir='ltr'>aliud</span> <span class='ocrx_word' id='word_1_710' title='bbox 1843 1956 1955 1989; x_wconf 83' lang='lat' dir='ltr'>simile</span> <span class='ocrx_word' id='word_1_711' title='bbox 1982 1956 2284 1989; x_wconf 79' lang='lat' dir='ltr'>Commonitorium</span> <span class='ocrx_word' id='word_1_712' title='bbox 2320 1953 2434 1989; x_wconf 78' lang='lat' dir='ltr'>edidit</span> 
     </span>
     <span class='ocr_line' id='line_1_94' title="bbox 1309 2000 2433 2047; baseline 0.001 -14"><span class='ocrx_word' id='word_1_713' title='bbox 1309 2010 1431 2034; x_wconf 85' lang='lat' dir='ltr'>contra</span> <span class='ocrx_word' id='word_1_714' title='bbox 1460 2001 1688 2046; x_wconf 78' lang='lat' dir='ltr'>Pelagianos,</span> <span class='ocrx_word' id='word_1_715' title='bbox 1715 2005 1746 2034; x_wconf 64' lang='grc' dir='ltr'>ὃ(</span> <span class='ocrx_word' id='word_1_716' title='bbox 1773 2003 1899 2047; x_wconf 84' lang='lat' dir='ltr'>imper.</span> <span class='ocrx_word' id='word_1_717' title='bbox 1926 2000 2123 2036; x_wconf 80' lang='lat' dir='ltr'>Theodosio</span> <span class='ocrx_word' id='word_1_718' title='bbox 2146 2002 2277 2035; x_wconf 85' lang='lat' dir='ltr'>obtulit</span> <span class='ocrx_word' id='word_1_719' title='bbox 2298 2021 2309 2041; x_wconf 90' lang='lat'>‚</span> <span class='ocrx_word' id='word_1_720' title='bbox 2348 2013 2433 2035; x_wconf 87' lang='lat' dir='ltr'>cnm</span> 
     </span>
     <span class='ocr_line' id='line_1_95' title="bbox 1309 2046 2432 2092; baseline 0.001 -12"><span class='ocrx_word' id='word_1_721' title='bbox 1309 2046 1402 2092; x_wconf 78' lang='lat' dir='ltr'>apud</span> <span class='ocrx_word' id='word_1_722' title='bbox 1426 2059 1504 2080; x_wconf 89' lang='lat' dir='ltr'>eum</span> <span class='ocrx_word' id='word_1_723' title='bbox 1532 2060 1638 2081; x_wconf 83' lang='lat' dir='ltr'>novas</span> <span class='ocrx_word' id='word_1_724' title='bbox 1665 2049 1786 2082; x_wconf 81' lang='lat' dir='ltr'>turbas</span> <span class='ocrx_word' id='word_1_725' title='bbox 1811 2049 1965 2082; x_wconf 79' lang='lat' dir='ltr'>excitare</span> <span class='ocrx_word' id='word_1_726' title='bbox 2004 2056 2209 2081; x_wconf 82' lang='lat' dir='ltr'>tentarent.</span> <span class='ocrx_word' id='word_1_727' title='bbox 2247 2047 2432 2081; x_wconf 77' lang='lat' dir='ltr'>Nonnulla</span> 
     </span>
     <span class='ocr_line' id='line_1_96' title="bbox 1309 2092 2431 2139; baseline -0.001 -12"><span class='ocrx_word' id='word_1_728' title='bbox 1309 2095 1378 2127; x_wconf 82' lang='lat' dir='ltr'>alia</span> <span class='ocrx_word' id='word_1_729' title='bbox 1403 2106 1505 2138; x_wconf 80' lang='lat' dir='ltr'>opera</span> <span class='ocrx_word' id='word_1_730' title='bbox 1521 2095 1626 2128; x_wconf 88' lang='lat' dir='ltr'>Marii</span> <span class='ocrx_word' id='word_1_731' title='bbox 1641 2095 1847 2129; x_wconf 84' lang='lat' dir='ltr'>Mercatoris</span> <span class='ocrx_word' id='word_1_732' title='bbox 1862 2104 1983 2129; x_wconf 89' lang='lat' dir='ltr'>contra</span> <span class='ocrx_word' id='word_1_733' title='bbox 1999 2095 2196 2139; x_wconf 75' lang='lat' dir='ltr'>Pelagianos</span> <span class='ocrx_word' id='word_1_734' title='bbox 2215 2092 2329 2126; x_wconf 86' lang='lat' dir='ltr'>videri</span> <span class='ocrx_word' id='word_1_735' title='bbox 2350 2104 2431 2138; x_wconf 89' lang='lat' dir='ltr'>pos-</span> 
     </span>
     <span class='ocr_line' id='line_1_97' title="bbox 1311 2140 2431 2187; baseline 0 -14"><span class='ocrx_word' id='word_1_736' title='bbox 1311 2149 1391 2174; x_wconf 81' lang='lat' dir='ltr'>sunt</span> <span class='ocrx_word' id='word_1_737' title='bbox 1419 2141 1453 2174; x_wconf 90' lang='lat' dir='ltr'>in</span> <span class='ocrx_word' id='word_1_738' title='bbox 1479 2140 1629 2175; x_wconf 82' lang='lat' dir='ltr'>editione</span> <span class='ocrx_word' id='word_1_739' title='bbox 1654 2142 1814 2182; x_wconf 63' lang='lat' dir='ltr'>Bataui,</span> <span class='ocrx_word' id='word_1_740' title='bbox 1839 2154 1917 2187; x_wconf 82' lang='lat' dir='ltr'>quae</span> <span class='ocrx_word' id='word_1_741' title='bbox 1942 2140 2078 2175; x_wconf 79' lang='lat' dir='ltr'>duabus</span> <span class='ocrx_word' id='word_1_742' title='bbox 2104 2140 2281 2185; x_wconf 83' lang='lat' dir='ltr'>prioribus</span> <span class='ocrx_word' id='word_1_743' title='bbox 2295 2141 2431 2173; x_wconf 78' lang='lat' dir='ltr'>Game-</span> 
     </span>
     <span class='ocr_line' id='line_1_98' title="bbox 1310 2187 2291 2233; baseline -0.002 -13"><span class='ocrx_word' id='word_1_744' title='bbox 1310 2188 1382 2227; x_wconf 86' lang='lat' dir='ltr'>rii,</span> <span class='ocrx_word' id='word_1_745' title='bbox 1406 2190 1439 2220; x_wconf 85' lang='lat'>&amp;</span> <span class='ocrx_word' id='word_1_746' title='bbox 1464 2187 1621 2233; x_wconf 77' lang='lat' dir='ltr'>Righerii</span> <span class='ocrx_word' id='word_1_747' title='bbox 1653 2193 1737 2228; x_wconf 81' lang='lat' dir='ltr'>(seu</span> <span class='ocrx_word' id='word_1_748' title='bbox 1764 2188 1998 2227; x_wconf 81' lang='lat' dir='ltr'>Gerberonii)</span> <span class='ocrx_word' id='word_1_749' title='bbox 2024 2187 2193 2231; x_wconf 86' lang='lat' dir='ltr'>copiosior</span> <span class='ocrx_word' id='word_1_750' title='bbox 2219 2194 2291 2219; x_wconf 83' lang='lat' dir='ltr'>est.</span> 
     </span>
    </p>

    <p class='ocr_par' dir='ltr' id='par_1_16' title="bbox 1302 2231 2433 2645">
     <span class='ocr_line' id='line_1_99' title="bbox 1363 2231 2432 2279; baseline 0 -13"><span class='ocrx_word' id='word_1_751' title='bbox 1363 2238 1411 2272; x_wconf 90' lang='lat' dir='ltr'>(c)</span> <span class='ocrx_word' id='word_1_752' title='bbox 1439 2234 1514 2267; x_wconf 86' lang='lat' dir='ltr'>Non</span> <span class='ocrx_word' id='word_1_753' title='bbox 1543 2235 1666 2267; x_wconf 87' lang='lat' dir='ltr'>inutile</span> <span class='ocrx_word' id='word_1_754' title='bbox 1693 2234 1759 2267; x_wconf 87' lang='lat' dir='ltr'>erit</span> <span class='ocrx_word' id='word_1_755' title='bbox 1785 2235 1928 2268; x_wconf 79' lang='lat' dir='ltr'>brevem</span> <span class='ocrx_word' id='word_1_756' title='bbox 1954 2234 2111 2279; x_wconf 76' lang='lat' dir='ltr'>aliquam</span> <span class='ocrx_word' id='word_1_757' title='bbox 2128 2233 2186 2266; x_wconf 78' lang='lat' dir='ltr'>hic</span> <span class='ocrx_word' id='word_1_758' title='bbox 2205 2231 2368 2266; x_wconf 81' lang='lat' dir='ltr'>adtexere</span> <span class='ocrx_word' id='word_1_759' title='bbox 2393 2243 2432 2266; x_wconf 90' lang='lat' dir='ltr'>o-</span> 
     </span>
     <span class='ocr_line' id='line_1_100' title="bbox 1309 2278 2433 2325; baseline 0.001 -14"><span class='ocrx_word' id='word_1_760' title='bbox 1309 2290 1433 2324; x_wconf 83' lang='lat' dir='ltr'>perum</span> <span class='ocrx_word' id='word_1_761' title='bbox 1459 2280 1648 2321; x_wconf 85' lang='lat' dir='ltr'>notitiam,</span> <span class='ocrx_word' id='word_1_762' title='bbox 1673 2292 1750 2325; x_wconf 82' lang='lat' dir='ltr'>quae</span> <span class='ocrx_word' id='word_1_763' title='bbox 1776 2281 1809 2313; x_wconf 87' lang='lat' dir='ltr'>S.</span> <span class='ocrx_word' id='word_1_764' title='bbox 1837 2281 2054 2325; x_wconf 85' lang='lat' dir='ltr'>Augustinus</span> <span class='ocrx_word' id='word_1_765' title='bbox 2081 2288 2203 2312; x_wconf 78' lang='lat' dir='ltr'>contra</span> <span class='ocrx_word' id='word_1_766' title='bbox 2229 2278 2433 2322; x_wconf 85' lang='lat' dir='ltr'>Pelagiano-</span> 
     </span>
     <span class='ocr_line' id='line_1_101' title="bbox 1306 2324 2428 2370; baseline 0 -13"><span class='ocrx_word' id='word_1_767' title='bbox 1306 2337 1384 2358; x_wconf 88' lang='lat' dir='ltr'>rum</span> <span class='ocrx_word' id='word_1_768' title='bbox 1412 2337 1546 2360; x_wconf 88' lang='lat' dir='ltr'>errores</span> <span class='ocrx_word' id='word_1_769' title='bbox 1572 2327 1778 2370; x_wconf 86' lang='lat' dir='ltr'>conscripsit</span> <span class='ocrx_word' id='word_1_770' title='bbox 1801 2348 1809 2357; x_wconf 86' lang='lat'>.</span> <span class='ocrx_word' id='word_1_771' title='bbox 1836 2327 1938 2360; x_wconf 86' lang='lat' dir='ltr'>Anno</span> <span class='ocrx_word' id='word_1_772' title='bbox 1962 2326 2104 2359; x_wconf 84' lang='lat' dir='ltr'>circiter</span> <span class='ocrx_word' id='word_1_773' title='bbox 2130 2324 2211 2366; x_wconf 72' lang='grc'><strong>412.</strong></span> <span class='ocrx_word' id='word_1_774' title='bbox 2237 2333 2428 2368; x_wconf 82' lang='lat' dir='ltr'>postquam</span> 
     </span>
     <span class='ocr_line' id='line_1_102' title="bbox 1304 2368 2430 2416; baseline 0 -12"><span class='ocrx_word' id='word_1_775' title='bbox 1304 2372 1550 2413; x_wconf 82' lang='lat' dir='ltr'>sermonibus,</span> <span class='ocrx_word' id='word_1_776' title='bbox 1586 2375 1618 2404; x_wconf 91' lang='lat'>&amp;</span> <span class='ocrx_word' id='word_1_777' title='bbox 1643 2372 1789 2416; x_wconf 80' lang='lat' dir='ltr'>privatis</span> <span class='ocrx_word' id='word_1_778' title='bbox 1816 2372 1998 2416; x_wconf 76' lang='lat' dir='ltr'>colloquiis</span> <span class='ocrx_word' id='word_1_779' title='bbox 2025 2379 2181 2404; x_wconf 83' lang='lat' dir='ltr'>errantes</span> <span class='ocrx_word' id='word_1_780' title='bbox 2218 2368 2261 2402; x_wconf 86' lang='lat' dir='ltr'>ad</span> <span class='ocrx_word' id='word_1_781' title='bbox 2295 2370 2430 2404; x_wconf 81' lang='lat' dir='ltr'>sanita-</span> 
     </span>
     <span class='ocr_line' id='line_1_103' title="bbox 1304 2414 2432 2460; baseline -0.003 -8"><span class='ocrx_word' id='word_1_782' title='bbox 1304 2427 1374 2452; x_wconf 87' lang='lat' dir='ltr'>tem</span> <span class='ocrx_word' id='word_1_783' title='bbox 1401 2430 1564 2452; x_wconf 84' lang='lat' dir='ltr'>revocare</span> <span class='ocrx_word' id='word_1_784' title='bbox 1590 2419 1723 2452; x_wconf 78' lang='lat' dir='ltr'>frustra</span> <span class='ocrx_word' id='word_1_785' title='bbox 1749 2415 1962 2457; x_wconf 84' lang='lat' dir='ltr'>studuisset,</span> <span class='ocrx_word' id='word_1_786' title='bbox 1988 2416 2127 2460; x_wconf 87' lang='lat' dir='ltr'>scriptis</span> <span class='ocrx_word' id='word_1_787' title='bbox 2154 2414 2322 2448; x_wconf 85' lang='lat' dir='ltr'>adversus</span> <span class='ocrx_word' id='word_1_788' title='bbox 2349 2427 2432 2460; x_wconf 84' lang='lat' dir='ltr'>per-</span> 
     </span>
     <span class='ocr_line' id='line_1_104' title="bbox 1304 2460 2431 2509; baseline -0.001 -12"><span class='ocrx_word' id='word_1_789' title='bbox 1304 2465 1434 2497; x_wconf 82' lang='lat' dir='ltr'>tinaces</span> <span class='ocrx_word' id='word_1_790' title='bbox 1459 2463 1637 2498; x_wconf 78' lang='lat' dir='ltr'>decertare</span> <span class='ocrx_word' id='word_1_791' title='bbox 1663 2464 1793 2509; x_wconf 82' lang='lat' dir='ltr'>coepit3</span> <span class='ocrx_word' id='word_1_792' title='bbox 1831 2467 1862 2496; x_wconf 74' lang='grc' dir='ltr'>ἃ</span> <span class='ocrx_word' id='word_1_793' title='bbox 1888 2463 2002 2508; x_wconf 86' lang='lat' dir='ltr'>primo</span> <span class='ocrx_word' id='word_1_794' title='bbox 2033 2460 2174 2506; x_wconf 81' lang='lat' dir='ltr'>quidem</span> <span class='ocrx_word' id='word_1_795' title='bbox 2208 2469 2277 2494; x_wconf 86' lang='lat' dir='ltr'>tres</span> <span class='ocrx_word' id='word_1_796' title='bbox 2318 2462 2431 2496; x_wconf 81' lang='lat' dir='ltr'>libros</span> 
     </span>
     <span class='ocr_line' id='line_1_105' title="bbox 1303 2505 2426 2555; baseline -0.004 -11"><span class='ocrx_word' id='word_1_797' title='bbox 1303 2512 1348 2544; x_wconf 88' lang='lat' dir='ltr'>de</span> <span class='ocrx_word' id='word_1_798' title='bbox 1372 2519 1586 2555; x_wconf 81' lang='lat' dir='ltr'>peccatorum</span> <span class='ocrx_word' id='word_1_799' title='bbox 1610 2514 1744 2544; x_wconf 79' lang='lat' dir='ltr'>meritis</span> <span class='ocrx_word' id='word_1_800' title='bbox 1760 2531 1771 2550; x_wconf 85' lang='lat'>‚</span> <span class='ocrx_word' id='word_1_801' title='bbox 1797 2512 1837 2543; x_wconf 53' lang='grc' dir='ltr'>(θ’</span> <span class='ocrx_word' id='word_1_802' title='bbox 1864 2511 2089 2546; x_wconf 73' lang='lat' dir='ltr'>remissione,</span> <span class='ocrx_word' id='word_1_803' title='bbox 2116 2510 2158 2539; x_wconf 64' lang='lat'>(⁹²</span> <span class='ocrx_word' id='word_1_804' title='bbox 2184 2508 2228 2539; x_wconf 89' lang='lat' dir='ltr'>de</span> <span class='ocrx_word' id='word_1_805' title='bbox 2246 2505 2426 2549; x_wconf 70' lang='lat' dir='ltr'>Baptismo</span> 
     </span>
     <span class='ocr_line' id='line_1_106' title="bbox 1302 2551 2429 2600; baseline -0.002 -11"><span class='ocrx_word' id='word_1_806' title='bbox 1302 2561 1514 2600; x_wconf 67' lang='lat' dir='ltr'>paruulorum</span> <span class='ocrx_word' id='word_1_807' title='bbox 1540 2556 1582 2590; x_wconf 86' lang='lat' dir='ltr'>ad</span> <span class='ocrx_word' id='word_1_808' title='bbox 1609 2557 1858 2590; x_wconf 80' lang='lat' dir='ltr'>Marcellinum</span> <span class='ocrx_word' id='word_1_809' title='bbox 1883 2554 2005 2594; x_wconf 85' lang='lat' dir='ltr'>misit,</span> <span class='ocrx_word' id='word_1_810' title='bbox 2044 2551 2086 2584; x_wconf 90' lang='lat' dir='ltr'>ad</span> <span class='ocrx_word' id='word_1_811' title='bbox 2111 2563 2216 2596; x_wconf 90' lang='lat' dir='ltr'>quem</span> <span class='ocrx_word' id='word_1_812' title='bbox 2242 2561 2362 2598; x_wconf 81' lang='lat' dir='ltr'>postea</span> <span class='ocrx_word' id='word_1_813' title='bbox 2389 2565 2429 2587; x_wconf 84' lang='lat' dir='ltr'>e-</span> 
     </span>
     <span class='ocr_line' id='line_1_107' title="bbox 1305 2601 2200 2645; baseline -0.008 -8"><span class='ocrx_word' id='word_1_814' title='bbox 1305 2604 1392 2637; x_wconf 82' lang='lat' dir='ltr'>tiam</span> <span class='ocrx_word' id='word_1_815' title='bbox 1416 2602 1545 2637; x_wconf 71' lang='lat' dir='ltr'>direxit</span> <span class='ocrx_word' id='word_1_816' title='bbox 1571 2603 1701 2637; x_wconf 82' lang='lat' dir='ltr'>librum</span> <span class='ocrx_word' id='word_1_817' title='bbox 1726 2604 1769 2636; x_wconf 83' lang='lat' dir='ltr'>de</span> <span class='ocrx_word' id='word_1_818' title='bbox 1796 2602 1957 2645; x_wconf 80' lang='lat' dir='ltr'>Spiritu,</span> <span class='ocrx_word' id='word_1_819' title='bbox 1984 2604 2025 2633; x_wconf 60' lang='grc' dir='ltr'><em>Θ</em></span> <span class='ocrx_word' id='word_1_820' title='bbox 2051 2601 2200 2632; x_wconf 78' lang='lat' dir='ltr'>littera.</span> 
     </span>
    </p>

    <p class='ocr_par' dir='ltr' id='par_1_17' title="bbox 1305 2643 2429 2970">
     <span class='ocr_line' id='line_1_108' title="bbox 1353 2643 2427 2691; baseline -0.004 -9"><span class='ocrx_word' id='word_1_821' title='bbox 1353 2650 1447 2682; x_wconf 81' lang='lat' dir='ltr'>Tum</span> <span class='ocrx_word' id='word_1_822' title='bbox 1474 2661 1555 2683; x_wconf 87' lang='lat' dir='ltr'>vero</span> <span class='ocrx_word' id='word_1_823' title='bbox 1579 2662 1659 2683; x_wconf 88' lang='lat' dir='ltr'>cum</span> <span class='ocrx_word' id='word_1_824' title='bbox 1685 2651 1719 2682; x_wconf 91' lang='lat' dir='ltr'>S.</span> <span class='ocrx_word' id='word_1_825' title='bbox 1745 2650 1874 2682; x_wconf 87' lang='lat' dir='ltr'>Doctor</span> <span class='ocrx_word' id='word_1_826' title='bbox 1904 2646 2089 2691; x_wconf 83' lang='lat' dir='ltr'>epistolam</span> <span class='ocrx_word' id='word_1_827' title='bbox 2115 2644 2243 2688; x_wconf 80' lang='lat' dir='ltr'>Pelagii</span> <span class='ocrx_word' id='word_1_828' title='bbox 2281 2643 2323 2677; x_wconf 82' lang='lat' dir='ltr'>ad</span> <span class='ocrx_word' id='word_1_829' title='bbox 2355 2645 2427 2678; x_wconf 89' lang='lat' dir='ltr'>De-</span> 
     </span>
     <span class='ocr_line' id='line_1_109' title="bbox 1306 2691 2429 2740; baseline -0.004 -13"><span class='ocrx_word' id='word_1_830' title='bbox 1306 2693 1512 2728; x_wconf 85' lang='lat' dir='ltr'>metriadem</span> <span class='ocrx_word' id='word_1_831' title='bbox 1539 2697 1702 2740; x_wconf 80' lang='lat' dir='ltr'>legisset,</span> <span class='ocrx_word' id='word_1_832' title='bbox 1737 2706 1813 2739; x_wconf 63' lang='lat' dir='ltr'>quae</span> <span class='ocrx_word' id='word_1_833' title='bbox 1852 2693 2006 2725; x_wconf 79' lang='lat' dir='ltr'>maxima</span> <span class='ocrx_word' id='word_1_834' title='bbox 2044 2699 2118 2724; x_wconf 80' lang='lat' dir='ltr'>arte</span> <span class='ocrx_word' id='word_1_835' title='bbox 2154 2691 2335 2724; x_wconf 84' lang='lat' dir='ltr'>elaborata</span> <span class='ocrx_word' id='word_1_836' title='bbox 2361 2691 2429 2724; x_wconf 87' lang='lat' dir='ltr'>sub</span> 
     </span>
     <span class='ocr_line' id='line_1_110' title="bbox 1305 2736 2429 2786; baseline -0.004 -13"><span class='ocrx_word' id='word_1_837' title='bbox 1305 2741 1446 2785; x_wconf 82' lang='lat' dir='ltr'>pietatis</span> <span class='ocrx_word' id='word_1_838' title='bbox 1474 2743 1586 2785; x_wconf 76' lang='lat' dir='ltr'>specie</span> <span class='ocrx_word' id='word_1_839' title='bbox 1606 2743 1827 2786; x_wconf 79' lang='lat' dir='ltr'>pelagianum</span> <span class='ocrx_word' id='word_1_840' title='bbox 1854 2739 1950 2770; x_wconf 87' lang='lat' dir='ltr'>virus</span> <span class='ocrx_word' id='word_1_841' title='bbox 1975 2737 2203 2776; x_wconf 78' lang='lat' dir='ltr'>occultabat,</span> <span class='ocrx_word' id='word_1_842' title='bbox 2231 2736 2372 2780; x_wconf 86' lang='lat' dir='ltr'>scripsit</span> <span class='ocrx_word' id='word_1_843' title='bbox 2390 2748 2429 2769; x_wconf 91' lang='lat' dir='ltr'>e-</span> 
     </span>
     <span class='ocr_line' id='line_1_111' title="bbox 1305 2783 2427 2832; baseline -0.003 -13"><span class='ocrx_word' id='word_1_844' title='bbox 1305 2788 1469 2832; x_wconf 75' lang='lat' dir='ltr'>pistolam</span> <span class='ocrx_word' id='word_1_845' title='bbox 1507 2787 1548 2821; x_wconf 84' lang='lat' dir='ltr'>ad</span> <span class='ocrx_word' id='word_1_846' title='bbox 1583 2787 1658 2832; x_wconf 76' lang='lat' dir='ltr'>ejus</span> <span class='ocrx_word' id='word_1_847' title='bbox 1683 2794 1830 2819; x_wconf 81' lang='lat' dir='ltr'>matrem</span> <span class='ocrx_word' id='word_1_848' title='bbox 1857 2785 2058 2825; x_wconf 86' lang='lat' dir='ltr'>Julianam,</span> <span class='ocrx_word' id='word_1_849' title='bbox 2084 2794 2159 2828; x_wconf 83' lang='lat' dir='ltr'>quae</span> <span class='ocrx_word' id='word_1_850' title='bbox 2187 2790 2240 2815; x_wconf 85' lang='lat' dir='ltr'>est</span> <span class='ocrx_word' id='word_1_851' title='bbox 2271 2783 2368 2822; x_wconf 59' lang='lat'>¹88„</span> <span class='ocrx_word' id='word_1_852' title='bbox 2394 2785 2427 2815; x_wconf 90' lang='lat'>&amp;</span> 
     </span>
     <span class='ocr_line' id='line_1_112' title="bbox 1306 2828 2425 2875; baseline -0.004 -9"><span class='ocrx_word' id='word_1_853' title='bbox 1306 2834 1412 2867; x_wconf 76' lang='lat' dir='ltr'>aliam</span> <span class='ocrx_word' id='word_1_854' title='bbox 1439 2842 1541 2868; x_wconf 85' lang='lat' dir='ltr'>antea</span> <span class='ocrx_word' id='word_1_855' title='bbox 1566 2833 1757 2875; x_wconf 84' lang='lat' dir='ltr'>longiorem</span> <span class='ocrx_word' id='word_1_856' title='bbox 1783 2830 1966 2875; x_wconf 79' lang='lat' dir='ltr'>epistolam</span> <span class='ocrx_word' id='word_1_857' title='bbox 1991 2829 2134 2862; x_wconf 82' lang='lat' dir='ltr'>dederat</span> <span class='ocrx_word' id='word_1_858' title='bbox 2156 2828 2292 2861; x_wconf 81' lang='lat' dir='ltr'>Hilario</span> <span class='ocrx_word' id='word_1_859' title='bbox 2316 2832 2425 2872; x_wconf 73' lang='lat' dir='ltr'>(quae</span> 
     </span>
     <span class='ocr_line' id='line_1_113' title="bbox 1305 2873 2427 2924; baseline -0.005 -11"><span class='ocrx_word' id='word_1_860' title='bbox 1305 2888 1358 2913; x_wconf 83' lang='lat' dir='ltr'>est</span> <span class='ocrx_word' id='word_1_861' title='bbox 1377 2881 1500 2924; x_wconf 86' lang='lat'>157.)‚</span> <span class='ocrx_word' id='word_1_862' title='bbox 1525 2879 1586 2924; x_wconf 88' lang='lat' dir='ltr'>qui</span> <span class='ocrx_word' id='word_1_863' title='bbox 1613 2889 1692 2910; x_wconf 87' lang='lat' dir='ltr'>eum</span> <span class='ocrx_word' id='word_1_864' title='bbox 1717 2876 1759 2910; x_wconf 86' lang='lat' dir='ltr'>de</span> <span class='ocrx_word' id='word_1_865' title='bbox 1784 2876 1964 2910; x_wconf 84' lang='lat' dir='ltr'>erroribus</span> <span class='ocrx_word' id='word_1_866' title='bbox 1988 2875 2254 2920; x_wconf 76' lang='lat' dir='ltr'>pelagianorum</span> <span class='ocrx_word' id='word_1_867' title='bbox 2279 2873 2315 2907; x_wconf 88' lang='lat' dir='ltr'>in</span> <span class='ocrx_word' id='word_1_868' title='bbox 2335 2875 2427 2908; x_wconf 86' lang='lat' dir='ltr'>Sici-</span> 
     </span>
     <span class='ocr_line' id='line_1_114' title="bbox 1305 2924 2168 2970; baseline -0.007 -12"><span class='ocrx_word' id='word_1_869' title='bbox 1305 2925 1353 2959; x_wconf 84' lang='lat' dir='ltr'>lia</span> <span class='ocrx_word' id='word_1_870' title='bbox 1381 2924 1619 2970; x_wconf 73' lang='lat' dir='ltr'>grassantibus</span> <span class='ocrx_word' id='word_1_871' title='bbox 1643 2931 1848 2957; x_wconf 76' lang='lat' dir='ltr'>monuerat.</span> <span class='ocrx_word' id='word_1_872' title='bbox 2166 2966 2168 2968; x_wconf 26' lang='grc' dir='ltr'>Ι</span> 
     </span>
    </p>

    <p class='ocr_par' dir='ltr' id='par_1_18' title="bbox 1305 2965 2428 3199">
     <span class='ocr_line' id='line_1_115' title="bbox 1352 2965 2428 3014; baseline -0.007 -8"><span class='ocrx_word' id='word_1_873' title='bbox 1352 2973 1455 3006; x_wconf 87' lang='lat' dir='ltr'>Anno</span> <span class='ocrx_word' id='word_1_874' title='bbox 1479 2978 1595 3003; x_wconf 80' lang='lat' dir='ltr'>autem</span> <span class='ocrx_word' id='word_1_875' title='bbox 1620 2967 1701 3011; x_wconf 86' lang='grc'><strong>415.</strong></span> <span class='ocrx_word' id='word_1_876' title='bbox 1741 2967 1907 3014; x_wconf 76' lang='lat' dir='ltr'>grandem</span> <span class='ocrx_word' id='word_1_877' title='bbox 1933 2968 2064 3003; x_wconf 88' lang='lat' dir='ltr'>librum</span> <span class='ocrx_word' id='word_1_878' title='bbox 2102 2965 2268 3002; x_wconf 80' lang='lat' dir='ltr'>adversus</span> <span class='ocrx_word' id='word_1_879' title='bbox 2295 2966 2428 3011; x_wconf 81' lang='lat' dir='ltr'>Pelagii</span> 
     </span>
     <span class='ocr_line' id='line_1_116' title="bbox 1305 3013 2425 3060; baseline -0.004 -9"><span class='ocrx_word' id='word_1_880' title='bbox 1305 3017 1468 3051; x_wconf 62' lang='lat' dir='ltr'>lia-resim</span> <span class='ocrx_word' id='word_1_881' title='bbox 1492 3016 1686 3060; x_wconf 87' lang='lat' dir='ltr'>composuit</span> <span class='ocrx_word' id='word_1_882' title='bbox 1711 3016 1869 3049; x_wconf 82' lang='lat' dir='ltr'>Timasio</span> <span class='ocrx_word' id='word_1_883' title='bbox 1885 3037 1895 3056; x_wconf 89' lang='lat'>,</span> <span class='ocrx_word' id='word_1_884' title='bbox 1933 3019 1966 3048; x_wconf 88' lang='lat'>&amp;</span> <span class='ocrx_word' id='word_1_885' title='bbox 1990 3015 2122 3048; x_wconf 77' lang='lat' dir='ltr'>Jacobo</span> <span class='ocrx_word' id='word_1_886' title='bbox 2147 3013 2425 3049; x_wconf 81' lang='lat' dir='ltr'>adolescentibus</span> 
     </span>
     <span class='ocr_line' id='line_1_117' title="bbox 1306 3059 2427 3107; baseline -0.007 -10"><span class='ocrx_word' id='word_1_887' title='bbox 1306 3063 1484 3102; x_wconf 88' lang='lat' dir='ltr'>dicatum,</span> <span class='ocrx_word' id='word_1_888' title='bbox 1510 3074 1594 3107; x_wconf 87' lang='lat' dir='ltr'>quos</span> <span class='ocrx_word' id='word_1_889' title='bbox 1624 3062 1781 3106; x_wconf 81' lang='lat' dir='ltr'>Pelagius</span> <span class='ocrx_word' id='word_1_890' title='bbox 1807 3062 1984 3096; x_wconf 86' lang='lat' dir='ltr'>erroribus</span> <span class='ocrx_word' id='word_1_891' title='bbox 2010 3062 2082 3094; x_wconf 83' lang='lat' dir='ltr'>suis</span> <span class='ocrx_word' id='word_1_892' title='bbox 2108 3061 2298 3094; x_wconf 82' lang='lat' dir='ltr'>infecerat=</span> <span class='ocrx_word' id='word_1_893' title='bbox 2338 3059 2427 3102; x_wconf 86' lang='lat' dir='ltr'>ipsi-</span> 
     </span>
     <span class='ocr_line' id='line_1_118' title="bbox 1306 3102 2426 3154; baseline -0.004 -11"><span class='ocrx_word' id='word_1_894' title='bbox 1306 3121 1373 3154; x_wconf 90' lang='lat' dir='ltr'>que</span> <span class='ocrx_word' id='word_1_895' title='bbox 1397 3109 1541 3142; x_wconf 85' lang='lat' dir='ltr'>titulum</span> <span class='ocrx_word' id='word_1_896' title='bbox 1555 3109 1668 3153; x_wconf 86' lang='lat' dir='ltr'>posuit</span> <span class='ocrx_word' id='word_1_897' title='bbox 1684 3108 1740 3142; x_wconf 86' lang='lat' dir='ltr'>De</span> <span class='ocrx_word' id='word_1_898' title='bbox 1758 3116 1877 3142; x_wconf 80' lang='lat' dir='ltr'>natura</span> <span class='ocrx_word' id='word_1_899' title='bbox 1890 3130 1901 3148; x_wconf 90' lang='lat'>,</span> <span class='ocrx_word' id='word_1_900' title='bbox 1928 3114 1968 3141; x_wconf 56' lang='grc' dir='ltr'>(θ’</span> <span class='ocrx_word' id='word_1_901' title='bbox 1982 3111 2118 3152; x_wconf 75' lang='lat' dir='ltr'>gratia,</span> <span class='ocrx_word' id='word_1_902' title='bbox 2143 3114 2181 3139; x_wconf 85' lang='lat' dir='ltr'>ut</span> <span class='ocrx_word' id='word_1_903' title='bbox 2195 3117 2280 3151; x_wconf 90' lang='lat' dir='ltr'>opus</span> <span class='ocrx_word' id='word_1_904' title='bbox 2296 3126 2308 3144; x_wconf 83' lang='lat'><em>‚</em></span> <span class='ocrx_word' id='word_1_905' title='bbox 2333 3102 2426 3149; x_wconf 84' lang='lat' dir='ltr'>quod</span> 
     </span>
     <span class='ocr_line' id='line_1_119' title="bbox 1307 3154 2197 3199; baseline -0.007 -9"><span class='ocrx_word' id='word_1_906' title='bbox 1307 3155 1464 3199; x_wconf 79' lang='lat' dir='ltr'>Pelagius</span> <span class='ocrx_word' id='word_1_907' title='bbox 1490 3156 1533 3188; x_wconf 82' lang='lat' dir='ltr'>de</span> <span class='ocrx_word' id='word_1_908' title='bbox 1560 3163 1678 3188; x_wconf 73' lang='lat' dir='ltr'>nutura</span> <span class='ocrx_word' id='word_1_909' title='bbox 1705 3155 1955 3199; x_wconf 81' lang='lat' dir='ltr'>inscripserat,</span> <span class='ocrx_word' id='word_1_910' title='bbox 1981 3154 2197 3187; x_wconf 82' lang='lat' dir='ltr'>confutaret.</span> 
     </span>
    </p>

    <p class='ocr_par' dir='ltr' id='par_1_19' title="bbox 1308 3196 2424 3383">
     <span class='ocr_line' id='line_1_120' title="bbox 1353 3196 2424 3241; baseline -0.006 -7"><span class='ocrx_word' id='word_1_911' title='bbox 1353 3201 1431 3234; x_wconf 91' lang='lat' dir='ltr'>Post</span> <span class='ocrx_word' id='word_1_912' title='bbox 1456 3200 1529 3234; x_wconf 79' lang='lat' dir='ltr'>haeo</span> <span class='ocrx_word' id='word_1_913' title='bbox 1551 3202 1584 3233; x_wconf 89' lang='lat' dir='ltr'>S.</span> <span class='ocrx_word' id='word_1_914' title='bbox 1602 3202 1730 3235; x_wconf 88' lang='lat' dir='ltr'>Doctor</span> <span class='ocrx_word' id='word_1_915' title='bbox 1756 3201 1884 3234; x_wconf 87' lang='lat' dir='ltr'>certior</span> <span class='ocrx_word' id='word_1_916' title='bbox 1911 3201 2024 3234; x_wconf 83' lang='lat' dir='ltr'>factus</span> <span class='ocrx_word' id='word_1_917' title='bbox 2050 3198 2090 3231; x_wconf 88' lang='lat' dir='ltr'>de</span> <span class='ocrx_word' id='word_1_918' title='bbox 2117 3198 2181 3237; x_wconf 86' lang='lat' dir='ltr'>iis,</span> <span class='ocrx_word' id='word_1_919' title='bbox 2207 3208 2284 3241; x_wconf 79' lang='lat' dir='ltr'>quae</span> <span class='ocrx_word' id='word_1_920' title='bbox 2306 3197 2340 3229; x_wconf 87' lang='lat' dir='ltr'>in</span> <span class='ocrx_word' id='word_1_921' title='bbox 2357 3196 2424 3240; x_wconf 79' lang='lat' dir='ltr'>Sy—</span> 
     </span>
     <span class='ocr_line' id='line_1_121' title="bbox 1308 3242 2422 3291; baseline -0.004 -11"><span class='ocrx_word' id='word_1_922' title='bbox 1308 3246 1397 3281; x_wconf 84' lang='lat' dir='ltr'>nodo</span> <span class='ocrx_word' id='word_1_923' title='bbox 1422 3247 1661 3291; x_wconf 79' lang='lat' dir='ltr'>Diospolitana</span> <span class='ocrx_word' id='word_1_924' title='bbox 1688 3247 1935 3290; x_wconf 83' lang='lat' dir='ltr'>contigerant,</span> <span class='ocrx_word' id='word_1_925' title='bbox 1960 3247 2089 3279; x_wconf 84' lang='lat' dir='ltr'>librum</span> <span class='ocrx_word' id='word_1_926' title='bbox 2116 3244 2256 3287; x_wconf 80' lang='lat' dir='ltr'>scripsit</span> <span class='ocrx_word' id='word_1_927' title='bbox 2276 3242 2329 3275; x_wconf 83' lang='lat' dir='ltr'>De</span> <span class='ocrx_word' id='word_1_928' title='bbox 2350 3242 2422 3275; x_wconf 83' lang='lat' dir='ltr'>Ge·-</span> 
     </span>
     <span class='ocr_line' id='line_1_122' title="bbox 1310 3290 2424 3339; baseline -0.005 -12"><span class='ocrx_word' id='word_1_929' title='bbox 1310 3297 1375 3327; x_wconf 81' lang='lat' dir='ltr'>stis</span> <span class='ocrx_word' id='word_1_930' title='bbox 1387 3292 1522 3338; x_wconf 80' lang='lat' dir='ltr'>Pelagii</span> <span class='ocrx_word' id='word_1_931' title='bbox 1536 3315 1547 3334; x_wconf 90' lang='lat'>,</span> <span class='ocrx_word' id='word_1_932' title='bbox 1571 3305 1675 3339; x_wconf 82' lang='lat' dir='ltr'>quem</span> <span class='ocrx_word' id='word_1_933' title='bbox 1696 3293 1840 3328; x_wconf 80' lang='lat' dir='ltr'>Aurelio</span> <span class='ocrx_word' id='word_1_934' title='bbox 1855 3291 2136 3336; x_wconf 82' lang='lat' dir='ltr'>Carthaginiensi</span> <span class='ocrx_word' id='word_1_935' title='bbox 2162 3290 2306 3323; x_wconf 85' lang='lat' dir='ltr'>Primati</span> <span class='ocrx_word' id='word_1_936' title='bbox 2332 3301 2424 3322; x_wconf 87' lang='lat' dir='ltr'>nun·</span> 
     </span>
     <span class='ocr_line' id='line_1_123' title="bbox 1308 3339 1471 3383; baseline -0.018 -10"><span class='ocrx_word' id='word_1_937' title='bbox 1308 3339 1471 3383; x_wconf 81' lang='lat' dir='ltr'>cupavit.</span> 
     </span>
    </p>

    <p class='ocr_par' dir='ltr' id='par_1_20' title="bbox 1353 3381 2420 3432">
     <span class='ocr_line' id='line_1_124' title="bbox 1353 3381 2420 3432; baseline -0.002 -13"><span class='ocrx_word' id='word_1_938' title='bbox 1353 3386 1537 3432; x_wconf 83' lang='lat' dir='ltr'>Pelagiana</span> <span class='ocrx_word' id='word_1_939' title='bbox 1561 3385 1685 3421; x_wconf 76' lang='lat' dir='ltr'>haeresi</span> <span class='ocrx_word' id='word_1_940' title='bbox 1710 3398 1731 3421; x_wconf 77' lang='lat' dir='ltr'>a</span> <span class='ocrx_word' id='word_1_941' title='bbox 1757 3384 1898 3421; x_wconf 84' lang='lat' dir='ltr'>Zosimo</span> <span class='ocrx_word' id='word_1_942' title='bbox 1922 3385 2022 3422; x_wconf 84' lang='lat' dir='ltr'>Rom·</span> <span class='ocrx_word' id='word_1_943' title='bbox 2041 3382 2140 3420; x_wconf 85' lang='lat' dir='ltr'>Pont·</span> <span class='ocrx_word' id='word_1_944' title='bbox 2168 3381 2420 3423; x_wconf 81' lang='lat' dir='ltr'>condemnata,</span> 
     </span>
    </p>
   </div>
  </div>
 </body>
</html>
