2570 3745
802 132 805 133 ’
842 126 922 170 DE
957 125 1156 169 CAUSA
1195 123 1741 170 JUSTIFICA'I'IONIS.

147 210 259 259 dens,
288 210 356 250 illa
375 209 494 248 verba
514 205 717 259 Evangelii
736 217 744 242 ι
777 204 853 256 Qui
874 206 1079 243 crediderit
1097 237 1107 253 ‚
1127 206 1176 246 (²)
1193 205 1261 243 lm.-

149 267 319 315 ptizatus
346 264 492 313 fuerit,
536 262 667 298 salvus
695 263 767 297 erit
789 289 799 306 ‚
844 261 891 297 ita
922 269 1195 297 commentatur
1225 275 1260 295 e-

144 319 233 370 pist.
255 309 453 355 LXXVII.
474 344 511 362 ..‚‚
529 315 646 353 Caute
674 326 749 352 non
772 315 956 364 repe-titii:
986 314 1061 361 Qui
1085 326 1172 351 vero
1192 313 1257 350 ba-

147 399 176 418 „
235 370 362 407 litatus
383 381 454 406 non
476 368 589 406 fuerit
607 398 618 415 ‚
639 367 980 412 condemnabitur3
1010 367 1072 404 sed
1094 375 1255 404 tautum:

144 451 172 471 ,‚
201 380 279 473 5μί
310 431 398 460 vero
426 434 498 460 non
518 422 747 468 crediderit;
778 422 936 458 innuens
956 421 1141 458 nimirum
1159 449 1169 465 ‚
1199 433 1255 457 so-

142 502 170 523 „
199 473 278 512 lam
308 474 423 513 fidem
457 475 642 513 interdum
665 473 837 512 sufficere
867 474 912 511 ad
933 474 1120 520 salutem,
1151 472 1184 508 &
1205 473 1252 510 si-

141 555 169 575 „
198 541 247 565 ue
276 527 343 566 illa
371 527 546 567 sufficere
575 528 672 566 nihil
703 529 752 565 ''-

193 579 259 619 56.
290 579 401 634 Resp.
432 581 557 619 Patres
587 595 777 628 asserere,
808 594 874 618 nos
902 579 981 618 sola
1010 579 1085 617 fide
1116 577 1253 629 justifi-

136 633 243 682 cari,
273 647 379 673 sensu
409 633 460 672 ab
488 648 532 672 eo
551 635 758 673 admodum
779 634 954 679 diverso,
984 646 1100 684 quein
1121 632 1254 669 adver-

136 687 226 725 sarii
256 687 501 739 iutelligunt3
531 687 563 724 &
595 690 720 739 primo
749 688 905 740 quidem
937 686 1106 723 Hilarius
1136 685 1251 722 fidem

136 743 280 788 sumit,
311 736 421 794 prout
449 743 656 792 opponitur
684 740 786 792 legi,
816 753 904 792 quae
935 739 981 776 ad
1010 738 1250 789 justificatio-

138 806 225 831 nem
255 807 327 832 non
356 793 597 832 sufficiebat.
628 793 668 832 ld
699 803 798 845 patet
827 806 871 830 ex
893 800 1095 836 contextu3
1126 792 1251 843 inquit

137 848 239 885 enini
259 877 269 895 ,
313 847 508 886 hominem
539 848 653 885 fuisse
682 847 731 884 ab
759 859 804 883 eo
834 854 987 897 peccato
1016 844 1220 881 liberatum
1239 874 1250 891 ,

137 900 239 950 qual
268 901 335 938 lex
364 900 502 938 lavare
521 913 600 938 non
619 908 774 950 potera:
791 912 804 936 .·
822 897 934 951 fides
955 900 1062 935 enlm
1083 898 1169 934 sola
1185 899 1250 949 ju-

135 953 288 1006 stificat
305 981 315 992 .

192 1007 258 1058 57.
289 1006 511 1045 Ambrosius
539 1006 708 1056 pariter,
757 1018 821 1041 seu
853 1003 976 1055 potius
1006 1003 1149 1053 ignotus
1178 1017 1246 1040 au-

134 1069 213 1098 ctor
241 1059 312 1098 sub
345 1059 534 1097 Ambrosii
558 1056 665 1094 larva
695 1056 818 1107 (Vid.
847 1055 1002 1094 Ceillier
1033 1055 1246 1093 Tom.th.

134 1127 170 1151 c.
192 1112 230 1157 Δ.
261 1121 331 1150 art.
350 1113 388 1150 5.
416 1125 454 1149 u.
473 1108 546 1157 2.)
577 1110 743 1149 excludit
771 1120 887 1161 opera
917 1108 1009 1161 legis
1040 1109 1137 1146 facta
1166 1111 1246 1147 siue

126 1165 207 1204 fide
225 1167 261 1203 in
278 1163 471 1202 Christum
488 1164 634 1211 Jesum,
665 1164 698 1200 8:
719 1166 800 1202 sine
815 1164 950 1211 gratia.
979 1163 1158 1199 Ceterum
1179 1162 1246 1201 ille

137 1219 240 1256 idem
272 1220 439 1266 Auctor,
467 1218 642 1270 quisq-uis
671 1219 745 1266 sit,
775 1212 831 1254 ad
849 1231 934 1268 cap.
963 1215 1031 1252 lV.
1061 1217 1169 1267 epist.
1199 1217 1246 1253 ad

131 1270 234 1308 Heb.
264 1300 291 1319 „
312 1270 459 1322 Magna
479 1285 558 1318 res,
589 1274 739 1320 inquit,
770 1280 821 1308 est
843 1270 959 1315 fides,
990 1268 1024 1305 &
1045 1270 1246 1317 salutaris,

129 1352 157 1372 „
188 1324 222 1361 8t
251 1326 334 1362 sine
363 1323 432 1362 hac
454 1337 526 1361 non
555 1333 607 1361 est
626 1324 764 1361 salvari
788 1322 988 1375 possibile3
1017 1323 1079 1360 sed
1101 1321 1179 1360 sola
1200 1322 1244 1360 fi-

128 1405 155 1425 „
185 1377 250 1414 des
277 1390 351 1414 non
380 1377 547 1416 sufficit.
576 1377 736 1428 Operari
766 1377 883 1415 fidem
914 1388 980 1427 per
999 1375 1244 1414 dilectionem

129 1458 158 1478 ‚‚
188 1431 439 1468 necessarium
461 1440 540 1478 est,
570 1430 603 1466 8(
634 1431 849 1469 conversari
877 1430 992 1480 digne
1022 1429 1104 1467 Deo
1134 1432 1159 1450 ‘⁶
1178 1454 1190 1466 .

183 1483 247 1521 58.
276 1484 567 1530 Chrysostomus
609 1492 755 1521 tantum
798 1484 845 1521 de
873 1483 1055 1533 operibns
1083 1482 1244 1519 externis

122 1534 322 1588 loquitur,
352 1530 385 1572 ἃ
415 1538 495 1574 vult
527 1536 595 1574 hoc
615 1537 821 1574 discrimen
852 1537 1111 1587 interssopera,
1142 1535 1174 1570 8(
1200 1535 1243 1572 fi-

122 1589 211 1627 dem
241 1603 346 1638 esse,
394 1589 497 1641 qnod
526 1589 606 1626 sine
637 1589 713 1626 fide
743 1602 853 1626 nemo
884 1591 997 1638 possit
1026 1588 1073 1625 ad
1103 1587 1242 1638 justifi-

119 1644 337 1690 cationem,
366 1642 400 1679 ἃ
430 1643 592 1680 salutem
622 1645 844 1694 pervenire,
873 1641 973 1678 bene
995 1653 1082 1679 vero
1102 1642 1182 1678 sine
1201 1653 1242 1676 o-

119 1694 278 1746 peribus
307 1697 500 1734 externis.
531 1695 615 1733 Non
645 1705 771 1733 tamen
802 1695 1015 1747 putandum
1045 1702 1128 1741 est,
1178 1707 1242 1730 ex-

120 1747 225 1786 cludi
256 1750 422 1789 internos
450 1749 557 1802 spei,
586 1748 620 1785 8(
649 1747 870 1797 charitatis,
898 1747 1142 1799 aliarumque
1163 1748 1240 1785 vir-

121 1799 414 1848 tutum'actun
460 1804 694 1841 contrarium
726 1803 830 1840 enim
861 1810 961 1854 patet
990 1800 1050 1841 vel
1089 1813 1134 1838 ex
1163 1800 1241 1838 solo

102 1855 177 1906 ⁴pii
207 1853 362 1893 latronis
389 1855 592 1908 exempIO.
630 1856 728 1904 Quis
757 1856 858 1893 enim
886 1855 961 1893 sibi
990 1853 1238 1907 persuadeat,

119 1906 232 1944 illum
263 1908 444 1947 duntaxat
474 1910 680 1948 credidisse
700 1911 738 1947 in
760 1908 980 1954 Christum3
1011 1922 1086 1946 non
1109 1917 1236 1945 autem

102 1966 313 2012 'sperasse,
343 1961 519 2001 dilexisse
537 1992 547 2011 ,
577 1963 828 2015 poenituisse,
857 1962 891 1999 &
921 1964 972 2000 ita
992 1963 1122 2000 animo
1142 1961 1237 1998 fuis·

117 2028 157 2054 se
185 2024 448 2068 comparatum
470 2046 482 2064 ,
512 2025 550 2053 ut
574 2018 764 2068 praeterita
792 2015 961 2063 scelera,
991 2015 1134 2068 quihus
1155 2028 1235 2052 1113.-

115 2068 221 2106 xime
252 2077 393 2120 posset,
424 2071 571 2120 pietatis
588 2070 769 2122 operibus
789 2078 1048 2121 compensaret
1063 2097 1074 2116 ,
1103 2069 1133 2105 si
1154 2066 1234 2104 lon-

116 2122 199 2172 gior
227 2124 262 2159 ei
283 2123 360 2160 vita
386 2122 605 2175 obtigisset.
641 2124 722 2160 lmo
751 2131 964 2160 extremum
994 2122 1118 2161 crucis
1146 2134 1234 2172 sup-

117 2173 285 2225 plicium
313 2175 362 2212 ad
389 2176 602 2214 criminum
629 2177 887 2228 expiationem
908 2173 1233 2226 Divinaejustitiae

101 2225 330 2266 obtulisse?
640 2256 643 2259 -

175 2279 241 2331 59.
270 2280 312 2318 S.
345 2281 573 2331 Augustinus
602 2282 641 2319 in
668 2282 789 2333 priori
807 2280 891 2320 loeo
908 2312 918 2330 ‚
947 2282 1110 2332 aliisque
1129 2281 1236 2318 simi-

116 2331 219 2370 libus
248 2332 345 2371 nihil
373 2333 480 2371 aliud
507 2335 642 2382 docet,
670 2346 787 2385 quam
817 2335 930 2385 justos
950 2338 1085 2374 veteris
1105 2333 1235 2372 Testa-

117 2386 235 2425 menti
266 2387 380 2424 fuisse
409 2387 542 2424 eadem
570 2387 708 2425 Christi
739 2387 842 2435 fide,
885 2387 920 2424 8(
948 2389 1069 2440 gratia
1096 2387 1236 2438 justifi-

120 2449 248 2487 catos,
277 2454 355 2492 qua
384 2439 418 2476 &
446 2453 511 2478 nos
540 2439 797 2491 justificamur
818 2471 828 2488 ,
872 2453 948 2479 non
975 2451 1100 2479 tamen
1129 2453 1236 2491 sepo-

113 2493 195 2530 sitis
223 2492 308 2530 aliis
346 2493 534 2532 bonorum
562 2506 722 2545 operum
764 2494 1075 2545 dispositionibus
1096 2520 1107 2532 .
1153 2494 1234 2532 Hoc

112 2554 241 2583 autem
269 2546 452 2595 docebat,
481 2546 529 2584 ad
550 2546 843 2585 convellendum
865 2546 1157 2600 Pelagianorum
1178 2561 1234 2585 er-

113 2610 239 2636 rorem
268 2599 507 2648 dicentium,
548 2599 718 2638 homines
749 2602 873 2653 primo
915 2631 942 2650 „
970 2602 1092 2640 salvos
1122 2602 1235 2640 factos

91 2675 144 2698 -2,
173 2665 250 2689 esse
279 2667 345 2702 per
375 2649 547 2692 naturam
565 2683 576 2702 ,
605 2654 741 2692 deinde
771 2667 837 2705 per
865 2653 1017 2706 legem,
1046 2665 1232 2708 postremo

117 2733 143 2753 „
173 2718 240 2757 per
267 2706 489 2753 Christum;
538 2709 648 2759 quasi
680 2706 897 2746 hominibus
925 2709 1088 2747 duorum
1121 2724 1230 2760 supe-

114 2786 142 2805 „
172 2759 322 2796 riorum·
338 2770 551 2813 temporum
567 2791 578 2809 ,
608 2771 696 2799 ante
715 2759 835 2812 legem
858 2761 1002 2799 scilicet
1019 2792 1032 2809 ,
1060 2762 1093 2798 8<
1116 2764 1152 2799 in
1178 2763 1229 2799 le-

112 2839 141 2859 „
169 2823 240 2862 ge,
269 2815 422 2865 sanguis
437 2813 577 2853 Christi
607 2828 682 2853 non
714 2815 827 2853 fuerit
860 2816 1116 2860 necessarius-3
1145 2829 1232 2853 eva-

112 2893 139 2912 „
169 2874 322 2904 ouantes
350 2868 451 2919 quod
480 2868 626 2906 dictum
655 2879 706 2906 est
741 2882 772 2906 ι.
803 2869 851 2906 ad
873 2869 1103 2906 Timoth.ll.
1135 2882 1233 2906 unus

110 2944 138 2966 ‚,
169 2920 270 2957 enim
298 2919 429 2968 Deus,
475 2934 570 2960 unus
606 2922 791 2960 mediator
821 2922 923 2969 Dei,
965 2922 999 2958 ὅ(
1030 2921 1230 2959 hominum

106 2999 136 3028 2’
168 2970 285 3010 homo
308 2973 482 3012 Christus
506 2973 615 3014 Jesus
641 2976 661 2992 '’
693 2980 711 3029 (
744 2977 797 3014 Ita.
827 2977 868 3014 iu
898 2977 1023 3028 primo
1053 2975 1135 3013 ioco
1163 2975 1231 3013 ob-

110 3033 210 3074 )ecto
239 3026 287 3074 ).

161 3079 226 3124 40.
258 3081 300 3118 ln
330 3081 449 3120 altero
477 3092 604 3121 autem
635 3082 721 3122 loco
746 3083 789 3122 S.
817 3084 961 3121 Doctor
988 3092 1135 3120 tantum
1164 3097 1225 3120 ne-

108 3138 194 3178 gat,
235 3148 350 3187 opera
380 3136 636 3189 praecedentia
664 3136 971 3188 justificationem
1005 3151 1083 3174 esse
1115 3139 1227 3174 meri-

107 3184 226 3232 toria,
252 3190 501 3243 eamdemque
530 3190 738 3242 vultgratis
752 3192 929 3238 concedi,
959 3205 1046 3242 quae
1067 3199 1116 3227 est
1132 3192 1226 3228 Con-

108 3235 191 3274 oilli
212 3238 423 3282 Tridentini
454 3245 623 3283 doctrina
653 3247 826 3296 superius
850 3248 1014 3298 exposita
1033 3258 1140 3280 num.
1167 3243 1225 3280 18.

107 3289 310 3352 Ceterum,
337 3307 375 3335 ut
403 3296 483 3348 jam
513 3299 853 3337 anitnadvertimus
882 3312 922 3335 n.
946 3311 1003 3349 ις).
1035 3300 1071 3335 in
1093 3299 1224 3334 eadem

110 3346 302 3396 ipsissima
330 3361 461 3402 quaest.
485 3351 549 3405 76.
579 3354 813 3405 Augustinus
842 3361 936 3392 totus
965 3361 1043 3402 est,
1075 3360 1112 3389 ut
1139 3362 1227 3403 pro-

2307 132 2391 172 213

1329 205 1390 244 bet
1421 206 1536 243 sulem
1567 207 1646 243 sine
1675 205 1854 257 operibus
1885 207 2044 245 minime
2076 208 2248 260 prodesse
2268 238 2280 256 ‚
2324 222 2445 262 neque

1330 258 1551 311 Apostolum
1573 258 1736 296 Paulum
1754 289 1764 307 ,
1794 261 1859 310 qui
1890 260 2008 307 dicit,
2039 275 2105 299 nos
2133 261 2336 311 justificari
2357 277 2442 314 gra-

1329 315 1374 351 tis
1404 325 1470 364 per
1501 312 1616 350 fidem
1646 314 1726 350 sinc
1755 313 1960 362 operibus,
2004 328 2080 350 csse
2117 317 2348 354 contrarium
2379 315 2441 356 Ja-

1323 367 1420 404 eobo
1447 365 1615 413 dicenti,
1653 365 1769 402 sidem
1801 367 1877 402 sine
1905 366 2085 417 operibus
2115 378 2302 405 mortuam
2334 384 2409 406 esse
2429 399 2440 416 ‚

1324 419 1358 456 δε
1388 419 1587 469 justificari
1618 431 1681 456 uos
1711 432 1754 456 ex
1784 418 1991 470 operibus,
2030 431 2102 456 non
2135 429 2259 458 autem
2289 435 2332 458 ex
2365 422 2437 459 file,-

1324 481 1465 510 tantum
1485 499 1495 510 .
1543 473 1642 520 Quae
1673 473 1866 522 responsio
1895 473 2010 509 etiam
2040 473 2249 524 adaptanda
2278 485 2329 511 cst
2359 490 2441 512 νυτ-

1322 525 1381 564 bis
1409 527 1644 578 depromptis
1672 539 1716 563 ex
1740 525 1828 562 Lib.
1859 524 2028 577 defle,
2058 525 2107 564 ἐν·
2136 525 2340 574 (merebam
2372 528 2438 566 ubi

1323 589 1418 617 totus
1448 588 1500 617 est
1529 580 1570 617 S.
1601 578 1729 626 Pater,
1761 587 1798 615 ut
1828 578 2016 616 bonorum
2046 591 2206 629 opernm
2238 583 2435 618 necessita-

1322 640 1396 669 tcin
1427 633 1618 680 adstruat,
1648 633 1682 669 ἃ
1713 640 1752 669 ut
1780 630 1822 669 S.
1851 630 2015 669 Paulum
2046 645 2134 669 cum
2165 632 2206 670 S.
2237 631 2364 679 Petro,
2395 647 2437 671 ac

1320 686 1361 724 S.
1390 686 1532 724 Jacob«)
1560 688 1600 724 in
1632 685 1702 724 hac
1732 686 1892 723 materia
1921 684 2127 723 conciliet.

1374 738 1439 783 ΑΙ.
1469 738 1509 777 S.
1527 740 1604 778 Leo
1634 740 1672 776 in
1704 738 1937 790 ep.CLX11.
1966 738 2061 777 alias
2085 738 2147 789 78.
2179 738 2293 776 fidem
2312 768 2323 786 ,
2352 751 2440 790 quae

1320 790 1530 841 iustificat,
1561 792 1593 828 81
1623 792 1860 840 sanctificat,
1890 804 1962 829 non
1995 793 2152 844 opponit
2183 792 2289 829 bonis
2317 793 2442 843 operi—

1319 846 1417 893 bus,
1448 847 1510 884 sed
1542 846 1645 884 falsis
1675 845 1944 883 haereticorum
1974 846 2104 893 sectis,
2134 846 2173 883 in
2195 844 2335 897 <suibus
2356 845 2442 882 nul-

1319 897 1398 936 lum
1421 899 1478 937 hs
1498 909 1549 936 est
1569 913 1719 951 sperare
1740 898 1900 936 salutem
1919 925 1930 936 .
1969 899 2024 937 lbi
2047 901 2150 937 enim
2172 899 2338 937 Leonem
2362 898 2439 936 Au-

1317 953 1511 1002 gustinum
1533 952 1662 989 laudat
1684 965 1751 1004 pro
1781 965 1823 989 eo
1841 982 1851 999 ,
1880 952 1979 1004 quod
2009 952 2192 1003 gerebat,
2221 952 2342 990 studio
2359 982 2369 1000 ,
2399 961 2440 988 ut

1322 1003 1528 1050 Cutt'aolt'cu
1547 1005 1680 1057 feles,
1709 1019 1798 1056 (sicce
1827 1004 2051 1043 ὖιιιιηιιηωη
2079 1019 2206 1057 genus
2234 1005 2320 1043 sola
2351 1009 2438 1042 virt·

1305 1056 1417 1109 ΒῙίιτιιε
1435 1087 1445 1104 ,
1475 1059 1560 1096 solu.
1588 1059 1819 1111 sanctificat
1838 1088 1848 1106 ,
1888 1062 1928 1095 ιή
1957 1072 2041 1097 una
2070 1057 2321 1111 consessione
2349 1072 2436 1108 per-

1315 1121 1486 1148 maneat
1505 1135 1516 1149 .›

1370 1164 1435 1209 42.
1466 1165 1642 1216 Denique
1672 1165 1802 1203 Sanci.
1832 1164 2071 1212 Bernardus,
2101 1179 2190 1203 cum
2220 1165 2342 1213 dicit,
2379 1177 2436 1202 so·

1316 1216 1393 1254 lam
1425 1217 1540 1255 fidem
1570 1219 1800 1270 quandoque
1822 1217 1995 1255 sufficere
2016 1219 2062 1255 ad
2084 1219 2244 1256 salutem
2267 1248 2278 1266 ,
2309 1218 2438 1256 exclu-

1313 1270 1369 1308 dit
1397 1283 1513 1322 opera
1541 1267 1811 1324 subsequentia
1840 1269 2147 1321 justificationem
2166 1302 2176 1318 ,
2219 1284 2294 1309 non
2335 1285 2434 1322 prae-

1313 1324 1511 1373 cedentia,
1556 1324 1589 1360 &
1619 1325 1664 1363 de
1696 1325 1740 1362 iis
1769 1324 1966 1377 loquitur,
2009 1325 2077 1376 qui
2114 1325 2239 1362 statiru
2282 1338 2325 1362 ac
2362 1324 2438 1362 fide

1307 1375 1512 1427 justificati
1542 1378 1686 1416 fuerint
1707 1407 1720 1426 ,
1744 1379 1794 1416 'ex
1826 1377 1896 1415 hac
1926 1378 2004 1416 vita
2035 1377 2195 1415 feliciter
2223 1377 2434 1425 decedunt,

1313 1431 1346 1466 ὅ(
1377 1431 1456 1468 sine
1486 1431 1595 1469 bonis
1623 1431 1805 1484 operibus
1838 1430 2057 1468 salvantur:
2102 1431 2203 1469 unde
2247 1441 2348 1468 recte
2378 1432 2436 1469 in-

1313 1484 1410 1530 fert,
1441 1483 1626 1534 majorem
1658 1497 1734 1522 esse
1757 1483 1843 1522 fidei
1863 1513 1873 1532 ,
1903 1498 2021 1534 quam
2051 1483 2241 1521 bonorum
2271 1497 2432 1535 operum

1311 1538 1568 1574 necessitatem
1589 1564 1598 1574 .
1630 1538 1676 1575 At
1705 1550 1794 1574 vero
1824 1551 1872 1574 an
1894 1537 1986 1574 fides
2007 1537 2088 1575 sine
2118 1536 2227 1574 bonis
2255 1537 2437 1588 operibus

1311 1590 1358 1627 ad
1388 1589 1700 1640 justificationem
1730 1588 1921 1636 sufficiat,
1964 1590 2019 1628 ibi
2048 1589 2261 1627 mellifluus·
2294 1590 2434 1627 Doczor

1309 1655 1389 1680 non
1418 1643 1624 1693 expendit.
1655 1643 1696 1680 ld
1717 1652 1842 1680 tamen
1864 1653 1990 1694 aperte
2011 1653 2117 1694 negat
2139 1642 2260 1680 Serui.
2285 1642 2436 1681 XXIV.

1310 1699 1351 1732 in
1376 1694 1494 1733 Cant.
1527 1695 1594 1733 ubi
1624 1697 1774 1747 inquit:
1806 1695 1932 1743 „Non
1948 1696 2039 1733 facit
2061 1696 2255 1733 hominem
2286 1706 2435 1733 rectum

1310 1778 1336 1797 „
1367 1762 1492 1801 neque
1522 1748 1615 1791 fides
1645 1751 1759 1786 etiam
1789 1758 1918 1797 recta,
1956 1763 2045 1800 quae
2077 1762 2151 1786 non
2181 1758 2359 1800 operatur
2389 1762 2432 1788 ex

1309 1831 1336 1851 „
1366 1801 1595 1840 dilectione:
1625 1801 1679 1840 Ec
1709 1806 1850 1841 iterum
1869 1816 1882 1839 .·
1911 1801 2045 1854 Neque
2074 1815 2189 1854 opera
2219 1804 2299 1840 sine
2330 1801 2433 1849 fide,

1311 1885 1338 1904 „
1368 1870 1490 1909 neque
1518 1856 1614 1894 fides
1642 1857 1722 1894 sine
1754 1856 1936 1908 operibus
1974 1855 2115 1894 sufficit
2157 1856 2204 1894 ad
2247 1866 2431 1895 aeternaru

1309 1938 1335 1957 ,‚
1368 1910 1635 1947 rectitudinem
1653 1910 1675 1924 ’'
1694 1936 1705 1947 .

1361 1960 1426 2008 45.
1458 1963 1599 2010 Dices.
1628 1962 1759 2001 Sanct.
1784 1964 2013 2014 Augustinus
2043 1975 2115 2000 non
2144 1962 2333 2001 dubitavit
2363 1960 2431 1999 ho·

1303 2017 1449 2054 minem
1481 2016 1540 2052 vel
1572 2028 1616 2052 ex
1647 2028 1691 2052 eo
1720 2014 1798 2053 solo
1825 2015 1971 2066 justum
2001 2014 2224 2067 appellare,
2253 2015 2352 2067 quod
2384 2015 2430 2052 fi-

1303 2068 1394 2113 dem,
1414 2068 1548 2106 hab'eat
1565 2094 1576 2106 .
1606 2067 1649 2105 St
1669 2067 1889 2105 dixerimus
1905 2098 1915 2115 ,
1946 2070 2070 2120 inquit
2085 2069 2210 2106 Serm.
2234 2068 2341 2106 XVI.
2363 2067 2430 2106 De

1303 2121 1426 2159 serbis
1456 2122 1620 2170 Apost.‚
1649 2125 1743 2172 quia
1769 2118 1940 2173 justitiae
1968 2121 2064 2159 nthtl
2099 2120 2314 2169 habemus,
2354 2120 2429 2159 ad-

1304 2189 1435 2213 versus
1465 2175 1542 2213 Dei
1571 2174 1680 2212 <lona
1710 2179 1927 2212 mentimur
1945 2201 1957 2212 .
2001 2205 2029 2222 ‚,
2055 2173 2098 2213 Si
2133 2177 2237 2213 euim
2267 2174 2425 2227 justitiae

1305 2259 1332 2277 „
1361 2228 1459 2268 nihil
1492 2228 1704 2277 habemus,
1749 2243 1815 2266 nec
1846 2228 1960 2266 fidem
1991 2227 2206 2274 habemus,
2248 2230 2278 2267 si
2309 2228 2427 2265 fidem

1305 2310 1333 2330 ,‚
1361 2296 1434 2321 non
1464 2282 1675 2330 habemus,
1704 2280 1908 2320 Christiani
1939 2294 2014 2320 non
2043 2295 2196 2319 sumus:
2235 2282 2266 2320 si
2296 2290 2425 2320 auteiu

1305 2365 1332 2384 ,‚
1362 2335 1478 2374 fidem
1510 2336 1694 2374 habemus
1711 2365 1725 2384 ,
1751 2334 1832 2386 jam
1862 2335 2011 2387 aliquid
2035 2334 2220 2373 habemus
2241 2334 2395 2383 justitiae
2414 2361 2425 2371 .

1304 2415 1330 2438 ,‚
1360 2390 1489 2441 lpsum
1520 2399 1647 2428 autem
1678 2389 1733 2426 vis
1763 2402 1891 2437 nosse,
1920 2397 2107 2443 quantum
2127 2387 2202 2426 sit?
2231 2388 2359 2426 Justus
2380 2400 2424 2425 ex

1305 2472 1332 2491 ‚‚
1362 2443 1438 2481 fide
1470 2444 1563 2481 vivit
1580 2443 1626 2479 ‘'·.
1659 2441 1810 2479 Habac.
1830 2442 1878 2479 ll.
1900 2442 1938 2488 4.

1358 2497 1424 2542 44.
1458 2496 1566 2548 Hesp.
1597 2511 1618 2533 a
1647 2495 1688 2534 S.
1711 2497 1921 2547 Augustino
1949 2493 2066 2533 fidem
2096 2493 2283 2546 appellari
2313 2493 2425 2545 justi-

1303 2551 1396 2588 tiam
1426 2563 1501 2589 non
1522 2551 1728 2602 perfectam
1746 2579 1756 2597 ,
1786 2549 1849 2586 sed
1871 2549 2135 2600 imperfectam
2155 2577 2165 2593 ,
2196 2560 2259 2584 seu
2282 2557 2320 2583 ut
2340 2547 2351 2583 i
2384 2559 2423 2583 se

1304 2602 1501 2655 loquitur,
1529 2602 1678 2654 aliquid
1709 2603 1896 2649 justitiae.
1925 2602 2102 2639 Ceterum
2135 2600 2236 2636 idem
2265 2598 2306 2636 S.
2378 2611 2421 2635 o-

1299 2665 1380 2694 ctor
1408 2657 1497 2695 Lib.
1515 2656 1604 2695 XV.
1634 2656 1682 2694 tle
1701 2650 1852 2692 'Trium
1883 2668 1917 2692 c.
1946 2653 2003 2691 ιδ.
2024 2683 2034 2700 ,
2076 2657 2163 2689 sine
2192 2650 2422 2700 clim-itate,

1300 2710 1425 2762 inquit
1444 2740 1453 2759 ,
1473 2709 1586 2763 fides
1615 2718 1736 2762 potest
1757 2707 1911 2760 quidem
1935 2718 2020 2744 esse
2036 2734 2048 2753 ,
2077 2703 2147 2742 seul
2166 2718 2245 2742 non
2264 2705 2313 2745 Θ·
2333 2717 2422 2756 pro-

1299 2761 1441 2802 (lesse.

1353 2818 1541 2866 Quaeres,
1583 2831 1632 2855 an
1660 2815 1755 2853 fides
1782 2813 1894 2865 possit
1924 2811 1973 2849 ab
2003 2807 2090 2851 aliis
2131 2811 2336 2851 virtutihus
2364 2826 2422 2850 se-

1301 2870 1454 2921 parari?

1354 2924 1418 2968 45.
1452 2924 1562 2975 Resp.
1603 2923 1643 2960 Id
1676 2920 1833 2972 quidem
1868 2919 2090 2957 inficiantur
2121 2917 2339 2966 Lutherus,
2383 2918 2418 2955 Sc

1300 2975 1507 3023 Calvinus,
1537 2989 1628 3028 quos
1659 2974 1836 3010 hactenus
1854 2973 2187 3024 oppugnavimus,
2219 2982 2416 3020 verentes,

1299 3040 1344 3065 ne
1360 3060 1371 3076 ,
1401 3033 1431 3068 si
1463 3031 1532 3067 hoc
1562 3027 1800 3072 concedunt,
1833 3024 1928 3064 illud
1949 3035 2196 3078 consequatur
2217 3025 2327 3076 longe
2349 3025 2420 3063 ab·

1297 3083 1562 3121 surdissimum
1584 3111 1593 3127 ,
1624 3093 1729 3132 posse
1757 3077 1929 3131 aliquem
1960 3093 2027 3131 per
2047 3078 2163 3117 fidem
2186 3080 2387 3130 justificari
2404 3108 2416 3126 ,

1296 3137 1363 3186 qui
1393 3150 1484 3187 spe,
1529 3134 1744 3181 charitate,
1783 3132 1946 3186 aliisque
1976 3133 2183 3170 virtutibus
2219 3133 2419 3171 destitutus

1296 3190 1369 3235 sit,
1400 3189 1478 3224 imo
1507 3189 1574 3239 qni
1603 3187 1802 3225 contrariis
1830 3186 1932 3224 vitiis
1952 3187 1999 3223 §it
2019 3187 2305 3238 coinquinatus.
2338 3185 2415 3222 Ve-

1296 3249 1511 3278 rumtamen
1544 3241 1748 3278 innumeris
1776 3241 2010 3292 argumentis
2038 3241 2253 3287 evincitur,
2297 3240 2412 3276 fidem

1295 3308 1398 3345 posse
1428 3295 1478 3332 :th
1507 3294 1595 3331 aliis
1625 3294 1829 3332 virtutibus
1858 3295 2025 3344 separari
2063 3297 2076 3343 (
2108 3292 2199 3330 Vid-
2230 3291 2412 3329 Bellarm.

1295 3348 1432 3387 Lib-l.
1463 3346 1510 3386 de
1531 3347 1665 3401 justg'f.
1693 3361 1729 3387 c.
1753 3347 1851 3399 15.)
1881 3347 1977 3387 Haec
2006 3355 2131 3387 tamen
2158 3343 2415 3434 εοηιτονξὲἰει
