2570 3745
298 203 352 242 ¹6
903 191 983 239 DE
1019 192 1274 238 HAERESI
1308 190 1812 238 SEMIPELAGIANA
1828 222 1840 237 v.

231 308 260 327 „
286 275 484 314 retinenda
512 274 638 312 Deum
668 275 817 327 operari
845 284 988 312 nostras
1017 277 1273 326 cogitationes,
1304 273 1337 310 δε

228 360 259 380 3,
292 329 519 375 voluntates,
548 336 682 365 caetera
714 342 801 365 vero
829 331 952 379 ipsum
981 328 1070 365 dare
1100 328 1335 375 concedunt,

226 412 258 430 „
288 396 376 418 cum
407 380 456 418 ab
486 380 554 419 illo
582 383 830 433 impetrantur
848 382 1030 418 credentis
1052 381 1125 417 lide
1140 384 1166 401 ‘⁶
1184 406 1193 417 .
1225 380 1335 426 Quod

232 435 388 486 quidem
414 443 495 472 erat
510 447 644 472 eorum
661 436 843 472 doctrinae
861 435 1240 483 congruentissimum
1255 458 1264 469 .
1295 432 1336 470 Si

231 501 333 525 enim
363 490 678 540 perseverantiam
711 501 826 539 usque
858 488 893 523 in
925 487 1042 524 finem
1073 501 1093 523 a
1117 487 1186 523 Dei
1203 485 1338 523 volun—

223 548 301 579 tate
331 541 491 592 pendere
520 554 606 578 cum
638 541 677 577 S.
698 541 904 591 Augustino
931 541 1170 587 docuissent,
1201 540 1338 576 iterum

226 593 470 632 difficultates
500 607 630 631 omnes
661 593 927 631 recurrebant:
970 607 1107 644 nempe
1144 594 1182 629 iu
1215 601 1339 643 torpo-

227 660 307 685 rem
325 677 335 695 ,
366 647 398 682 ὅ(
427 649 718 698 disperationem
750 646 921 683 homines
950 647 1078 683 induci
1102 676 1111 693 ,
1153 660 1242 684 cum
1273 657 1338 681 nec

225 700 294 739 i‘lle
324 702 437 752 possit
468 700 546 737 ullo
575 702 685 737 modo
714 700 912 746 excidere,
942 699 1003 736 cui
1037 699 1137 736 Deus
1166 699 1214 736 ab
1231 707 1338 734 aeter-

225 767 274 792 no
305 754 591 806 perseverantias
634 754 778 790 donum
821 754 985 804 gratuito
1025 752 1115 789 dare
1151 751 1337 787 decrevit:

226 821 295 845 nec
325 805 391 844 ille
419 806 577 845 salutem
608 807 788 856 adipisci,
818 806 885 858 qui
915 806 960 842 ad
982 804 1055 841 tale
1075 805 1214 841 donum
1239 816 1338 854 prae-

224 860 432 897 destinatus
461 872 535 897 non
567 860 705 896 fuerit.
746 859 846 896 Hinc
876 865 1172 909 consequenter,
1203 869 1339 907 quem-

222 913 430 951 admodum
460 913 610 950 initium
638 912 729 950 boni
758 912 907 962 operis,
938 911 989 946 ita
1021 910 1337 959 perseverantiam

222 979 343 1017 usque
375 968 410 1003 in
441 965 557 1003 finem
587 981 609 1004 a
638 966 748 1002 nostri
792 964 964 1001 libertate
993 962 1141 1000 arbitrii
1171 971 1336 1001 tantum·

221 1019 336 1057 modo
365 1033 581 1070 suspensam
611 1032 687 1055 esse
716 1016 917 1054 volebant.

273 1071 344 1109 82.
376 1071 529 1108 Tertio.
561 1070 617 1107 Ex
639 1082 714 1121 qno
728 1069 817 1106 boni
846 1069 969 1121 operis
1001 1069 1180 1115 initium,
1211 1069 1245 1106 8t
1276 1083 1335 1108 us-

220 1139 296 1178 que
327 1125 362 1160 in
393 1124 507 1161 finem
537 1123 814 1174 perseverantia
844 1136 918 1160 non
949 1131 1063 1159 essent
1085 1124 1237 1174 proprie
1270 1124 1336 1161 do-

220 1191 271 1216 na
294 1176 388 1222 Dei,
418 1176 480 1213 sed
510 1184 651 1213 tantum
681 1185 806 1213 nostra
836 1177 998 1223 merita,
1028 1176 1126 1213 alius
1147 1189 1250 1213 error
1268 1192 1336 1215 sua

216 1239 347 1282 sponte
377 1228 541 1274 fluebat,
571 1229 939 1278 praedestinationem
969 1243 1106 1281 nempe
1126 1229 1266 1268 nedum
1288 1231 1335 1268 ad

217 1283 380 1336 gloriam
399 1312 409 1329 ,
439 1283 501 1318 sed
531 1282 642 1318 etiam
673 1282 719 1319 ad
750 1284 907 1333 gratiam
927 1295 1002 1320 non
1018 1296 1095 1319 esse
1109 1284 1333 1333 gratuitam3

221 1336 322 1374 unde
351 1334 391 1371 S.
422 1334 577 1387 Prosper
605 1336 829 1373 Cassianum
859 1334 1079 1388 alloquens:
1110 1338 1135 1359 “
1166 1337 1333 1383 Quomo-

223 1419 251 1440 „
280 1389 328 1425 do
342 1402 415 1426 non
438 1388 599 1425 advertis
616 1419 626 1435 ,
658 1392 780 1439 inquit
809 1392 823 1438 (
845 1398 962 1426 contr.
978 1388 1115 1426 Collat.
1131 1402 1220 1439 cap.
1241 1390 1276 1428 5.
1295 1391 1332 1438 ),

276 1452 310 1480 te
339 1442 377 1478 iu
406 1440 504 1478 illud
534 1441 755 1479 danmatum
777 1442 969 1488 incidere,
999 1442 1098 1493 quod
1121 1442 1234 1489 velis,
1266 1456 1333 1480 no-

278 1495 352 1540 lis,
378 1496 616 1531 convinceris
645 1495 796 1541 dicere,
826 1496 984 1545 gratiam
1016 1494 1090 1530 Dei
1119 1495 1331 1532 secundum

274 1548 407 1585 merita
438 1554 564 1583 nostra
593 1547 697 1593 dari,
727 1561 816 1584 cum
848 1546 996 1598 aliquid
1027 1548 1242 1598 praecedere
1262 1547 1329 1585 bo-

218 1473 246 1493 Β,

218 1527 247 1546 ³2

215 1578 243 1598 33

216 1632 243 1651 >3

215 1685 242 1705 2>

214 1737 242 1757 3>

268 1655 365 1690 tiam
395 1666 702 1704 consequamur,
732 1651 930 1690 affirmas?
968 1651 1023 1688 Et
1053 1652 1100 1690 de
1129 1652 1328 1703 proedesti-

271 1710 435 1744 natz'one
463 1705 518 1742 ad
546 1706 718 1756 gloriam
746 1705 849 1742 idem
867 1705 907 1742 S.
926 1704 1093 1754 Prosper
1123 1707 1191 1756 (in
1217 1705 1326 1758 Resp.

271 1760 318 1797 ad
348 1759 386 1796 8.
413 1758 506 1796 dub.
524 1758 818 1806 Genuensium)
851 1758 890 1795 In
920 1757 990 1795 bac
1019 1760 1198 1796 sententia
1227 1761 1326 1812 posi-

272 1815 326 1861 ti,
355 1814 505 1863 inquit,
535 1820 806 1863 consequenter
835 1813 1008 1862 sapiunt,
1041 1825 1101 1849 eos
1130 1826 1205 1850 esse
1228 1827 1324 1864 prae·

213 1897 242 1917 „
271 1866 470 1903 destinatos
500 1865 538 1902 in
570 1865 686 1902 vitam
717 1874 926 1912 aeteruam,
971 1879 1063 1916 quos
1093 1880 1160 1917 per
1190 1866 1325 1904 liberae

213 1950 241 1969 „
271 1919 472 1957 voluntatis
516 1918 719 1956 arbitrium
762 1918 892 1957 fideles
927 1918 1074 1957 futuros
1116 1921 1325 1972 praescierit

211 2003 240 2023 „
270 1973 373 2011 Deus
403 1976 453 2010 “0

267 2025 334 2066 83.
359 2027 642 2078 Consequenter
661 2027 708 2066 ad
728 2026 812 2066 haec
832 2027 1114 2067 arbitrabantur
1130 2060 1140 2078 ,
1171 2027 1242 2067 Dei
1259 2029 1326 2068 bo-

211 2081 370 2117 nitatem
400 2080 439 2116 in
470 2092 514 2116 eo
543 2095 727 2132 apparere
745 2112 755 2128 ,
797 2082 899 2132 quod
928 2081 1127 2120 hommem
1156 2096 1236 2120 non
1265 2097 1326 2122 re-

213 2133 335 2183 pellat
365 2145 391 2170 a.
408 2136 506 2180 vita,
537 2133 607 2170 secl
626 2133 900 2182 indifferenter·
916 2139 1112 2172 universos
1129 2136 1325 2188 t'elz'tfiert'

211 2187 366 2234 salros,
396 2186 444 2226 (²2⁴
475 2185 529 2222 ad
556 2191 805 2239 agnitionem
835 2191 1009 2225 veritatis
1038 2194 1167 2227 venire
1199 2189 1324 2242 (Pro-

209 2252 296 2290 sper
325 2240 433 2290 epist.
463 2239 510 2276 ad
528 2239 680 2291 Augai.
701 2241 785 2290 4.).
816 2240 890 2278 Sed
919 2255 1007 2280 cum
1038 2243 1203 2280 inficiari
1221 2243 1322 2282 haud

211 2300 386 2343 possent,
416 2291 552 2329 multos
580 2293 738 2331 salutem
769 2307 842 2332 non
870 2297 1044 2347 assequi,
1089 2295 1321 2334 voluntatem

209 2344 320 2384 illam
349 2343 589 2396 generalem,
618 2345 651 2381 δε
682 2347 983 2397 indifferentem,
1014 2362 1089 2387 non
1110 2349 1321 2389 absolutam

212 2413 287 2436 esse
316 2397 519 2445 dicebant,
550 2399 612 2435 sed
640 2399 932 2438 conditionatam
950 2432 960 2450 ,
992 2402 1165 2441 videlicet
1193 2405 1221 2441 si
1254 2403 1319 2441 ho-

210 2453 334 2491 mines
364 2452 435 2502 ipsi
465 2450 609 2499 velint,
637 2460 749 2504 atque
778 2458 1036 2494 consentiant.
1068 2486 1093 2504 „
1124 2457 1320 2503 Quantum

211 2536 238 2555 „
269 2507 315 2543 ad
349 2505 471 2543 Deum
504 2507 688 2557 pertinet,
731 2504 895 2557 ajebant
927 2508 1005 2557 (ib.
1036 2522 1076 2546 η.
1098 2509 1168 2558 6.)
1198 2512 1321 2548 omni—

212 2589 239 2608 „
268 2558 338 2596 bus
369 2566 541 2608 paratam
573 2559 688 2596 vitain
718 2568 926 2597 aeternam:
969 2572 1154 2612 quantum
1194 2573 1322 2602 antem

213 2642 241 2661 „
271 2612 418 2649 arbitrii
449 2611 661 2649 libertatem
679 2642 688 2660 ,
719 2612 768 2650 ab
790 2612 848 2650 his
870 2627 952 2651 eam
969 2615 1224 2665 apprehendi,
1253 2619 1322 2670 qui

211 2694 239 2713 „
270 2665 350 2701 Deo
376 2674 505 2715 sponte
533 2666 786 2714 crediderint,
817 2665 850 2702 δε
880 2667 1069 2704 auxilinm
1090 2671 1222 2718 gratiae
1245 2684 1324 2707 me-

215 2747 242 2766 „
272 2719 342 2754 rito
371 2718 599 2756 credulitatis
627 2722 841 2770 acceperint
871 2723 896 2741 ‘⁶
916 2747 926 2757 .
963 2720 1185 2772 Eodemque
1214 2737 1322 2761 sensu

210 2769 404 2809 Christum
435 2784 503 2820 pro
530 2772 708 2810 omnibus
737 2782 927 2811 mortuum
958 2788 1035 2811 esse
1056 2773 1253 2821 volebant3
1284 2785 1322 2813 ut

213 2832 289 2860 tota
317 2821 588 2860 salvandorum
618 2839 638 2861 a
668 2825 840 2877 reprobis
868 2827 1058 2865 distinctio
1087 2828 1136 2866 ab
1165 2829 1322 2867 arbitrio

215 2877 405 2922 hominis,
435 2888 507 2912 non
537 2885 661 2914 autem
691 2893 713 2916 a
741 2880 814 2917 Dei
843 2881 963 2931 gratia
991 2890 1248 2933 repeteretur.

268 2929 334 2975 84.
364 2929 562 2979 Negabaut
594 2929 775 2980 ulterius,
804 2943 950 2972 certum
972 2964 982 2983 ,
1022 2935 1321 2984 preedefinitum-

214 2997 290 3035 que
319 2997 394 3020 esse
422 2982 692 3020 salvandorum
721 2999 922 3024 numerum
967 2987 1088 3038 (ibid.
1119 3003 1224 3026 num.
1255 2990 1320 3038 6.,

214 3037 248 3074 8(
279 3038 383 3088 epist.
415 3034 556 3073 Hilarii
588 3050 693 3074 num.
718 3038 811 3088 7.):
842 3041 940 3091 quod
972 3044 1232 3080 tantummodo
1262 3045 1320 3081 in-

213 3090 463 3142 telligendum
494 3098 544 3126 est
572 3089 617 3126 de
647 3092 868 3129 certitudine
896 3104 975 3132 orta
1003 3108 1048 3132 ex
1076 3097 1321 3148 praedestina-

212 3146 339 3192 tione,
376 3157 462 3195 quae
495 3142 677 3181 humana-s
704 3147 912 3195 praeveniat
950 3148 1181 3194 voluntates3
1224 3150 1321 3188 hanc

215 3199 317 3235 enim
348 3197 451 3234 velut
480 3197 766 3234 adamantinum
799 3197 917 3236 fatum
939 3201 1213 3249 exhorrebant3
1243 3218 1319 3242 non

212 3260 338 3289 autem
370 3251 414 3287 de
444 3250 665 3287 certitudine
693 3260 773 3287 orta
804 3264 846 3287 ex
866 3252 942 3289 sola
964 3258 1222 3304 praescienti&
1253 3271 1320 3296 ne-

212 3318 288 3357 que
317 3305 419 3341 enim
450 3305 542 3341 adeo
569 3302 810 3351 delirabant,
842 3313 879 3340 ut
909 3319 1110 3358 negarent,
1140 3311 1221 3348 Deo
1240 3324 1321 3349 cer-

211 3366 323 3406 tum,
366 3367 573 3408 notumque
603 3371 676 3394 esse
706 3370 836 3394 eornm
868 3371 1095 3409 numerum,
1132 3378 1225 3415 quos
1255 3377 1321 3416 per

212 3411 326 3450 honae
357 3410 559 3452 voluntatis
588 3412 742 3450 initium
771 3412 931 3464 gratiam
962 3418 1258 3467 promerituros,
1287 3418 1322 3453 &

212 1791 241 1809 32

214 1843 242 1863 59

274 1602 313 1638 ni
341 1599 466 1650 operis
495 1611 539 1636 ex
569 1599 660 1650 ipsis
690 1599 930 1646 hominibus,
962 1609 1111 1650 propter
1129 1601 1228 1652 quod
1244 1614 1329 1651 gra-
1350 1613 1359 1624 ·

1408 287 1523 325 usque
1554 273 1591 309 in
1621 273 1733 311 finem
1766 279 2064 326 perseveraturos
2094 274 2295 325 praevidit:
2325 274 2424 314 unde
2453 275 2509 314 in-

1406 327 1603 372 ferebant,
1634 326 1758 364 Deum
1789 358 1813 376 „
1844 328 1935 365 alios
1966 341 2052 364 vasa
2084 326 2258 376 honoris,
2297 328 2390 367 alios
2419 342 2510 366 con-

1405 408 1431 427 „
1459 378 1629 415 tutneliae
1667 379 1861 429 effecisse,
1905 382 2006 433 quod
2050 378 2166 418 finem
2208 382 2512 434 uniuscujusque

1405 460 1431 479 ‚,
1462 433 1664 483 praevidit,
1695 432 1727 468 ἃ
1754 435 1825 471 sub
1854 435 1933 486 ipso
1962 434 2093 485 gratiae
2123 433 2335 485 adjutorio,
2367 438 2404 472 in
2434 448 2511 486 qua

1407 513 1432 532 „
1465 485 1613 521 futurus
1641 499 1716 522 esse
1754 487 1946 525 voluntate
1967 517 1977 536 ,
2021 487 2055 522 δι
2098 489 2243 525 actione
2283 489 2512 538 praescivit,

1408 566 1434 585 ,‚
1469 537 1632 585 Prosper
1661 551 1769 576 num.
1790 539 1829 578 8.

1461 590 1526 627 85.
1557 590 1725 627 Demum
1745 620 1755 637 ,
1783 605 1870 629 cum
1900 591 2075 647 exemplo
2096 593 2342 647 parvulorum
2364 607 2514 647 preme*

1407 653 1562 691 rentur,
1593 656 1757 696 quorum
1787 643 1879 680 alios
1908 648 1984 684 sine
2014 650 2204 700 baptismo
2233 649 2383 699 perire,
2414 646 2512 698 justo

1407 696 1480 734 Dei
1511 695 1682 746 judicio,
1711 696 1804 734 alios
1835 710 1899 747 pet·
1920 698 2152 749 baptismum
2172 702 2339 750 salvari,
2370 702 2512 753 gratui-

1405 758 1441 786 ta
1466 750 1534 787 Dei
1563 749 1754 798 bonitate,
1784 751 1861 786 sine
1885 748 1971 787 ullis
1989 765 2120 792 eorum
2143 757 2283 793 meritis
2300 785 2310 803 ,
2341 754 2512 792 luculen-

1408 811 1463 839 ter
1491 812 1670 855 apparet,
1701 803 1798 840 illud
1828 805 2085 855 excogitarunt
2098 808 2331 846 absurdum:
2363 838 2388 857 „
2418 807 2512 845 tales

1407 884 1434 903 „
1463 858 1599 907 perdi,
1629 856 1796 908 talesque
1825 856 1989 905 salvari,
2028 857 2158 909 quales
2189 861 2329 898 futuros
2360 862 2443 898 illos
2475 861 2511 897 in

1407 935 1433 957 „
1463 911 1571 947 annis
1600 909 1837 961 majoribus,
1868 911 1897 946 si
1928 911 1973 948 ad
2004 912 2165 948 activam
2195 923 2430 950 servarentur
2460 928 2512 950 ae-

1406 991 1431 1010 ‚,
1462 972 1573 1001 tatem
1594 993 1603 1010 ,
1634 965 1788 1000 scientia
1817 964 1946 1001 diviua
1976 965 2234 1016 praeviderit“
2264 965 2455 1018 (Prosper
2474 981 2512 1003 e·—

1403 1017 1489 1066 pist.
1518 1017 1565 1054 ad
1583 1017 1836 1068 Augustinum
1858 1032 1896 1054 n.
1920 1019 1955 1054 5.
1974 1019 2011 1066 ):
2043 1017 2074 1052 δε
2105 1031 2193 1055 cum
2218 1020 2445 1069 Augustinus
2465 1019 2515 1057 ad

1403 1068 1502 1108 hunc
1534 1083 1698 1108 errorem
1728 1070 2022 1109 convellendum
2061 1085 2147 1108 usus
2184 1081 2275 1110 esset
2305 1073 2515 1110 testimonio

1404 1136 1448 1159 ex
1479 1123 1578 1161 libro
1607 1124 1814 1176 Sapientiae
1846 1127 1957 1175 (cap.
1979 1123 2047 1162 IV.
2084 1125 2205 1172 11.):
2250 1124 2399 1174 Raptus
2427 1134 2513 1173 esc,

1403 1189 1454 1213 ne
1485 1178 1643 1214 malitia
1674 1186 1847 1215 mutaret
1891 1178 2132 1215 intellectum
2169 1178 2255 1230 ejus
2283 1179 2398 1226 ἕνα,
2437 1191 2514 1230 quo

1402 1229 1614 1268 declaratur
1632 1261 1643 1278 ,
1673 1240 1816 1268 tantum
1845 1231 1974 1269 abesse
1991 1262 2001 1279 ,
2033 1240 2072 1268 ut
2094 1232 2221 1270 futura
2244 1231 2344 1269 mala
2366 1234 2403 1269 in
2425 1245 2511 1282 par·

1402 1281 1502 1321 vulis
1532 1286 1663 1336 puniat
1692 1284 1822 1331 Deus,
1851 1286 1944 1337 quin
1974 1286 2097 1336 potius
2126 1298 2186 1322 eos
2215 1286 2363 1335 rapiat,
2394 1298 2441 1321 ne
2472 1286 2513 1321 in

1402 1337 1502 1374 mala
1535 1339 1744 1385 labantur,
1787 1337 2087 1389 Semipelagiani
2125 1353 2213 1375 eum
2257 1337 2432 1385 librum,
2472 1345 2513 1374 ut

1401 1388 1545 1427 Pseudo
1574 1391 1809 1427 Cauonicum
1842 1391 2088 1443 respuebant:
2121 1391 2242 1441 (Vid.
2273 1392 2313 1428 S.
2337 1392 2433 1440 Aug.
2464 1389 2512 1426 (le

1401 1441 1536 1479 Proeti.
1567 1443 1637 1480 SS.
1667 1458 1752 1494 cap.
1781 1443 1894 1490 ¹4·)·
1927 1444 2007 1481 Hoc
2038 1453 2161 1481 tamen
2190 1441 2513 1494 Semipelagiano-

1400 1506 1485 1531 rum
1516 1504 1775 1532 commentum
1806 1508 1949 1533 novum
1980 1509 2053 1533 non
2075 1506 2179 1544 erat,
2209 1497 2273 1534 sed
2302 1510 2323 1533 a
2344 1495 2512 1546 Pelagia-

1397 1548 1457 1584 nis
1486 1547 1564 1598 jam
1582 1559 1665 1586 ante
1682 1550 1956 1599 excogitatum,
1988 1557 2025 1586 ut
2043 1558 2198 1602 apparet
2227 1562 2272 1587 ex
2293 1550 2402 1602 epist.
2426 1548 2512 1599 194.

1398 1599 1439 1638 S.
1470 1602 1672 1652 Augustini
1701 1602 1749 1638 ad
1779 1603 1930 1639 Sixtum
1959 1615 2045 1654 cap.
2068 1617 2106 1654 9.

1716 1706 1999 1745 CAPUT
2082 1707 2187 1748 VIII.

1514 1812 1579 1852 De
1609 1814 1949 1866 Serraipelagianae
1978 1814 2109 1853 Sectae
2139 1817 2383 1865 auctoribus,

1803 1868 1853 1908 (9‘
1885 1866 2068 1906 Patronis
2086 1895 2096 1907 .

1447 1974 1513 2014 86.
1533 1955 1590 2020 A
1607 1976 1675 2014 deo
1702 1975 1847 2015 occulte
1864 1974 2189 2030 Semipelagianus
2220 1989 2322 2014 error
2353 1990 2389 2014 se
2408 1990 2444 2014 se
2466 1975 2508 2014 in

1392 2038 1534 2066 nostros
1563 2031 1709 2069 animos
1740 2031 1937 2078 insinuat,
1983 2041 2021 2068 ut
2064 2045 2137 2069 non
2167 2031 2280 2082 pauci
2310 2030 2505 2077 doctrina,

1393 2081 1427 2117 ἃ
1458 2084 1594 2134 pietate
1623 2085 1785 2135 insigues
1816 2086 1888 2122 viri
1920 2084 2022 2123 hunc
2060 2084 2219 2122 hamum
2263 2085 2411 2122 incaute
2441 2096 2506 2120 vo*

1393 2137 1585 2174 raverint.
1616 2138 1713 2185 Quis
1730 2139 1894 2186 doctior,
1925 2147 1989 2175 aut
2019 2140 2138 2190 tnagis
2169 2139 2253 2189 pius
2271 2133 2505 2188 Augustino?

1391 2188 1439 2225 Et
1468 2199 1595 2227 tamen
1624 2205 1701 2242 qua
1731 2199 1808 2228 erat
1839 2190 2079 2240 humilitate,
2123 2192 2312 2228 confessus
2350 2199 2428 2236 est,
2466 2203 2505 2226 se

1391 2241 1600 2293 aliquando
1630 2244 1719 2281 huic
1757 2244 1835 2281 luto
1872 2244 2072 2282 adhaesisse
2114 2253 2338 2296 putantem,
2368 2241 2506 2295 fidem

1390 2309 1468 2346 qua
1498 2300 1540 2333 in
1572 2296 1722 2334 Christo
1752 2297 1976 2345 credimus,
2008 2311 2087 2334 non
2117 2311 2202 2334 esse
2232 2297 2379 2333 (ionum
2400 2294 2504 2339 De2·;

1391 2348 1460 2386 sed
1486 2363 1515 2388 a
1544 2349 1653 2388 nobis
1683 2354 1724 2387 ιή
1753 2349 1860 2387 nobis
1890 2364 1973 2387 esse
2005 2350 2084 2401 (tle
2115 2349 2395 2387 Praetlesz.55'.
2417 2362 2503 2399 cap.

1391 2403 1427 2441 5.
1445 2403 1482 2450 ).
1514 2404 1618 2441 Idem
1648 2405 1693 2441 de
1726 2404 2027 2450 Ambrosiastro,
2057 2417 2121 2441 seu
2143 2413 2294 2440 auctore
2309 2415 2504 2439 commen-

1387 2457 1572 2494 tariorum
1603 2458 1640 2494 in
1670 2458 1778 2508 epist.
1808 2456 1846 2493 S.
1867 2456 1972 2493 Pauli
2002 2455 2073 2493 sub
2095 2457 2250 2494 nomine
2281 2455 2320 2493 S.
2342 2455 2504 2492 Ambro-

1389 2511 1435 2548 sii
1453 2539 1463 2557 ‚
1493 2511 1538 2547 de
1560 2509 1736 2562 Tyconio
1757 2510 1952 2547 Donatista
1968 2539 1979 2557 ,
2011 2509 2206 2560 multoque
2236 2510 2356 2559 magis
2385 2508 2430 2544 de
2451 2507 2502 2544 O·

1391 2565 1520 2614 rigene
1549 2563 1798 2600 demonstrari
1829 2572 1966 2615 potest.

1444 2616 1511 2667 87.
1542 2616 1690 2654 Putavit
1721 2617 1918 2655 Jansenius
1948 2614 2068 2665 (Lib.
2083 2613 2167 2652 Vll.
2198 2612 2245 2651 de
2274 2613 2414 2650 licerer.
2435 2612 2507 2650 Pe-

1392 2669 1474 2721 lag.
1491 2682 1525 2707 c.
1547 2670 1640 2719 4.),
1673 2671 1785 2708 etiam
1801 2670 1841 2707 S.
1864 2669 2146 2719 Hieronymum
2178 2681 2219 2704 eo
2248 2668 2331 2718 ipso
2360 2676 2505 2718 tempo-

1392 2735 1460 2770 re,
1503 2736 1579 2775 quo
1615 2733 1744 2761 contra
1775 2722 1988 2772 Pelagianos
2018 2734 2087 2772 pro
2115 2723 2235 2772 gratia
2262 2720 2400 2757 Christi
2432 2733 2504 2769 pu-

1391 2776 1531 2827 gnabat
1548 2806 1558 2824 ,
1590 2779 1627 2814 in
1650 2775 2076 2827 Semipelagianisinum
2110 2775 2309 2821 incidisse,
2339 2773 2439 2825 quod
2458 2785 2503 2809 ex

1391 2829 1470 2866 illis
1501 2829 1668 2881 ejusdem
1700 2828 1823 2866 verbis
1839 2827 1982 2878 colligit
2012 2827 2132 2878 (Lib.
2155 2828 2220 2865 Ill.
2237 2825 2505 2878 Dialoguatim

1392 2882 1532 2937 Peltzg.
1562 2885 1646 2920 init.
1665 2883 1678 2928 )
1695 2894 1709 2917 :v
1733 2910 1759 2928 ,‚
1790 2891 1830 2918 ut
1860 2891 2026 2919 nostrum
2058 2883 2103 2918 sit
2125 2893 2253 2932 rogare
2270 2909 2280 2927 ,
2311 2879 2416 2917 illius
2436 2880 2503 2916 tri-

1392 2965 1418 2984 „
1449 2937 1564 2974 buere
1592 2935 1691 2985 quod
1723 2944 1900 2986 rogatur3
1944 2944 2112 2972 nostrum
2154 2935 2353 2985 incipere,
2397 2932 2503 2970 illius

1393 3018 1419 3038 ,‚
1450 2988 1658 3039 perficere3
1689 2997 1859 3026 nostruin
1888 2987 2051 3036 offerre,
2081 2988 2183 3040 quod
2204 3000 2421 3040 possumus,
2452 2983 2500 3021 il-

1390 3071 1415 3090 „
1446 3041 1520 3078 lius
1538 3039 1718 3090 implere,
1740 3042 1840 3093 quod
1862 3054 1935 3080 non
1957 3055 2155 3093 possumus
2171 3044 2195 3062 ‘⁶
2215 3069 2224 3079 .
2256 3042 2378 3077 Immo
2399 3051 2499 3089 prae-

1390 3093 1607 3131 cedentibus
1636 3108 1711 3132 non
1743 3097 1871 3146 paucis
1904 3095 2076 3132 Patribus
2095 3126 2104 3143 ,
2136 3096 2301 3132 maxime
2322 3093 2499 3139 Graecis,

1389 3148 1457 3199 qui
1484 3147 1752 3185 studiosissime
1773 3150 1950 3200 Origenis
1979 3148 2259 3187 lucubrationes
2289 3147 2498 3193 triverant,

1389 3200 1537 3252 aliquid
1566 3214 1609 3237 ex
1641 3201 1798 3253 pulvere
1822 3202 2066 3240 subtilissimi
2088 3203 2191 3239 istius
2211 3199 2348 3236 erroris
2369 3198 2499 3236 adhae-

1389 3255 1477 3291 sisse
1507 3254 1636 3292 scribit
1655 3282 1664 3292 .
1696 3256 1804 3302 Quod
1835 3266 1960 3293 tamen
1989 3268 2144 3302 vereor,
2173 3267 2221 3290 ne
2250 3252 2426 3290 licentius
2455 3253 2501 3288 sit

1388 3307 1559 3354 dictum,
1591 3307 1623 3342 8(
1654 3310 1699 3345 ad
1730 3310 1968 3347 traditionem
1995 3307 2300 3346 labefactandam
2331 3305 2426 3343 trahi
2449 3304 2500 3342 ab

1390 3359 1586 3412 aliquibus
1615 3364 1754 3413 possit.
1785 3362 1935 3410 Quanto
1964 3362 2166 3414 sapientius
2195 3360 2234 3399 S.
2253 3360 2352 3412 Aug.
2374 3359 2499 3395 Semi-

1388 3414 1595 3468 pelagiauis
1623 3417 1826 3469 antiquam
1848 3417 1999 3456 Pactum
2029 3416 2292 3458 auctoritatem
2310 3413 2500 3471 objicien-

2404 3474 2453 3504 u-
