2570 3745
248 234 330 280 134

171 313 239 345 iiae
259 304 523 358 defuerimus,
551 303 786 359 sicut'coepit
805 321 900 358 opus
920 306 1063 346 bonum
1080 337 1090 355 ‚
1121 310 1178 344 im
1197 317 1283 356 per-

157 361 276 414 ficiet
303 374 476 412 operans
506 362 625 410 velle,
653 362 702 402 Ξῖ)
731 361 949 414 perficere.
991 362 1116 398 Immo
1144 361 1174 397 si
1204 373 1284 396 ma-

168 415 226 466 gis
253 423 428 453 accurate
457 414 563 468 loqui
605 415 808 463 volumus,
851 416 910 453 ilii
954 415 1027 466 ipsi
1069 412 1286 464 imperfecti

169 477 319 516 motus,
362 470 430 521 qui
459 483 481 506 a
508 470 628 520 gratia
657 469 857 506 sufficienti
893 470 933 506 in
971 467 1082 504 nobis
1116 467 1285 502 excitan-

167 529 250 568 tur,
281 521 366 560 ideo
394 521 607 561 inefficaces
635 532 744 571 sunt,
775 536 841 560 nec
871 520 1101 558 voluntatem
1128 519 1285 554 omnino

170 573 346 623 flectunt,
377 575 410 611 8<
437 577 716 623 determinant,
746 577 839 627 quia
869 573 952 610 haec
981 586 1048 609 sua
1067 569 1216 607 malitia
1236 571 1283 607 iis

167 630 328 666 resistit.
358 628 432 666 Sed
464 630 501 667 id
533 630 686 667 uberius
718 627 989 678 explicandum
1021 632 1070 660 est
1100 625 1139 660 in
1171 623 1284 674 impii

166 680 453 731 justificatione,
484 684 584 734 quod
614 680 800 719 facillime
829 679 964 730 poterit
991 677 1109 714 etiam
1139 676 1186 714 ad
1215 676 1282 713 bo-

165 747 213 772 na
241 734 427 785 justorum
457 748 571 787 opera
600 735 733 772 referri
764 733 851 783 (a).

220 787 311 826 281.
342 789 573 840 Quanquam
594 788 698 825 Deus
728 786 842 822 unico
865 783 1015 822 instanti
1036 790 1181 839 tanta-m
1203 791 1282 833 pot-

162 848 218 878 est
247 843 366 893 impio
395 841 593 878 infundere
621 839 805 890 gratiam,
837 846 876 875 ut
906 836 1096 888 extemplo
1116 849 1199 887 ejus
1221 849 1283 874 vo-

163 893 286 932 luntas
319 903 500 940 mutetur,
531 892 564 928 δε
593 899 860 939 convertatur,
889 890 1215 942 quemadmodum
1245 892 1285 928 in

162 948 228 998 pio
257 947 418 993 latrone,
449 947 488 983 in
511 945 648 992 Paulo,
677 943 842 996 aliisque
872 944 1004 995 paucis
1032 943 1177 981 factum
1207 957 1284 980 esse

162 1002 361 1044 novimus3
391 1001 584 1037 consuevit
613 1007 737 1036 tamen
765 997 924 1050 perinde
953 1009 1064 1049 agere
1094 998 1132 1035 in
1151 997 1284 1035 ordine

159 1055 314 1103 gratiae,
344 1066 388 1090 ac
417 1052 457 1090 in
486 1052 620 1090 ordine
649 1061 816 1097 naturae,
847 1060 886 1089 ut
906 1064 1044 1103 nempe
1065 1051 1190 1088 forma
1210 1064 1283 1089 non

159 1106 443 1153 introducatur,
473 1106 547 1143 nisi
577 1105 883 1158 praecedentibus
902 1104 1135 1157 quibusdam
1155 1104 1282 1156 dispo-

156 1158 383 1196 sitionibus.
417 1158 648 1210 Huiusmodi
677 1160 939 1212 dispositiones
966 1158 1014 1196 ad
1043 1157 1280 1210 justificatio-

157 1225 244 1250 nem
276 1213 314 1249 in
346 1211 500 1251 homine
530 1214 653 1265 impio
689 1213 776 1251 fieri
814 1211 932 1251 solent
965 1225 1034 1264 per
1069 1211 1280 1264 quamdam

154 1266 377 1316 gratiarum.
392 1266 556 1314 seriem,
586 1266 727 1318 quibus
754 1267 894 1305 sensim
912 1295 922 1314 ,
952 1278 996 1302 ac
1026 1266 1166 1304 sensim
1197 1264 1278 1316 ejus

155 1332 221 1356 cor
249 1335 272 1356 a
300 1321 459 1357 terrenis
488 1320 760 1372 cupiditatibus
795 1319 981 1357 liberatur
1002 1348 1013 1366 ,
1056 1318 1158 1370 quod
1197 1318 1278 1370 ple-

154 1384 320 1425 rumque
349 1386 424 1410 non
453 1373 534 1410 sine
563 1388 700 1425 magna
728 1372 932 1411 effectuum
951 1402 961 1421 ,
991 1371 1025 1408 ἃ
1055 1372 1277 1423 passionum

154 1423 258 1463 lucta
287 1428 485 1477 contingit:
528 1427 629 1477 quod
659 1427 693 1462 ἀ
722 1426 944 1478 quotidiano
979 1437 1108 1461 rerum
1140 1436 1208 1460 usu
1239 1439 1277 1460 e-

152 1477 357 1526 docemur,
387 1479 421 1514 &
451 1478 681 1517 mirabiliter
701 1479 934 1529 descriptum
956 1476 1118 1528 legimus
1138 1489 1159 1512 a
1180 1476 1275 1514 San-

150 1539 211 1566 cto
242 1532 452 1581 Augustino
489 1533 527 1568 in
556 1532 632 1569 suis
666 1529 987 1582 Confessionibus
1031 1534 1058 1581 (¹
1077 1531 1274 1581 praecipue

148 1582 221 1620 lib.
238 1583 340 1621 Vlll.
372 1583 452 1635 (b).
482 1584 629 1637 Nempe
659 1586 847 1622 continuis
877 1585 955 1622 istis
983 1585 1115 1634 gratiae
1146 1597 1272 1621 acces-

146 1636 316 1675 sionibus
345 1637 414 1685 fit,
443 1638 769 1689 quemadmodum
800 1638 841 1676 S.
873 1637 1104 1689 Augustinus
1133 1638 1186 1674 ait
1207 1637 1272 1675 De

147 1694 286 1741 gralia
305 1720 315 1737 ,
344 1692 393 1731 <J
423 1691 541 1729 libero
570 1691 732 1736 arbitrio
761 1705 849 1743 cap.
874 1692 935 1728 15.
965 1719 992 1738 „
1022 1699 1062 1728 ut
1092 1691 1173 1741 ipsa
1201 1691 1270 1728 bo-

149 1771 176 1791 „
207 1757 256 1780 na
285 1743 485 1791 voluntas,
527 1758 615 1796 quae
646 1744 726 1794 jam
755 1758 832 1781 esse
868 1744 1015 1795 coepit,
1058 1752 1267 1794 augeatur,

149 1824 176 1843 „
206 1796 239 1832 &
261 1805 336 1834 tam
358 1811 497 1848 magna
518 1798 584 1834 fiat
601 1827 611 1845 ,
642 1806 680 1834 ut
696 1797 808 1848 possit
828 1795 991 1848 implere
1006 1796 1138 1835 divina
1159 1811 1267 1835 man-

150 1878 176 1897 „
205 1849 314 1897 data,
344 1864 420 1902 qua
442 1850 631 1897 voluerit,
662 1864 750 1888 cum
769 1848 879 1888 valde
895 1879 907 1898 ,
939 1850 1181 1902 perfecteque
1203 1863 1269 1888 vo·

147 1932 173 1950 „
203 1901 316 1941 luerit
332 1904 375 1941 ”.
405 1904 516 1951 Quod
532 1905 562 1941 si
582 1904 700 1941 bonas
721 1903 805 1941 illas
828 1904 1010 1941 motiones
1027 1934 1038 1952 ,
1068 1912 1266 1955 tamquam

144 1956 405 2007 dispositiones
435 1972 456 1994 a
485 1959 605 2008 gratia
635 1959 842 2004 excitatas,
873 1956 986 1994 homo
1015 1971 1083 1995 sua
1114 1971 1266 2009 perver-

145 2009 253 2046 sitate
283 2010 480 2057 retundat,
511 2019 624 2062 atque
644 2012 861 2061 extinguat,
892 2010 966 2047 sibi
995 2011 1069 2062 ipsi
1099 2012 1264 2062 imputa-

144 2074 185 2098 re
214 2071 304 2101 tunc
333 2062 470 2109 debet,
499 2063 600 2114 quod
630 2063 733 2100 Deus
761 2063 810 2100 ab
841 2062 1114 2111 ulterioribus,
1145 2064 1179 2099 &
1210 2064 1264 2101 ef-

143 2114 327 2153 ficacibus
355 2117 484 2167 gratiis
513 2116 762 2154 infundendis
790 2129 829 2153 se
858 2114 954 2166 juste
982 2118 1195 2155 contineat.

199 2168 290 2207 282.
320 2170 459 2207 Instant
487 2168 549 2207 hic
577 2170 704 2208 acrius
735 2169 978 2208 Adversarii.
1010 2169 1094 2207 Non
1127 2184 1263 2220 ponere

142 2221 382 2260 obstaculum
411 2223 572 2274 gratiaej,
614 2237 679 2261 seu
708 2223 806 2261 bene
837 2224 889 2261 uti
919 2225 1039 2274 gratia
1068 2222 1261 2262 sufficien-

144 2277 200 2323 ti,
243 2277 354 2328 eique
383 2278 590 2314 consentire
612 2306 623 2323 ,
667 2277 714 2314 ad
744 2275 1036 2315 Thomistarum
1066 2288 1231 2316 mentem
1249 2309 1259 2326 ,

144 2338 196 2366 est
226 2328 377 2366 effectus
405 2332 536 2379 gratiae
557 2329 750 2375 efficacis3
780 2344 865 2382 ergo
885 2330 1048 2379 ludunt,
1079 2330 1266 2370 illudunt·

145 2396 218 2434 que
251 2381 459 2421 Thomistae
478 2413 488 2431 ,
518 2383 610 2421 dum
639 2383 793 2432 dicunt,
824 2384 951 2422 Deum
982 2394 1158 2437 paratum
1189 2400 1267 2425 esse

190 2575 238 2611 (a)
264 2573 298 2604 S.
318 2572 472 2606 Thomas
505 2584 532 2603 1.
550 2582 580 2603 2.
606 2584 664 2616 qu.
688 2573 764 2605 113.
792 2582 857 2606 art.
880 2574 1179 2618 10.-Ji2stificatio
1206 2579 1270 2609 im-

146 2620 195 2654 pii
211 2640 221 2657 ,
262 2619 377 2662 inquit
395 2640 406 2658 ,
443 2619 634 2662 «plaudoque
661 2629 714 2651 est
740 2623 969 2661 miraculosa,
1007 2626 1048 2653 ’θ’
1074 2624 1267 2667 quandoque

143 2676 233 2695 non:
271 2674 324 2698 esc
349 2669 438 2698 enim
464 2670 536 2698 iste
562 2670 769 2706 communis,
796 2673 836 2699 ζ’)
863 2676 1042 2700 consuetus
1069 2682 1186 2702 cursus
1207 2671 1268 2715 ju-

146 2711 377 2751 stificationis
394 2721 427 2744 ut
445 2711 520 2744 Deo
539 2720 688 2744 movente
707 2717 853 2746 interius
871 2718 1014 2746 unimam
1028 2735 1038 2753 ,
1066 2716 1160 2747 homo
1186 2729 1267 2748 con-

144 2764 294 2788 vertatur·
318 2760 364 2791 ad
390 2758 497 2791 Deum
517 2780 528 2798 ‚
564 2762 672 2802 primo
698 2762 831 2803 quidem
859 2764 1078 2793 conversione
1105 2763 1267 2805 imperfe-

145 2810 227 2841 cta,
254 2811 287 2835 ut
312 2807 517 2845 postmodum
542 2807 588 2838 acl
611 2805 801 2848 perfectam
826 2808 1011 2844 cle.›en1‘‹ic‚·
1049 2812 1124 2850 quin
1151 2809 1266 2842 cliui-i-

143 2856 198 2880 tas
224 2849 382 2883 inchoata
407 2860 551 2883 meretur
576 2865 693 2896 augeri
711 2874 721 2893 ,
747 2861 782 2886 ut
802 2862 900 2886 auctu
925 2862 1092 2887 mereatur
1116 2855 1240 2897 perfici
1256 2878 1267 2896 ,

147 2898 237 2927 sicut
264 2895 475 2938 Augustinus
502 2900 593 2931 dicit
614 2922 621 2929 .
664 2899 872 2944 Quandoque
899 2913 975 2932 vero
1001 2909 1067 2933 tum.
1094 2902 1268 2935 ‹vehemen-

145 2948 198 2972 ἵει·
226 2941 319 2973 Deus
345 2947 487 2976 (mimam
514 2954 648 2985 movet,
685 2955 719 2978 ιιι
758 2951 876 2979 statim
914 2950 1087 2991 ‹suamdum
1115 2949 1266 2993 justitiae

142 2987 390 3029 perfectionem
416 3002 636 3033 αεςειμιαῑιινς
665 2996 755 3025 sicut
772 2994 849 3036 fnit
877 2996 912 3025 in
938 2999 1158 3026 conversione
1179 2994 1266 3028 Ptin-

142 3034 171 3065 li
187 3054 198 3072 ‚
223 3034 381 3066 adhibita
407 3040 509 3067 etium
532 3043 683 3071 exterius
709 3042 915 3073 miraculosa
939 3045 1195 3083 prostratione,
1222 3046 1264 3075 (Y

144 3080 222 3112 ideo
259 3084 434 3112 conversio
467 3081 563 3115 Pauli
602 3093 754 3128 tmiqimm
791 3089 997 3120 miraculosa
1034 3090 1070 3120 in
1095 3088 1262 3122 Ecclesia

142 3135 418 3159 coi.·mzemoratur
442 3130 623 3161 celebriter
638 3152 646 3160 .

189 3174 236 3209 (Α)
264 3172 327 3203 Sed
357 3171 397 3205 tle
423 3173 476 3205 his
504 3174 567 3217 legi
596 3186 746 3210 meretur
767 3178 986 3212 Ludowhc.
1013 3178 1053 3212 de
1069 3181 1260 3214 Rastienac

142 3217 306 3262 Arc-hiep.
348 3218 563 3251 ‘furonensis
601 3221 634 3252 in
676 3225 836 3258 instruct.
866 3227 996 3259 Pastor.
1035 3225 1075 3260 de
1109 3217 1258 3261 Jusiitia

143 3264 360 3303 Christiana,
386 3265 458 3309 jun
485 3266 613 3309 pluries
631 3288 640 3305 ,
666 3268 781 3301 italica
807 3284 968 3316 qnoque,
995 3286 1032 3306 ac
1058 3274 1258 3317 germanica

140 3309 260 3353 lingua
286 3309 376 3343 editi
405 3320 494 3354 part.
513 3322 543 3343 2.
572 3321 645 3344 tum
663 3314 743 3352 alii,
771 3319 827 3358 qni
856 3318 942 3351 hanc
968 3321 1155 3352 materiam
1175 3321 1257 3352 illu-

142 3365 300 3388 strarunt
327 3359 432 3390 etiam
462 3359 493 3389 in
519 3357 619 3391 libris
644 3360 822 3393 asceticis.
850 3365 1014 3398 Ceterum
1035 3366 1188 3399 Thomas
1213 3365 1255 3399 de

141 3402 265 3434 Lexnos
293 3403 326 3435 in
356 3403 520 3446 panoplia
544 3408 663 3447 grutiae
691 3406 732 3437 T.
751 3406 807 3437 lV.
829 3409 903 3441 Lib.
922 3412 980 3443 lV.
1009 3412 1042 3442 Ι).
1063 3414 1102 3444 Η.
1132 3414 1253 3444 ‘Fi-act.

142 3448 200 3481 ΙΙΙ.
216 3460 291 3493 cap.
305 3449 339 3491 4.
365 3451 546 3494 explicans
573 3462 793 3485 communem
812 3453 909 3487 illam
927 3457 960 3488 S.
979 3459 1166 3500 Augustini
1192 3457 1253 3491 do-

755 227 836 271 DE
871 227 1106 271 GRATIA
1140 227 1186 270 P.
1219 227 1251 270 Ι.
1285 225 1552 271 DISS‘ERT.
1584 225 1640 270 V.
1674 228 1804 272 CAP.
1838 229 1914 273 VI.

1350 305 1396 342 ad
1417 306 1578 356 gratiam
1599 304 1793 344 efficacem
1814 307 2050 360 largiendam
2064 338 2074 356 ‚
2103 309 2175 347 nisi
2196 306 2366 347 voluntas
2384 320 2472 361 gra-

1351 359 1415 396 tiae
1444 357 1648 395 sufficienti
1678 373 1743 399 sua
1772 363 2012 412 perversitate
2044 363 2211 400 resistat.

1411 410 1504 449 285.
1537 410 1580 448 R.
1604 412 1700 450 Dist.
1727 423 1805 452 ant.
1838 415 1889 452 lta
1921 425 1958 453 ut
1988 416 2107 454 obicis
2137 416 2272 466 positio
2301 423 2470 467 repeten-

1353 464 1400 502 da
1429 464 1474 501 sit
1495 474 1539 501 ‘ex
1558 464 1706 502 defectu
1728 469 1858 518 gratiae
1876 468 2041 507 efficacis
2057 499 2068 517 ,
2098 478 2295 521 tamquam
2315 483 2360 507 ex
2380 483 2472 507 cau·

1353 531 1413 566 sa,
1444 530 1568 569 nego:
1598 521 1799 569 repetenda
1826 521 1874 558 sit
1903 535 1947 559 ex
1978 522 2100 560 libera
2129 531 2265 561 nostrae
2295 523 2470 561 volunta—

1352 572 1398 609 tis
1427 572 1602 619 malitia,
1631 584 1721 622 quae
1749 573 1894 611 bonum
1924 575 2022 613 velle
2053 585 2194 628 potest,
2226 575 2258 612 δε
2279 589 2354 614 non
2376 573 2473 624 vult,

1352 633 1464 676 atque
1494 624 1745 662 antecedentis
1773 627 1904 676 gratiae
1925 626 2101 666 effectum
2120 631 2328 681 extinguit,
2358 640 2473 667 conc.

1352 677 1495 728 Magna
1525 687 1575 715 est
1606 679 1645 715 in
1676 675 1745 714 hoc
1777 688 1997 728 argumento
2018 683 2270 731 aequivocatio
2289 712 2300 730 ,
2330 694 2417 734 quae
2439 681 2473 720 si.

1351 730 1506 769 tollatur
1523 761 1533 779 ,
1564 732 1690 768 omnis
1719 739 1914 768 evanescet
1942 731 2147 770 difficultas
2163 760 2174 772 .
2203 735 2302 774 Nam
2324 737 2402 773 alia
2420 741 2474 773 est

1352 798 1491 833 causa,
1535 797 1604 821 cur
1633 793 1795 835 ponatur
1824 783 2063 822 obstaculum
2092 788 2223 836 gratiae
2241 817 2251 835 ‚
2294 787 2371 826 alia
2404 799 2475 826 cur

1354 851 1425 875 non
1455 845 1645 890 ponatur.
1689 837 1818 875 Prima
1861 847 1911 875 est
1954 837 2033 875 sola
2075 837 2245 877 humana
2274 842 2472 887 volunta33

1352 891 1516 941 perditio
1545 900 1615 927 tua
1644 890 1800 938 Israel,
1844 905 1913 929 nec
1943 890 2024 928 ullo
2053 890 2167 928 modo
2198 892 2235 929 id
2271 907 2294 930 a
2322 894 2473 933 defectu

1353 946 1483 996 gratiae
1513 945 1588 983 Dei
1618 954 1670 982 est
1698 945 1965 997 repetendum:
2008 944 2261 996 quamobrem
2290 945 2474 985 referente

1353 999 1393 1036 S.
1418 1000 1626 1051 Augustino
1655 996 1718 1036 De
1746 1002 1867 1050 gestis
1898 997 2051 1050 Pelagii
2080 1012 2166 1050 cap.
2192 998 2253 1042 14.
2300 997 2476 1050 Pelagius

1352 1052 1392 1089 in
1421 1052 1597 1090 Concilio
1627 1051 1887 1104 Diospolitano
1917 1060 2066 1090 coactus
2095 1060 2147 1089 est
2176 1050 2274 1089 lianc
2305 1052 2473 1104 proposi·

1350 1106 1492 1143 tionem
1512 1104 1685 1144 Coelestii
1715 1104 1890 1156 ejurare:
1918 1108 1951 1142 si
1980 1108 2117 1157 gratia
2133 1103 2212 1142 Dei
2233 1113 2318 1154 est,
2348 1118 2474 1156 quan-

1349 1158 1399 1196 do
1415 1163 1606 1197 vincimus
1625 1168 1795 1209 peccata
1814 1189 1823 1207 ,
1853 1172 1947 1211 ergo
1962 1162 2043 1210 ipse
2059 1162 2171 1197 estin
2191 1159 2322 1210 culpa,
2344 1172 2472 1209 quan·

1349 1211 1398 1250 clo
1427 1227 1454 1251 α
1483 1222 1648 1261 peccato
1676 1217 1893 1250 vincimur.
1921 1213 2044 1251 Causa
2065 1225 2180 1260 verO,
2210 1226 2278 1251 cur
2300 1212 2373 1251 Dei
2403 1225 2469 1251 vo-

1348 1267 1487 1304 cationi
1518 1266 1796 1305 consentiamus
1814 1296 1824 1314 ,
1855 1275 1906 1304 est
1934 1267 2056 1317 gratia
2085 1266 2182 1304 Dei:
2220 1274 2472 1303 tantummo-

1346 1318 1395 1356 do
1424 1323 1465 1356 in
1495 1333 1559 1356 me
1578 1320 1776 1356 auxilium
1804 1327 1914 1356 tuum
1932 1321 2066 1370 (Oseae
2082 1318 2190 1357 XIII.
2207 1333 2246 1372 9.
2264 1319 2294 1368 ).
2326 1320 2473 1367 Quam-

1347 1373 1404 1410 vis
1435 1386 1521 1424 ergo
1549 1373 1598 1409 ad
1627 1371 1916 1410 Tltomistarum
1960 1381 2127 1410 mentem
2167 1373 2292 1411 bonus
2335 1375 2470 1424 gratias

1347 1438 1461 1471 usus,
1491 1439 1556 1462 seu
1587 1437 1789 1462 consensus
1811 1425 2011 1466 ‚vocationi
2046 1426 2091 1462 sit
2132 1426 2264 1474 gratiae
2303 1425 2472 1463 efficacis

1345 1476 1528 1526 effectus,
1559 1491 1631 1515 non
1668 1486 1794 1514 tamen
1823 1487 1951 1514 contra
1988 1477 2194 1525 dissensus,
2237 1491 2303 1515 seu
2332 1479 2471 1530 positio

1341 1531 1610 1583 impedimenti
1635 1544 1679 1568 ex
1696 1531 1845 1568 defectu
1860 1531 1992 1581 gratiae
2023 1530 2189 1568 efficacis
2207 1560 2217 1578 ,
2247 1531 2309 1568 sed
2330 1544 2375 1568 ex
2397 1530 2468 1569 hu-

1342 1598 1468 1623 manae
1500 1585 1703 1623 voluntatis
1732 1583 1882 1621 malitia
1911 1585 2029 1635 repeti
2061 1583 2172 1622 debet
2202 1585 2259 1634 (c)
2279 1611 2290 1622 .

1395 1638 1486 1684 284.
1516 1639 1606 1676 Inst.
1627 1646 1755 1674 sexto.
1785 1637 1999 1674 Commune
2030 1636 2348 1690 Philosophorum
2378 1651 2466 1689 pro-

1336 1689 1518 1743 loquium
1543 1700 1617 1728 est:
1648 1689 1709 1727 ubi
1738 1688 1960 1737 affirmatio
1989 1698 2047 1727 est
2067 1703 2195 1728 causa
2215 1689 2463 1743 affirmatio-

1336 1747 1398 1781 nis
1416 1775 1426 1792 ,
1457 1748 1582 1782 etiam
1612 1746 1872 1795 negationem
1902 1745 1987 1781 ess‘e
2007 1756 2180 1781 causam
2201 1749 2425 1797 negationis
2441 1759 2458 1789 ;

1336 1799 1430 1850 quia
1458 1798 1738 1837 contrariorum
1768 1796 1901 1852 eadem
1930 1805 1983 1835 est
2013 1798 2130 1834 ratio:
2160 1811 2249 1848 ergo
2279 1800 2309 1835 si
2337 1799 2462 1848 gratia.

1338 1851 1472 1889 efficax
1504 1860 1555 1889 est
1584 1864 1723 1898 causa,
1767 1863 1836 1887 cur
1865 1851 2054 1888 vocationi
2084 1852 2362 1888 consentiamus
2383 1880 2393 1899 ,
2424 1859 2464 1888 e'-

1335 1902 1485 1956 jusdem
1515 1905 1682 1943 defectus
1713 1904 1784 1941 erit
1803 1917 1916 1942 causa
1934 1933 1944 1951 ,
1975 1916 2044 1942 cur
2064 1916 2138 1941 non
2159 1906 2464 1950 consentiamus3

1336 1958 1506 2010 adeoque
1528 1956 1598 1996 &c-

1393 2011 1483 2050 285.
1516 2011 1627 2063 Hesp.
1672 2010 1752 2047 Hoc
1782 2008 2102 2062 Philosophorum
2132 2010 2288 2049 effatum
2319 2009 2464 2049 habere

1332 2064 1461 2103 locum
1480 2095 1490 2112 ,
1535 2065 1602 2102 ubi
1633 2064 1766 2101 eadem
1796 2072 1848 2102 est
1877 2078 1992 2103 causa
2030 2066 2311 2102 contrariorum
2330 2095 2340 2113 ,
2385 2078 2463 2103 nou

1331 2127 1458 2156 autem
1476 2118 1543 2156 ubi
1573 2126 1624 2155 est
1653 2118 1822 2165 diversa,
1853 2125 1894 2154 ut
1925 2118 1986 2156 hic
2016 2117 2227 2168 contingit.
2258 2117 2458 2166 Quamob-

1331 2186 1412 2210 rem
1443 2186 1510 2210 nec
1540 2171 1668 2209 locum
1699 2171 1852 2209 haberet
1881 2171 1922 2209 in
1950 2172 2059 2222 gravi
2087 2170 2310 2216 decidente3
2352 2171 2387 2207 8<
2427 2172 2457 2208 i-

1329 2235 1442 2278 nepte
1472 2227 1557 2278 quis
1575 2226 1625 2262 ita
1640 2224 1854 2276 colligeret:
1883 2238 2024 2271 causa,
2054 2236 2124 2260 cur
2152 2223 2251 2275 lapis
2280 2225 2459 2262 deorsum

1334 2293 1411 2317 non
1441 2288 1548 2327 ruat,
1579 2287 1630 2315 est
1660 2291 1797 2315 manus
1826 2276 2058 2320 subtracti03
2089 2276 2189 2313 uude
2218 2276 2259 2314 S.
2289 2276 2459 2315 Thomas

1341 2347 1373 2370 1.
1407 2345 1443 2370 2.
1474 2347 1539 2384 qu.
1564 2345 1650 2369 112.
1680 2340 1752 2368 art.
1769 2331 1806 2368 5.
1828 2330 1874 2366 ad
1893 2341 1930 2367 2.
1962 2359 1988 2378 „
2005 2329 2186 2367 Defectus
2215 2331 2368 2381 gratiae,
2398 2335 2459 2366 itt.-

1337 2416 1362 2435 „
1392 2389 1473 2438 quic
1491 2416 1501 2434 ,
1533 2387 1658 2437 prima
1688 2397 1803 2422 causa
1833 2391 1884 2422 est
1913 2396 1957 2421 ex
1987 2382 2122 2431 nobis,
2153 2383 2217 2422 sed
2245 2383 2457 2423 collationis

2271 2466 2297 2486 9,
2317 2452 2403 2490 gra·

1337 2577 1514 2616 ctri'nam3
1541 2577 1628 2621 quod
1653 2575 1747 2608 homo
1773 2586 1845 2607 cum.
1868 2575 2002 2607 auxilio
2029 2575 2209 2614 sufficienti
2233 2575 2314 2606 bene
2339 2585 2458 2616 opera·

1338 2633 1434 2656 retur
1450 2645 1460 2663 ,
1487 2628 1516 2656 si
1548 2625 1650 2656 vellet
1665 2644 1675 2662 ,
1699 2622 1886 2660 observat,
1913 2619 2070 2652 absolute
2090 2631 2157 2652 uon
2174 2631 2247 2651 esse
2266 2618 2457 2652 concedenu

1336 2669 1416 2703 dam
1444 2670 1541 2703 illam
1568 2666 1802 2714 quorumdam
1829 2665 2122 2710 propositionem:
2163 2679 2191 2697 si
2221 2666 2285 2697 hoc
2310 2667 2391 2698 bene
2415 2679 2451 2698 U-

1336 2725 1464 2750 teretnr
1481 2717 1615 2749 aui-ilio
1642 2717 1846 2757 sufficienti,
1873 2716 1942 2755 ipsi
1969 2713 2110 2744 clar-etin·
2135 2714 2253 2753 efficax
2269 2727 2278 2743 .·
2303 2713 2385 2756 qnia
2403 2713 2458 2745 fa-

1335 2764 1399 2796 cile
1430 2771 1541 2808 potest.
1567 2763 1601 2795 in
1627 2761 1753 2794 falsum
1772 2770 1909 2792 sensum
1928 2757 2154 2801 detorqueri3
2181 2767 2218 2791 ut
2237 2759 2370 2792 scilicet
2389 2770 2453 2802 pu-

1336 2817 1448 2843 temus
1464 2831 1474 2849 ,
1501 2809 1677 2842 hominem
1703 2808 1774 2839 suis
1801 2804 1934 2837 viribus
1952 2803 2038 2836 bene
2058 2805 2109 2837 uti
2129 2806 2260 2838 auxilio
2279 2805 2453 2837 sufficien-

1337 2857 1383 2895 ti,
1410 2862 1469 2888 aut
1494 2855 1617 2888 saltem
1643 2854 1674 2886 ei
1701 2864 1768 2885 non
1794 2851 1977 2889 resistere,
2004 2853 2036 2882 &
2061 2850 2109 2884 ita
2135 2851 2253 2885 efficax
2281 2852 2449 2895 impetra-

1334 2914 1394 2943 re,
1420 2903 1480 2946 qni
1507 2913 1626 2934 sensus
1652 2907 1703 2931 est
1728 2897 1957 2930 falsissimus.

1385 2954 1433 2987 (c)
1469 2949 1567 2980 Hanc
1601 2944 1784 2978 materiam
1823 2951 2005 2982 accurate,
2042 2943 2245 2988 copioseque
2283 2945 2452 2978 tractavit

1332 2994 1485 3027 Didacns
1513 2994 1658 3026 Alvarez
1688 2989 1764 3022 Lib.
1786 2990 1850 3022 IX.
1888 2990 1932 3021 de
1958 2991 2105 3022 auxiliis
2133 2991 2273 3035 Disput.
2300 2993 2356 3024 Gt.
2390 2990 2450 3022 uhi

1332 3041 1459 3084 quaerit
1479 3061 1490 3079 ,
1518 3047 1624 3070 utrum
1649 3037 1717 3069 liaec
1742 3038 1895 3068 causalis
1923 3039 1969 3067 sit
1996 3048 2095 3068 uera:
2138 3036 2229 3082 Quia
2263 3038 2357 3070 homo
2382 3048 2448 3068 non

1330 3087 1509 3132 adjuvatur
1533 3097 1554 3116 ιι
1581 3082 1678 3123 Deo,
1703 3083 1782 3114 ideo
1808 3094 1871 3114 non
1898 3086 2132 3116 ronnei-titur?
2175 3084 2221 3116 Et
2246 3083 2344 3126 Disp.
2371 3082 2453 3114 Cll.

1330 3131 1448 3165 Uerum
1472 3131 1539 3163 liaec
1574 3131 1726 3162 causalis
1755 3133 1801 3162 sit
1827 3140 1927 3161 uera.-
1970 3127 2062 3173 φαίη
2097 3130 2194 3161 homo
2227 3132 2400 3161 excitatns
2427 3141 2447 3161 a

1328 3178 1405 3211 Deo
1430 3190 1495 3210 non
1521 3178 1590 3210 ‹rizlt
1614 3180 1662 3208 uti
1689 3179 1802 3219 gratia
1830 3178 2040 3217 stffcieiite,
2074 3177 2153 3208 ideo
2178 3187 2243 3206 non
2267 3175 2447 3220 adjuvatur

1327 3238 1347 3258 a
1373 3226 1462 3264 Deo,
1487 3235 1547 3256 nec
1574 3225 1805 3256 convertitur?
1839 3223 1903 3254 Sed
1931 3221 2110 3266 praestabit
2136 3221 2316 3254 consulere
2342 3233 2447 3253 accu-

1326 3271 1545 3304 ratissimum
1561 3269 1774 3309 Lemosimn,
1798 3268 1857 3312 qui
1885 3268 1920 3300 in
1946 3268 2109 3311 Panoplia
2134 3271 2253 3310 gratiae
2279 3266 2445 3300 'P01n.lV.

1327 3318 1405 3351 Lib.
1425 3318 1484 3350 lV.
1513 3317 1547 3348 P.
1568 3317 1610 3348 Il.
1639 3315 1760 3347 'frana
1786 3317 1845 3347 ΙΙΙ.
1871 3313 1994 3360 cap.4.
2032 3313 2146 3357 plures
2180 3312 2344 3357 expendit
2370 3325 2449 3345 sen-

1323 3375 1381 3396 sus
1408 3362 1512 3407 hujus
1538 3361 1805 3406 propositionis:
1848 3361 1957 3393 Homo
1983 3361 2064 3392 bene
2090 3369 2288 3402 operaretur
2312 3361 2446 3393 auxilio

1321 3413 1526 3451 sufficienti,
1553 3411 1583 3439 si
1605 3410 1733 3446 vellec,-
1767 3419 1956 3452 veramque
1981 3406 2089 3452 ipsius
2119 3407 2390 3451 intelligentiam
2424 3417 2444 3438 a

1319 3457 1416 3489 falsis
1434 3454 1654 3488 discriminat
1668 3476 1676 3485 .
