2562 3694
874 136 955 182 DE
989 134 1231 180 AETERN

171 220 261 268 246.
293 221 364 261 Res
395 247 404 259 .
436 220 516 258 noc
546 218 670 269 ipsum
700 224 969 269 argumentum
999 216 1072 254 sibi
1093 227 1232 266 propo·

114 286 239 315 suerat
267 236 468 326 Angeiicns
497 273 536 310 iu
568 270 732 310 Lib.IV.
763 270 942 310 Sentent.
972 267 1230 308 Dianxbvt.

111 344 179 383 qu.
201 342 240 368 2.
266 336 338 365 art.
359 325 397 365 3.
429 339 466 363 n.
483 325 521 364 3.
553 324 611 364 his
639 325 800 363 verbis.
838 354 869 373 „
894 323 1002 362 Sicut
1030 322 1122 360 dicit
1152 322 1231 360 An-

113 412 141 431 „
167 381 308 420 seimus
335 380 375 417 iu
403 378 492 418 Lib.
523 379 571 416 Il.
616 378 694 416 Cur
724 377 835 417 Deus
864 377 1008 416 homo:
1047 373 1143 413 Non
1172 383 1230 412 est

113 463 141 482 ,‚
168 434 344 481 justum,
386 441 426 471 ut
455 431 565 470 Deus
594 441 849 480 creaturam,
891 443 1013 482 quam
1030 428 1137 481 fecit
1177 427 1232 465 ad

109 480 452 535 „beatitudinem
469 515 479 533 ,
507 491 673 524 omnino
700 490 828 536 perire
857 488 964 522 sinat
981 497 994 520 :
1023 494 1112 534 ergo
1127 481 1231 519 vide-

109 567 139 588 „
166 547 227 576 tur
243 568 254 588 ‚
273 552 365 577 eum
385 539 572 592 quaslibet
592 548 766 578 creatura
787 537 982 576 rationalis
1000 544 1126 574 creata
1149 535 1229 572 sue-

110 621 138 641 „
166 593 218 630 rit
246 592 294 631 ad
322 591 598 632 beatitudinem
615 623 626 641 ,
655 606 729 631 nou
748 606 826 631 esse
846 592 989 642 justum
1006 619 1016 638 ,
1048 591 1228 626 utomni-

110 675 138 693 „
167 658 220 682 no
247 646 379 698 perire
403 648 640 699 permittatur
673 650 699 668 “
718 672 729 684 .
777 644 988 696 Respondet
1016 651 1145 681 autem
1187 642 1230 679 S.

110 697 350 750 Praeceptor‚
383 699 609 739 Auselmum
639 699 744 752 loqui
773 699 818 736 de
838 706 1012 736 creatura
1042 725 1066 743 „
1096 709 1230 733 secuu-

105 779 134 800 ‚‚
163 752 259 790 dum
285 766 401 803 genus
429 766 568 799 suum;
604 766 681 792 uon
710 752 813 792 enim
843 760 894 790 est
921 750 1145 788 couveniens
1172 748 1230 785 ‹li-

105 833 133 854 „
163 806 265 844 viuae
296 806 483 854 bonitati,
526 815 566 844 ut
595 815 717 844 totum
744 818 871 843 unum
895 816 1014 856 genus
1042 810 1227 840 creaturae

105 887 137 906 „
162 859 320 898 deficiat
348 873 370 897 a
399 859 503 909 fine,
534 868 689 912 propter
716 872 836 910 quem
854 867 908 895 est
930 857 1097 894 factum:
1129 855 1228 892 unde

103 939 131 959 „
161 925 239 950 uec>
258 925 394 951 omues
418 913 593 952 homines
610 942 621 960 ‚
652 926 720 950 nec
747 924 878 949 omues
899 908 1048 961 angelos
1067 908 1227 946 dauma-

105 993 132 1013 ,‚
163 966 197 1003 ri
225 967 402 1005 convenit
420 991 431 1004 .
461 966 536 1004 Sed
565 964 669 1003 nibil·
688 964 890 1017 prohibet,
921 963 1016 1014 quin
1037 961 1158 1013 aliqui
1181 975 1225 1001 ex

102 1046 130 1065 ‚‚
161 1017 382 1057 hominihus
399 1049 409 1067 ,
439 1019 498 1059 vel
530 1032 579 1057 ex
604 1018 748 1070 angelis
779 1019 818 1055 in
839 1026 1026 1055 aeteruum
1047 1024 1227 1066 pereant,

102 1098 129 1118 ‚,
159 1072 253 1124 quia·
278 1072 422 1110 divinae
454 1071 661 1111 voluntatis
682 1071 837 1109 intentio
858 1068 1039 1122 impletur
1057 1069 1095 1106 iu
1115 1067 1201 1106 aliis
1218 1098 1228 1117 ,

98 1151 130 1172 „
156 1124 223 1176 qui
251 1123 444 1163 salvantur
473 1127 499 1148 “
516 1150 534 1163 0

155 1177 247 1227 247.
277 1177 373 1215 Ιηιιῑ.Δ
395 1176 597 1216 secundo.
644 1176 757 1216 Deus⁴
780 1189 859 1215 non
882 1176 1025 1214 creavit
1057 1183 1225 1212 tantum-

95 1229 217 1267 modo«
238 1228 397 1282 aliquos·
420 1230 621 1279 homines,
650 1229 712 1269 vel
741 1230 891 1282 angelos
921 1237 1074 1282 propter
1103 1228 1223 1266 beati-

96 1282 270 1320 tudinem
289 1312 299 1331 ,
342 1284 406 1322 sed
435 1283 548 1337 plane
576 1297 731 1332 omnes,
773 1294 888 1335 atque
929 1283 1108 1320 omnibus
1138 1281 1222 1331 ejus

94 1336 378 1388 consequendae·
401 1338 575 1376 innatum
603 1338 706 1376 dedit
725 1339 956 1389 appetitum:
984 1349 1071 1387 ergo
1100 1336 1128 1373 si
1147 1336 1218 1373 Dei

94 1386 305 1427 boni-tatem
339 1389 570 1440 dedeceret,
612 1399 652 1429 ut
695 1399 811 1428 totum
841 1403 957 1440 genus
987 1389 1224 1437 hominum,

94 1441 159 1479 vet
186 1441 408 1494 angelorum
437 1458 460 1482 a
488 1443 568 1482 fine
594 1444 802 1492 deficeret,
831 1443 1026 1481 dedeceret
1047 1443 1214 1494 pariter,

94 1494 272 1547 aliquos,
315 1497 399 1534 imo·
421 1496 530 1548 longe
559 1499 772 1536 maximam
801 1497 1002 1535 hominum
1034 1504 1179 1548 partem
1203 1526 1214 1544 ,

93 1547 145 1586 ab
174 1548 304 1587 eodem
334 1548 529 1589 deficere.

147 1601 248 1647 248.
272 1600 382 1653 Resp.
398 1631 408 1650 ,
438 1602 477 1640 id
506 1603 587 1642 sore
615 1616 750 1640 verum
768 1633 777 1650 ,
808 1604 838 1641 si
859 1603 1033 1640 omnium
1052 1631 1063 1649 ,
1094 1600 1218 1639 &siu-

92 1652 272 1705 gulorum
302 1654 528 1704 hominum,
558 1656 592 1693 8t
621 1656 847 1707 angelorum
876 1655 1003 1701 salus,
1034 1653 1067 1688 8(
1097 1655 1216 1691 beati-

89 1707 182 1746 tudo
210 1717 301 1747 esset
330 1707 488 1747 til-timus
515 1709 667 1748 divinae*
690 1708 867 1747 honitatis
897 1707 987 1745 finis
1004 1731 1014 1743 .
1043 1704 1118 1743 Sed
1141 1719 1215 1744 non

91 1769 144 1798 est
167 1762 217 1799 ita
230 1775 242 1807 3
272 1765 460 1800 universa·
483 1766 592 1801 enim
621 1771 775 1814 propter
794 1765 1052 1810 semetipsum
1072 1772 1213 1810 opera-

90 1821 153 1852 tus
181 1823 243 1853 est
269 1814 488 1862 Dominus,
531 1819 698 1868 impium
725 1827 876 1868 quoque
904 1813 959 1852 ad
988 1812 1093 1851 diem
1125 1826 1213 1850 ma-

89 1866 200 1915 lum-,i
222 1867 405 1907 Proverb.
425 1867 536 1908 XVI.
553 1869 618 1916 4..;
649 1884 786 1922 nempe
807 1868 964 1907 ultimus
984 1867 1127 1905 divinae
1148 1879 1214 1905 vo-

86 1919 248 1960 luntatis
272 1921 360 1960 finis
391 1931 444 1960 est
472 1923 599 1974 ipsius-
620 1923 693 1962 Dei
713 1923 833 1975 gloria
851 1952 862 1970 ,
891 1935 979 1974 quae
1000 1929 1077 1958 tam
1100 1922 1139 1958 iu
1159 1920 1214 1957 eis

87 1972 265 2023 relucet„
288 1976 356 2028 qui
386 1989 453 2028 per
482 1977 605 2029 ipsius
632 1976 930 2016 misericordiam
960 1974 1007 2012 ad
1030 1982 1213 2011 aeternam

89 2025 316 2066 felicitatem
347 2031 602 2081 perveniunt,
632 2044 755 2083 quam
781 2031 820 2068 in
849 2030 922 2076 iis,
952 2028 1019 2080 qui
1049 2040 1094 2064 ex
1113 2027 1213 2064 divi-

87 2092 158 2118 nae
194 2079 357 2132 justitias·
391 2081 540 2134 legibus
582 2092 724 2122 aeterno
751 2081 944 2135 supplicio
973 2082 1183 2133 puniuntur
1203 2106 1214 2117 .

93 2132 186 2172 Non:
207 2147 338 2174 omues
366 2135 516 2186 angelos
537 2165 548 2183 ,
585 2150 655 2174 nec
685 2136 859 2174 homines
887 2147 965 2172 esse
994 2133 1043 2170 ab
1074 2141 1214 2170 aeterna

93 2185 328 2225 beatitudine
356 2187 513 2238 rejectos
541 2201 588 2226 ex
615 2189 749 2226 diviua
776 2186 1007 2225 revelatione
1026 2194 1128 2224 certo
1147 2199 1213 2225 no-

88 2241 262 2286 scimus3
304 2240 338 2278 8t
368 2249 570 2294 propterea.
595 2240 787 2289 dicimus,
827 2239 930 2278 haud
959 2240 1130 2278 decuisse
1155 2238 1219 2278 di-

85 2294 225 2331 vinam.
250 2293 457 2332 honitatem
475 2325 484 2342 ,
516 2303 555 2332 ut
585 2303 704 2332 totum
734 2294 935 2333 hominum
963 2306 1108 2346 genus,
1148 2302 1215 2332 aut

84 2346 312 2398 angelorum
342 2362 364 2385 a
392 2360 459 2386 suo
487 2346 564 2386 fine
583 2347 785 2394 deficeret3
814 2349 911 2386 sicut
931 2360 976 2384 ex
996 2347 1128 2385 eadem
1149 2360 1211 2384 su-

85 2413 205 2452 perna
234 2400 467 2439 revelatione
491 2410 596 2439 certo
623 2410 791 2450 constat,
829 2414 900 2439 non
927 2413 1056 2439 omnes
1087 2399 1210 2438 homi-

85 2466 149 2491 nes
170 2483 182 2502 ,
211 2453 274 2493 vel
301 2453 457 2507 angelos
481 2463 666 2493 aeternam
696 2455 877 2507 consequi
907 2453 1210 2492 beatitudinem:

87 2507 197 2544 unde·
218 2520 454 2560 consequens
495 2516 549 2546 est
577 2509 750 2547 divinam
780 2509 984 2546 bonitatem
1013 2506 1115 2545 haud
1145 2507 1212 2544 de-

85 2559 257 2610 decere,
289 2561 498 2600 admodum
525 2561 663 2600 multos
691 2577 714 2601 a
740 2574 815 2601 suo>
839 2560 975 2600 ultimo
1002 2559 1080 2599 fine
1108 2559 1217 2599 deci-

85 2613 176 2652 dere
189 2641 207 2652 ..

141 2668 234 2720 249,
263 2667 533 2708 Νεῐησᾶυῑειπ
549 2669 737 2708 curiosius
757 2669 953 2721 inquirat,
981 2666 1182 2720 quarelios
1197 2697 1209 2717 ‚

85 2718 147 2756 vel
178 2721 261 2757 illos
282 2751 294 2770 ‚
337 2722 396 2761 vel
426 2732 570 2762 tantam
600 2722 740 2761 liorum
770 2721 1053 2760 multitudinem
1091 2736 1112 2759 a
1142 2734 1210 2759 suo

82 2771 162 2810 fine
192 2773 358 2814 deficere
386 2778 604 2828 permittat3
651 2790 742 2815 cum
787 2775 870 2813 haec
899 2774 1010 2814 nobis
1038 2774 1208 2813 revelare

85 2824 169 2863 Deo
197 2827 356 2866 minime
385 2830 600 2881 placuerit,
630 2830 692 2868 sed
712 2830 871 2868 omnino
900 2828 1061 2867 voluerit
1081 2828 1211 2866 adin-

81 2879 308 2918 scrutabilia
338 2883 462 2934 ipsius
486 2883 632 2934 judicia
660 2884 876 2936 pertinere.
914 2883 967 2920 Ita
996 2881 1038 2919 S.
1068 2880 1208 2919 Paulus

83 2930 250 2971 Roman.
274 2933 346 2972 1X.
381 2937 442 2974 15.
473 2935 507 2972 ἃ
535 2951 614 2990 seq.
657 2938 784 2990 primo
811 2935 950 2988 allegat
988 2935 1103 2973 verba
1132 2934 1208 2973 Dei

81 2986 130 3024 ad
160 2985 341 3039 Moy-sem
366 2987 494 3027 Exodi.
511 2989 701 3029 XXXIII.
721 3003 785 3043 ¹9·
813 2987 1037 3028 Miserehor
1053 3019 1064 3036 ,
1093 2989 1209 3041 cujus

81 3043 301 3079 misereor:
343 3041 398 3082 (θ’
423 3043 705 3081 misecordiam
733 3042 934 3093 praestabo
951 3073 961 3091 ,
990 3044 1103 3094 cujus
1132 3045 1210 3079 mi-

83 3093 238 3131 mehor
254 3109 271 3139 ;
300 3109 345 3133 ac
362 3103 492 3147 postea
504 3095 718 3135 concludit:
748 3095 862 3147 Ergo
876 3097 989 3146 cujus
1004 3097 1083 3134 uult
1099 3126 1110 3143 ,
1131 3099 1206 3132 mi-

82 3155 262 3196 seretur,
304 3149 354 3189 (9‘
383 3163 500 3200 quem
529 3149 633 3197 vult,
675 3148 869 3186 indurat.
907 3148 1012 3186 Deus
1047 3149 1206 3200 quidem

80 3197 162 3237 vult
190 3201 376 3242 omnibus
399 3201 628 3241 hominibus
652 3207 838 3240 aeternam
866 3199 1112 3250 felicitatem,
1142 3201 1209 3240 sed.

127 3328 177 3364 (α)
207 3325 316 3359 Land-
342 3329 377 3362 S.
401 3329 618 3373 Augustinus
643 3336 829 3373 postquam
852 3339 895 3360 ex
917 3325 1040 3359 Tullio
1061 3337 1206 3360 eumne·

78 3379 190 3406 rasset
214 3383 335 3417 poenas
349 3394 362 3415 ‚
383 3376 512 3420 quibus
531 3387 575 3411 ex
593 3375 728 3421 legibus
745 3374 942 3420 puniuntur
958 3371 1084 3408 delicta
1099 3395 1113 3414 ,
1136 3374 1207 3407 sci-

1279 130 1430 177 POEN.
1463 131 1706 178 INFERN.
2288 141 2366 180 115

1298 211 1491 252 voluntate
1519 221 1662 250 tantum
1692 212 1944 261 antecedenti,
1983 222 2091 266 prout
2120 214 2217 252 alibi
2247 213 2416 265 explica-

1298 275 1385 305 tum-
1400 274 1453 304 est
1473 265 1589 304 Tosn.
1607 266 1653 303 II.
1676 266 1830 304 Dissert.
1850 266 1896 305 V.
1917 282 2003 319 cap.
2027 281 2063 306 2.
2080 298 2091 314 ,
2123 298 2147 316 ,,
2173 281 2332 320 ejusque
2354 279 2418 305 vo-

1299 349 1326 369 „
1355 319 1511 358 luntatis
1540 317 1696 356 effeetus
1735 328 1787 355 est
1818 320 1896 369 ipse
1924 322 2015 359 ordo
2043 330 2189 359 naturae
2229 323 2267 358 in
2299 322 2417 359 tinem

1298 403 1326 422 „
1355 372 1511 421 salutis,
1552 372 1590 410 8:
1617 375 1878 424 promoventia
1909 375 1947 410 in
1977 374 2092 412 finem
2122 375 2300 412 omnibus
2329 387 2416 422 pro-

1299 456 1326 475 „
1353 430 1507 475 posim,
1536 434 1613 463 tam
1644 424 1834 463 naturalia
1851 454 1861 471 ,
1891 439 2007 476 quain
2028 430 2192 477 gratuita
2219 431 2244 448 “
2263 456 2272 472 ,
2304 438 2341 464 ut
2365 426 2418 464 lo-

1298 481 1431 532 quitur
1460 480 1500 518 S.
1522 478 1694 517 Thomas
1722 480 1760 515 in
1784 478 1872 516 Lib.
1894 478 1922 514 l.
1953 477 2132 516 Sentent.
2156 481 2250 518 Dis«.
2272 480 2414 518 XLVI.

1297 547 1371 584 qu.
1393 547 1424 571 ι.
1454 542 1526 570 art.
1549 545 1581 570 1.
1613 531 1782 570 Ulterius
1810 540 1939 568 autem
1970 533 2141 582 progredi
2173 546 2244 570 non
2276 533 2361 570 licet
2380 560 2393 572 .

1351 588 1451 624 250..
1476 587 1564 625 lust.
1593 588 1737 628 tertio;
1779 584 2030 636 Quamquam
2061 584 2163 622 Deus
2192 587 2334 624 nemim
2367 597 2416 624 te-

1298 649 1432 677 neatur
1462 639 1737 678 misericordiae
1765 652 1846 676 suae
1874 638 1973 676 dona
2002 636 2179 689 elargiri,
2208 638 2417 676 absurdum

1299 702 1351 730 est
1381 702 1532 740 tamen,
1563 691 1598 730 8<
1627 691 1738 743 plane
1769 692 1998 738 infandum,
2028 704 2117 728 etun
2147 691 2349 728 crudeliter
2379 695 2418 729 iu

1298 760 1380 784 suas
1403 756 1593 784 creaturas
1612 747 1748 783 saevire
1764 771 1774 782 .
1804 746 1901 783 Sane
1931 758 2044 783 nemo
2065 753 2182 795 posset
2202 759 2225 781 a
2244 745 2389 781 saeviti-„t
2408 774 2418 790 ,

1297 799 1332 837 &
1361 799 1592 837 crudelitatis
1609 808 1695 836 nota
1724 798 1942 851 Principem
1973 798 2168 845 eximere,
2198 799 2265 848 qui
2297 797 2418 834 liomi-

1297 866 1385 890 nem
1408 853 1538 890 mortis
1560 852 1785 890 reumlento
1815 854 1900 904 igue
1928 851 2105 889 comburi
2134 850 2312 902 juberet,
2341 863 2418 901 quo

1295 906 1437 944 diutius
1466 906 1727 950 cruciaretur,
1757 905 1789 941 &
1820 919 1933 943 nemo
1946 915 1999 943 est
2017 934 2027 953 ,
2056 903 2316 956 quicarnilici
2338 917 2415 940 nou

1296 961 1479 997 irascatur
1496 990 1506 1007 ,
1537 961 1566 997 si
1586 961 1622 996 in
1646 959 1852 1010 infligenda
1882 959 2014 996 mortis
2042 972 2158 1008 poena
2179 959 2327 1008 segnior
2345 958 2420 1004 sit,

1297 1026 1365 1050 nec
1385 1014 1685 1065 quamcitissime
1703 1021 1841 1065 potest,
1872 1014 2056 1050 miserum
2088 1012 2297 1062 patientem
2312 1011 2414 1047 occi-

1295 1066 1380 1103 dat:
1413 1067 1496 1118 pari
1526 1079 1633 1117 erg0,
1665 1067 1742 1103 imo
1771 1065 1890 1104 multo
1919 1065 2054 1117 potiori
2085 1067 2229 1102 ratione
2257 1065 2417 1102 saevitiae

1296 1121 1531 1157 accusandus
1561 1129 1653 1157 esset
1683 1120 1814 1167 Deus,
1858 1120 1891 1157 si
1920 1117 2090 1156 infelices
2120 1117 2298 1170 reprobos
2326 1132 2417 1168 sup-

1296 1172 1413 1225 plicio
1443 1174 1672 1225 sempiterno
1699 1175 1874 1226 puniret.

1348 1226 1438 1264 251.
1471 1226 1607 1278 Resp.,
1639 1227 1708 1263 hoc
1736 1232 2030 1277 argumentum,
2067 1226 2099 1263 si
2129 1224 2274 1277 aliquid
2306 1225 2415 1262 robo-

1290 1279 1341 1317 ris
1369 1278 1525 1317 haberet
1543 1308 1554 1326 ,
1597 1281 1709 1317 etiam
1741 1293 1854 1330 posse⁴
1874 1287 2004 1318 contra
2032 1279 2265 1316 adversarios
2298 1280 2412 1315 intor-

1286 1335 1424 1384 queri,
1453 1334 1522 1386 qui
1553 1334 1803 1370 aeternitatem
1832 1332 1990 1384 quidem
2018 1345 2223 1383 poeuarum
2245 1331 2416 1369 inferna-

1286 1385 1383 1424 lium
1406 1394 1545 1438 negant
1559 1415 1577 1433 ,.
1599 1386 1844 1424 acerbitatem
1866 1394 2021 1433 tamen,
2042 1385 2076 1421 &
2096 1387 2313 1422 maximaru-
2331 1384 2414 1421 lon-

1286 1439 1499 1490 gitudinem
1529 1438 1694 1478 inficiari
1724 1452 1798 1477 nou
1827 1439 1991 1484 audeut;
2038 1439 2093 1476 sic
2132 1439 2232 1476 euim
2265 1439 2412 1476 nonnisi

1286 1494 1548 1541 diutissimas,
1595 1501 1708 1544 atque
1736 1492 2000 1530 acerbissimas
2037 1504 2172 1543 poenas
2201 1491 2410 1542 significari

1287 1554 1420 1596 putant
1451 1547 1774 1597 frequentissimis·
1797 1545 1874 1583 illis
1903 1544 2191 1596 scripturarum
2221 1545 2410 1590 oraculis,

1285 1599 1427 1649 quibus
1454 1600 1596 1638 dicitur
1624 1603 1728 1650 ignis
1755 1607 1959 1646 aeternus,
2000 1599 2034 1634 ἃ
2072 1597 2381 1648 inextinguiln‘t'is
2399 1627 2411 1643 ‚

1286 1656 1429 1688 vermis
1457 1653 1725 1698 immortalis,
1767 1650 2011 1703 supplicium
2044 1650 2339 1702 protralietimtin
2370 1665 2413 1687 ιιι

1284 1704 1437 1740 saecula
1466 1705 1728 1741 saeculorwn.
1766 1704 1862 1740 Haec
1893 1704 2052 1754 inquam
2082 1704 2217 1739 omnia-
2242 1703 2340 1741 niliil
2371 1720 2412 1740 a·

1284 1754 1367 1793 liud
1396 1756 1622 1808 siguificare
1642 1756 1799 1804 dicunt,
1829 1753 2254 1807 quam-acerlu'ssimas
2274 1756 2307 1792 8<
2329 1755 2412 1793 <lm-

1280 1813 1459 1847 tc'sst'mus
1487 1823 1653 1860 poenas.
1699 1809 1746 1848 At
1788 1821 1883 1846 vero
1917 1822 2053 1860 poenae-
2081 1817 2160 1846 tam
2187 1809 2379 1847 diuturnae
2399 1836 2414 1848 .

1282 1862 1315 1898 8<
1346 1871 1424 1900 tam
1455 1863 1635 1911 acerbae,
1683 1863 1720 1900 si⁴
1744 1861 1863 1899 allata
1897 1863 1947 1899 ab
1976 1862 2203 1899 adversa-riis
2230 1863 2408 1916 exempla

1282 1916 1437 1964 valent,
1467 1918 1653 1954 saevitiem
1672 1946 1682 1963 ,
1713 1914 1747 1950 St
1776 1914 2043 1952 crudelitatem·
2069 1914 2322 1966 proculdubio
2351 1930 2411 1954 sa-

1282 1971 1417 2021 piunt.
1465 1968 1544 2006 Sed
1571 1977 1724 2021 praestat
1753 1976 1926 2006 nostrum·
1952 1967 2185 2005 intellectum
2230 1969 2268 2006 in
2298 1968 2408 2007 obse-

1281 2022 1418 2073 quium
1448 2021 1540 2060 fidei
1568 2023 1788 2074 captivare,
1818 2020 1853 2057 8:
1885 2020 2011 2058 Deum
2039 2020 2189 2071 justum
2206 2019 2410 2061 humiliter

1281 2074 1481 2124 confiteri,
1510 2075 1671 2125 ,etiamsi
1702 2084 1983 2126 transgressores
2011 2087 2091 2112 suae
2130 2084 2282 2112 aeternae
2314 2076 2408 2127 legis

1280 2129 1321 2167 in
1344 2139 1536 2168 aeteruum·
1547 2128 1802 2167 acerbissime·
1811 2129 1946 2179 puniat
1959 2157 1970 2176 ,
1985 2128 2311 2180 quemadmodum
2329 2131 2409 2181 ipse

1282 2183 1360 2221 suis
1389 2181 1665 2221 infallibilibus
1693 2181 1860 2220 oraculis
1889 2194 1960 2220 nos
1981 2182 2125 2220 docet.

1339 2237 1430 2275 252.
1460 2237 1547 2274 Inst.
1576 2245 1757 2288 quartos..
1798 2235 1936 2274 Omnis
1965 2249 2106 2286 poena,
2137 2243 2176 2273 ut
2203 2234 2304 2286 justa
2332 2238 2409 2285 sit,

1280 2289 1391 2329 debet
1419 2304 1498 2328 esse
1526 2289 1661 2342 culpae
1684 2289 1811 2328 debita
1839 2289 2080 2341 proportione
2122 2301 2411 2327 commensura-

1282 2351 1344 2389 ta3
1374 2343 1441 2381 sed
1466 2343 1576 2381 nulla
1604 2343 1721 2396 culpa
1749 2351 1802 2380 est
1831 2351 1972 2380 aeterua
1989 2371 2000 2389 ,
2030 2343 2207 2394 quinimo
2226 2352 2311 2380 sunt
2333 2342 2406 2380 ali-

1278 2398 1346 2449 qui
1377 2396 1550 2436 infelices
1567 2427 1583 2445 ,.
1621 2397 1689 2449 qui
1718 2396 1868 2435 nonnisi
1901 2394 2012 2433 brevi
2041 2395 2174 2447 aliquo
2205 2397 2294 2432 vitae
2323 2409 2405 2432 suae

1279 2449 1485 2489 intervallo
1503 2449 1626 2502 legem
1647 2450 1721 2488 Dei
1743 2449 1958 2489 violarunt:
1989 2462 2076 2501 ergo
2090 2448 2161 2486 &c.
2191 2448 2289 2486 Saue
2306 2448 2405 2485 lianc

1277 2505 1566 2557 proportionem
1591 2505 1688 2542 inter
1716 2515 1874 2556 poenam
1891 2531 1902 2550 ‚
1931 2515 1975 2540 ac
2003 2501 2161 2553 culpam
2182 2515 2203 2538 a
2225 2501 2305 2538 Deo
2325 2514 2404 2538 ser-

1279 2566 1411 2596 vatum
1441 2558 1524 2606 iri,
1549 2560 1642 2610 ipsae
1670 2570 1787 2595 sacrae
1817 2556 1952 2593 litteras
1980 2567 2052 2592 nos
2066 2556 2223 2599 docent;
2255 2563 2291 2591 ut
2311 2567 2402 2592 cum

1278 2610 1453 2650 Salvator
1480 2620 1607 2650 noster
1632 2611 1727 2650 dicit
1754 2607 1892 2648 Matth.
1914 2607 2023 2648 XVI.
2056 2621 2103 2657 27
2122 2637 2132 2654 ,
2163 2621 2200 2644 se
2228 2606 2403 2645 redditu-

1277 2678 1368 2702 rum
1397 2668 1605 2715 unicuique
1633 2663 1850 2703 secundum
1880 2674 2001 2711 opera,
2029 2674 2130 2697 sua.
2160 2659 2210 2697 Et
2238 2660 2404 2712 Apocal.

1277 2717 1425 2757 XVIII.
1448 2733 1486 2770 7.
1514 2719 1569 2757 (16
1590 2717 1753 2756 muliere
1784 2716 2012 2753 fornicaria:
2046 2713 2253 2763 Quantum
2281 2713 2401 2765 glori-

1264 2772 1410 2825 ficavit
1440 2785 1511 2820 se,
1558 2773 1608 2812 ὠ
1636 2775 1678 2808 in
1707 2769 1855 2807 deliciis
1871 2767 1958 2819 fuit
1980 2797 1990 2815 ,
2033 2775 2194 2804 tantum
2222 2765 2315 2806 date
2342 2767 2400 2804 illi

1276 2835 1518 2863 tormentum
1537 2855 1548 2872 ‚
1577 2824 1626 2864 <9⁶
1655 2824 1802 2860 luctum
1824 2848 1834 2858 .

1332 2880 1424 2918 253.
1456 2879 1568 2929 Resp.
1596 2890 1685 2915 cum
1714 2876 1754 2913 S.
1785 2874 1935 2912 Thoma
1958 2887 1990 2911 r.
2014 2887 2050 2912 2.
2079 2887 2146 2926 qu.
2167 2873 2234 2925 87.
2263 2881 2334 2912 art.
2358 2874 2400 2912 5.

1276 2933 1326 2970 ad
1345 2946 1377 2971 ι.
1395 2963 1406 2981 ,
1428 2945 1584 2985 poenam
1601 2929 1739 2967 debere
1754 2937 1908 2981 peccato
1927 2928 2228 2965 commensurari
2244 2957 2254 2974 ,
2275 2942 2399 2980 quau-

1275 2995 1360 3024 tum
1385 2987 1432 3023 ad
1461 2983 1708 3023 acerbitatem
1727 3012 1738 3030 ,
1768 2995 1840 3020 non
1860 2990 2050 3033 quantum
2067 2981 2114 3018 ad
2135 2981 2395 3019 durationem.

1276 3069 1303 3088 „
1332 3039 1439 3077 Sicut
1467 3039 1570 3075 enim
1600 3036 1834 3086 Augustinus
1858 3036 1954 3073 dicit
1980 3033 2200 3074 Lib.XX1.
2228 3033 2291 3070 De
2313 3033 2398 3072 Civ-

1233 3105 1241 3115 ¹
1277 3121 1304 3140 „
1333 3091 1411 3130 Dei
1440 3106 1527 3143 cap.
1549 3103 1636 3136 110,
1681 3091 1721 3127 in
1762 3087 1874 3126 nullo
1901 3088 2047 3139 judicio
2074 3089 2307 3139 requiritur,
2353 3094 2394 3123 ut

1275 3175 1301 3194 ‚,
1331 3159 1447 3197 poena
1476 3145 1700 3194 adaequetur
1728 3141 1884 3193 culpae,
1913 3141 2123 3180 secundum
2153 3141 2390 3177 durationem

1275 3227 1302 3246 „
1333 3200 1397 3249 (a)
1416 3225 1429 3237 .
1456 3197 1540 3235 Non
1554 3197 1658 3234 enim
1673 3197 1766 3249 quia
1780 3193 2008 3234 adulterium
2022 3225 2033 3243 ,
2054 3193 2116 3233 vel
2137 3192 2390 3252 homicidium

2241 3275 2267 3292 ,‚
2298 3258 2338 3282 m

1271 3325 1351 3357 licet
1371 3323 1533 3364 vincula,
1551 3323 1696 3357 verbera
1709 3343 1723 3363 ‚
1746 3322 1998 3366 ignominiam,
2017 3320 2161 3353 exilium
2177 3339 2186 3356 ,
2213 3323 2394 3367 mortem,

1270 3371 1501 3411 servitutem,
1524 3370 1718 3407 luculenter
1736 3367 1972 3409 demonstrat,
1998 3379 2040 3409 eg
2057 3365 2190 3409 legibus
2209 3371 2316 3399 etism
2331 3372 2395 3406 Ju-
