<?xml version="1.0" encoding="UTF-8"?>
<!DOCTYPE html PUBLIC "-//W3C//DTD XHTML 1.0 Transitional//EN"
    "http://www.w3.org/TR/xhtml1/DTD/xhtml1-transitional.dtd">
<html xmlns="http://www.w3.org/1999/xhtml" xml:lang="en" lang="en">
 <head>
  <title>
</title>
<meta http-equiv="Content-Type" content="text/html;charset=utf-8" />
  <meta name='ocr-system' content='tesseract 3.04.00' />
  <meta name='ocr-capabilities' content='ocr_page ocr_carea ocr_par ocr_line ocrx_word'/>
</head>
<body>
  <div class='ocr_page' id='page_1' title='image "./fratrispetrimari06gazzuoft_0447.png"; bbox 0 0 2562 3694; ppageno 0'>
   <div class='ocr_carea' id='block_1_1' title="bbox 777 129 1683 195">
    <p class='ocr_par' dir='ltr' id='par_1_1' title="bbox 777 129 1683 195">
     <span class='ocr_line' id='line_1_1' title="bbox 777 129 1683 195; baseline -0.011 -10"><span class='ocrx_word' id='word_1_1' title='bbox 777 135 1028 195; x_wconf 73' lang='lat' dir='ltr'><strong>QUAEST.</strong></span> <span class='ocrx_word' id='word_1_2' title='bbox 1061 129 1281 180; x_wconf 77' lang='lat' dir='ltr'>VAmAE</span> <span class='ocrx_word' id='word_1_3' title='bbox 1316 130 1395 174; x_wconf 86' lang='lat' dir='ltr'>DE</span> <span class='ocrx_word' id='word_1_4' title='bbox 1431 129 1683 175; x_wconf 73' lang='lat' dir='ltr'><strong>CHARI&#39;I&#39;.</strong></span> 
     </span>
    </p>
   </div>
   <div class='ocr_carea' id='block_1_2' title="bbox 43 218 1194 2783">
    <p class='ocr_par' dir='ltr' id='par_1_2' title="bbox 46 218 1183 862">
     <span class='ocr_line' id='line_1_2' title="bbox 104 218 1175 273; baseline -0.012 -7"><span class='ocrx_word' id='word_1_5' title='bbox 104 224 172 273; x_wconf 75' lang='grc'>64.</span> <span class='ocrx_word' id='word_1_6' title='bbox 199 224 440 265; x_wconf 72' lang='lat' dir='ltr'>cohaerenter</span> <span class='ocrx_word' id='word_1_7' title='bbox 459 220 507 260; x_wconf 84' lang='lat' dir='ltr'>ad</span> <span class='ocrx_word' id='word_1_8' title='bbox 526 219 626 259; x_wconf 81' lang='lat' dir='ltr'>lianc</span> <span class='ocrx_word' id='word_1_9' title='bbox 647 231 842 259; x_wconf 86' lang='lat' dir='ltr'>sacrarum</span> <span class='ocrx_word' id='word_1_10' title='bbox 864 218 1150 269; x_wconf 78' lang='lat' dir='ltr'>Scripturaruin</span> <span class='ocrx_word' id='word_1_11' title='bbox 1164 246 1175 263; x_wconf 94' lang='lat'><strong>‚</strong></span> 
     </span>
     <span class='ocr_line' id='line_1_3' title="bbox 46 268 1178 331; baseline -0.01 -13"><span class='ocrx_word' id='word_1_12' title='bbox 46 290 342 331; x_wconf 67' lang='lat' dir='ltr'>sanctorumque</span> <span class='ocrx_word' id='word_1_13' title='bbox 369 275 523 314; x_wconf 79' lang='lat' dir='ltr'>Patrum</span> <span class='ocrx_word' id='word_1_14' title='bbox 561 274 774 313; x_wconf 86' lang='lat' dir='ltr'>doctrinam</span> <span class='ocrx_word' id='word_1_15' title='bbox 818 279 941 310; x_wconf 88' lang='lat' dir='ltr'>noster</span> <span class='ocrx_word' id='word_1_16' title='bbox 971 268 1178 319; x_wconf 78' lang='lat' dir='ltr'>Angelicus</span> 
     </span>
     <span class='ocr_line' id='line_1_4' title="bbox 49 322 1179 386; baseline -0.011 -14"><span class='ocrx_word' id='word_1_17' title='bbox 49 331 272 386; x_wconf 79' lang='lat' dir='ltr'>Praeceptor</span> <span class='ocrx_word' id='word_1_18' title='bbox 298 343 335 369; x_wconf 77' lang='lat'>2·</span> <span class='ocrx_word' id='word_1_19' title='bbox 354 343 391 368; x_wconf 73' lang='grc' dir='ltr'>α.</span> <span class='ocrx_word' id='word_1_20' title='bbox 419 343 458 382; x_wconf 87' lang='lat' dir='ltr'>q.</span> <span class='ocrx_word' id='word_1_21' title='bbox 482 328 545 375; x_wconf 68' lang='lat'>24.</span> <span class='ocrx_word' id='word_1_22' title='bbox 576 330 592 380; x_wconf 92' lang='lat'>(</span> <span class='ocrx_word' id='word_1_23' title='bbox 614 327 680 366; x_wconf 87' lang='lat' dir='ltr'>ubi</span> <span class='ocrx_word' id='word_1_24' title='bbox 702 325 822 366; x_wconf 82' lang='lat' dir='ltr'>multa</span> <span class='ocrx_word' id='word_1_25' title='bbox 850 323 1003 376; x_wconf 81' lang='lat' dir='ltr'>exponit</span> <span class='ocrx_word' id='word_1_26' title='bbox 1022 322 1070 359; x_wconf 90' lang='lat' dir='ltr'>de</span> <span class='ocrx_word' id='word_1_27' title='bbox 1088 323 1179 360; x_wconf 77' lang='lat' dir='ltr'>elia-</span> 
     </span>
     <span class='ocr_line' id='line_1_5' title="bbox 49 377 1180 436; baseline -0.011 -11"><span class='ocrx_word' id='word_1_28' title='bbox 49 386 172 425; x_wconf 68' lang='lat' dir='ltr'>:itatis</span> <span class='ocrx_word' id='word_1_29' title='bbox 197 383 428 436; x_wconf 78' lang='lat' dir='ltr'>augmento)</span> <span class='ocrx_word' id='word_1_30' title='bbox 456 391 527 421; x_wconf 83' lang='lat' dir='ltr'>art.</span> <span class='ocrx_word' id='word_1_31' title='bbox 546 396 595 434; x_wconf 83' lang='grc' dir='ltr'>7.Ι</span> <span class='ocrx_word' id='word_1_32' title='bbox 614 381 747 434; x_wconf 84' lang='lat' dir='ltr'>probat</span> <span class='ocrx_word' id='word_1_33' title='bbox 763 377 1015 427; x_wconf 83' lang='lat' dir='ltr'>,charitatem</span> <span class='ocrx_word' id='word_1_34' title='bbox 1047 377 1086 414; x_wconf 90' lang='lat' dir='ltr'>iu</span> <span class='ocrx_word' id='word_1_35' title='bbox 1118 377 1180 413; x_wconf 88' lang='lat' dir='ltr'>via</span> 
     </span>
     <span class='ocr_line' id='line_1_6' title="bbox 49 429 1177 492; baseline -0.009 -15"><span class='ocrx_word' id='word_1_36' title='bbox 49 451 158 492; x_wconf 71' lang='lat' dir='ltr'>posse</span> <span class='ocrx_word' id='word_1_37' title='bbox 186 451 337 489; x_wconf 77' lang='lat' dir='ltr'>semper</span> <span class='ocrx_word' id='word_1_38' title='bbox 365 437 489 488; x_wconf 82' lang='lat' dir='ltr'>magis</span> <span class='ocrx_word' id='word_1_39' title='bbox 506 436 638 487; x_wconf 83' lang='lat' dir='ltr'>augeri</span> <span class='ocrx_word' id='word_1_40' title='bbox 655 447 774 486; x_wconf 73' lang='lat' dir='ltr'>usque</span> <span class='ocrx_word' id='word_1_41' title='bbox 792 433 831 470; x_wconf 88' lang='lat' dir='ltr'>iu</span> <span class='ocrx_word' id='word_1_42' title='bbox 848 430 1042 470; x_wconf 83' lang='lat' dir='ltr'>infinitum</span> <span class='ocrx_word' id='word_1_43' title='bbox 1059 429 1079 466; x_wconf 72' lang='grc' dir='ltr'>ε’</span> <span class='ocrx_word' id='word_1_44' title='bbox 1096 439 1177 467; x_wconf 84' lang='lat' dir='ltr'>tum</span> 
     </span>
     <span class='ocr_line' id='line_1_7' title="bbox 49 485 1176 544; baseline -0.009 -15"><span class='ocrx_word' id='word_1_45' title='bbox 49 491 142 544; x_wconf 83' lang='lat' dir='ltr'>quia</span> <span class='ocrx_word' id='word_1_46' title='bbox 170 490 254 543; x_wconf 84' lang='lat' dir='ltr'>ipsa</span> <span class='ocrx_word' id='word_1_47' title='bbox 270 490 434 528; x_wconf 81' lang='lat' dir='ltr'>charitas</span> <span class='ocrx_word' id='word_1_48' title='bbox 449 489 660 528; x_wconf 74' lang='lat' dir='ltr'>secumium</span> <span class='ocrx_word' id='word_1_49' title='bbox 690 488 876 524; x_wconf 81' lang='lat' dir='ltr'>rationem</span> <span class='ocrx_word' id='word_1_50' title='bbox 909 485 1077 537; x_wconf 68' lang='lat' dir='ltr'>propriae</span> <span class='ocrx_word' id='word_1_51' title='bbox 1093 497 1176 534; x_wconf 81' lang='lat' dir='ltr'>spe-</span> 
     </span>
     <span class='ocr_line' id='line_1_8' title="bbox 48 539 1176 594; baseline -0.009 -11"><span class='ocrx_word' id='word_1_52' title='bbox 48 544 124 583; x_wconf 86' lang='lat' dir='ltr'>ciei</span> <span class='ocrx_word' id='word_1_53' title='bbox 152 544 576 594; x_wconf 72' lang='lat' dir='ltr'>terminum:augmenti</span> <span class='ocrx_word' id='word_1_54' title='bbox 607 554 683 578; x_wconf 86' lang='lat' dir='ltr'>non</span> <span class='ocrx_word' id='word_1_55' title='bbox 715 539 854 584; x_wconf 62' lang='lat' dir='ltr'>babet-3</span> <span class='ocrx_word' id='word_1_56' title='bbox 883 547 935 575; x_wconf 90' lang='lat' dir='ltr'>est</span> <span class='ocrx_word' id='word_1_57' title='bbox 964 539 1068 576; x_wconf 87' lang='lat' dir='ltr'>enim</span> <span class='ocrx_word' id='word_1_58' title='bbox 1091 550 1176 587; x_wconf 81' lang='lat' dir='ltr'>par-</span> 
     </span>
     <span class='ocr_line' id='line_1_9' title="bbox 49 590 1180 651; baseline -0.008 -16"><span class='ocrx_word' id='word_1_59' title='bbox 49 597 226 650; x_wconf 71' lang='lat' dir='ltr'>ticipatio</span> <span class='ocrx_word' id='word_1_60' title='bbox 253 596 433 651; x_wconf 80' lang='lat' dir='ltr'>quaedam</span> <span class='ocrx_word' id='word_1_61' title='bbox 465 594 626 634; x_wconf 76' lang='lat' dir='ltr'>infinitae</span> <span class='ocrx_word' id='word_1_62' title='bbox 656 592 876 640; x_wconf 76' lang='lat' dir='ltr'>charitatis,</span> <span class='ocrx_word' id='word_1_63' title='bbox 905 605 994 643; x_wconf 67' lang='lat' dir='ltr'>quai</span> <span class='ocrx_word' id='word_1_64' title='bbox 1025 590 1180 641; x_wconf 78' lang='lat' dir='ltr'>estSpi-</span> 
     </span>
     <span class='ocr_line' id='line_1_10' title="bbox 49 644 1180 700; baseline -0.009 -11"><span class='ocrx_word' id='word_1_65' title='bbox 49 650 146 689; x_wconf 74' lang='lat' dir='ltr'>ritus</span> <span class='ocrx_word' id='word_1_66' title='bbox 173 660 344 690; x_wconf 78' lang='lat' dir='ltr'>sanetus:</span> <span class='ocrx_word' id='word_1_67' title='bbox 372 658 452 689; x_wconf 77' lang='lat' dir='ltr'>tnui</span> <span class='ocrx_word' id='word_1_68' title='bbox 475 650 587 687; x_wconf 84' lang='lat' dir='ltr'>etiam</span> <span class='ocrx_word' id='word_1_69' title='bbox 609 649 702 700; x_wconf 84' lang='lat' dir='ltr'>quia</span> <span class='ocrx_word' id='word_1_70' title='bbox 723 647 854 693; x_wconf 88' lang='lat' dir='ltr'>Deus,</span> <span class='ocrx_word' id='word_1_71' title='bbox 883 647 951 698; x_wconf 89' lang='lat' dir='ltr'>qui</span> <span class='ocrx_word' id='word_1_72' title='bbox 983 644 1088 682; x_wconf 76' lang='lat' dir='ltr'>nohis</span> <span class='ocrx_word' id='word_1_73' title='bbox 1117 657 1180 680; x_wconf 86' lang='lat' dir='ltr'>ca-</span> 
     </span>
     <span class='ocr_line' id='line_1_11' title="bbox 46 698 1181 750; baseline -0.006 -9"><span class='ocrx_word' id='word_1_74' title='bbox 46 705 199 742; x_wconf 79' lang='lat' dir='ltr'>ritatem</span> <span class='ocrx_word' id='word_1_75' title='bbox 231 704 424 750; x_wconf 81' lang='lat' dir='ltr'>infundit,</span> <span class='ocrx_word' id='word_1_76' title='bbox 453 713 503 740; x_wconf 86' lang='lat' dir='ltr'>est</span> <span class='ocrx_word' id='word_1_77' title='bbox 523 702 685 740; x_wconf 71' lang='lat' dir='ltr'>infinitae</span> <span class='ocrx_word' id='word_1_78' title='bbox 709 700 875 738; x_wconf 85' lang='lat' dir='ltr'>virtutis:</span> <span class='ocrx_word' id='word_1_79' title='bbox 904 709 984 737; x_wconf 82' lang='lat' dir='ltr'>tuin</span> <span class='ocrx_word' id='word_1_80' title='bbox 1013 698 1181 749; x_wconf 81' lang='lat' dir='ltr'>denique</span> 
     </span>
     <span class='ocr_line' id='line_1_12' title="bbox 47 750 1183 808; baseline -0.005 -14"><span class='ocrx_word' id='word_1_81' title='bbox 47 758 142 808; x_wconf 76' lang='lat' dir='ltr'>quia</span> <span class='ocrx_word' id='word_1_82' title='bbox 169 756 351 796; x_wconf 79' lang='lat' dir='ltr'>charitate</span> <span class='ocrx_word' id='word_1_83' title='bbox 379 766 598 804; x_wconf 80' lang='lat' dir='ltr'>crescente,</span> <span class='ocrx_word' id='word_1_84' title='bbox 641 755 778 794; x_wconf 87' lang='lat' dir='ltr'>crescit</span> <span class='ocrx_word' id='word_1_85' title='bbox 819 766 971 805; x_wconf 85' lang='lat' dir='ltr'>semper</span> <span class='ocrx_word' id='word_1_86' title='bbox 1001 750 1183 790; x_wconf 71' lang='lat' dir='ltr'>habilitas</span> 
     </span>
     <span class='ocr_line' id='line_1_13' title="bbox 48 808 587 862; baseline 0 -14"><span class='ocrx_word' id='word_1_87' title='bbox 48 809 100 848; x_wconf 71' lang='lat' dir='ltr'>ad</span> <span class='ocrx_word' id='word_1_88' title='bbox 129 808 293 848; x_wconf 78' lang='lat' dir='ltr'>ulterius</span> <span class='ocrx_word' id='word_1_89' title='bbox 316 819 563 862; x_wconf 86' lang='lat' dir='ltr'>augmentum</span> <span class='ocrx_word' id='word_1_90' title='bbox 577 834 587 848; x_wconf 83' lang='grc'><strong>.</strong></span> 
     </span>
    </p>

    <p class='ocr_par' dir='ltr' id='par_1_3' title="bbox 48 857 1194 1870">
     <span class='ocr_line' id='line_1_14' title="bbox 106 857 1183 914; baseline -0.007 -12"><span class='ocrx_word' id='word_1_91' title='bbox 106 861 173 902; x_wconf 88' lang='grc'>65.</span> <span class='ocrx_word' id='word_1_92' title='bbox 203 863 409 911; x_wconf 82' lang='lat' dir='ltr'>Quomodo</span> <span class='ocrx_word' id='word_1_93' title='bbox 434 874 560 901; x_wconf 83' lang='lat' dir='ltr'>autem</span> <span class='ocrx_word' id='word_1_94' title='bbox 579 892 592 912; x_wconf 88' lang='lat'>,</span> <span class='ocrx_word' id='word_1_95' title='bbox 622 860 654 897; x_wconf 75' lang='lat'>8&lt;</span> <span class='ocrx_word' id='word_1_96' title='bbox 684 875 760 914; x_wconf 80' lang='lat' dir='ltr'>qua</span> <span class='ocrx_word' id='word_1_97' title='bbox 788 860 1028 912; x_wconf 75' lang='lat' dir='ltr'>proportione</span> <span class='ocrx_word' id='word_1_98' title='bbox 1058 857 1183 895; x_wconf 79' lang='lat' dir='ltr'>cbari-</span> 
     </span>
     <span class='ocr_line' id='line_1_15' title="bbox 51 912 1182 969; baseline -0.006 -15"><span class='ocrx_word' id='word_1_99' title='bbox 51 924 107 954; x_wconf 78' lang='lat' dir='ltr'>tas</span> <span class='ocrx_word' id='word_1_100' title='bbox 137 926 320 969; x_wconf 79' lang='lat' dir='ltr'>augeatur</span> <span class='ocrx_word' id='word_1_101' title='bbox 349 917 390 954; x_wconf 90' lang='lat' dir='ltr'>in</span> <span class='ocrx_word' id='word_1_102' title='bbox 421 917 553 966; x_wconf 84' lang='lat' dir='ltr'>nobis,</span> <span class='ocrx_word' id='word_1_103' title='bbox 598 915 700 954; x_wconf 80' lang='lat' dir='ltr'>haud</span> <span class='ocrx_word' id='word_1_104' title='bbox 731 914 845 953; x_wconf 75' lang='lat' dir='ltr'>facile</span> <span class='ocrx_word' id='word_1_105' title='bbox 874 923 926 951; x_wconf 85' lang='lat' dir='ltr'>est</span> <span class='ocrx_word' id='word_1_106' title='bbox 961 912 1152 964; x_wconf 60' lang='lat' dir='ltr'>explicatu</span> <span class='ocrx_word' id='word_1_107' title='bbox 1171 941 1182 960; x_wconf 84' lang='lat'>‚</span> 
     </span>
     <span class='ocr_line' id='line_1_16' title="bbox 48 965 1182 1022; baseline -0.005 -14"><span class='ocrx_word' id='word_1_108' title='bbox 48 983 177 1022; x_wconf 83' lang='lat' dir='ltr'>neque</span> <span class='ocrx_word' id='word_1_109' title='bbox 207 983 281 1008; x_wconf 71' lang='lat' dir='ltr'>una</span> <span class='ocrx_word' id='word_1_110' title='bbox 311 978 362 1008; x_wconf 81' lang='lat' dir='ltr'>est</span> <span class='ocrx_word' id='word_1_111' title='bbox 382 970 664 1022; x_wconf 80' lang='lat' dir='ltr'>Tlieologorum</span> <span class='ocrx_word' id='word_1_112' title='bbox 696 967 1008 1007; x_wconf 83' lang='lat' dir='ltr'>scholasticorum</span> <span class='ocrx_word' id='word_1_113' title='bbox 1031 965 1182 1017; x_wconf 85' lang='lat' dir='ltr'>opinio.</span> 
     </span>
     <span class='ocr_line' id='line_1_17' title="bbox 50 1018 1188 1076; baseline -0.005 -15"><span class='ocrx_word' id='word_1_114' title='bbox 50 1022 112 1061; x_wconf 83' lang='lat' dir='ltr'>Ac</span> <span class='ocrx_word' id='word_1_115' title='bbox 140 1027 270 1074; x_wconf 80' lang='lat' dir='ltr'>pn‘mo</span> <span class='ocrx_word' id='word_1_116' title='bbox 299 1024 457 1076; x_wconf 83' lang='lat' dir='ltr'>quidem</span> <span class='ocrx_word' id='word_1_117' title='bbox 486 1038 597 1062; x_wconf 79' lang='lat' dir='ltr'>causa</span> <span class='ocrx_word' id='word_1_118' title='bbox 642 1020 756 1074; x_wconf 67' lang='lat' dir='ltr'>liujus</span> <span class='ocrx_word' id='word_1_119' title='bbox 793 1021 989 1072; x_wconf 75' lang='lat' dir='ltr'>augmenti</span> <span class='ocrx_word' id='word_1_120' title='bbox 1021 1018 1188 1056; x_wconf 75' lang='lat' dir='ltr'>efficiens</span> 
     </span>
     <span class='ocr_line' id='line_1_18' title="bbox 53 1071 1188 1128; baseline -0.004 -15"><span class='ocrx_word' id='word_1_121' title='bbox 53 1075 314 1128; x_wconf 84' lang='lat' dir='ltr'>proculdubio</span> <span class='ocrx_word' id='word_1_122' title='bbox 342 1091 420 1116; x_wconf 87' lang='lat' dir='ltr'>non</span> <span class='ocrx_word' id='word_1_123' title='bbox 449 1086 502 1116; x_wconf 88' lang='lat' dir='ltr'>est</span> <span class='ocrx_word' id='word_1_124' title='bbox 530 1079 602 1116; x_wconf 83' lang='lat' dir='ltr'>nisi</span> <span class='ocrx_word' id='word_1_125' title='bbox 636 1076 765 1122; x_wconf 84' lang='lat' dir='ltr'>Deus,</span> <span class='ocrx_word' id='word_1_126' title='bbox 802 1076 867 1127; x_wconf 80' lang='lat' dir='ltr'>qui</span> <span class='ocrx_word' id='word_1_127' title='bbox 909 1075 1030 1125; x_wconf 78' lang='lat' dir='ltr'>ipsam</span> <span class='ocrx_word' id='word_1_128' title='bbox 1062 1071 1188 1110; x_wconf 75' lang='lat' dir='ltr'>cbari-</span> 
     </span>
     <span class='ocr_line' id='line_1_19' title="bbox 53 1126 1190 1183; baseline -0.005 -16"><span class='ocrx_word' id='word_1_129' title='bbox 53 1136 169 1167; x_wconf 81' lang='lat' dir='ltr'>tatem</span> <span class='ocrx_word' id='word_1_130' title='bbox 198 1129 437 1169; x_wconf 81' lang='lat' dir='ltr'>habitualem</span> <span class='ocrx_word' id='word_1_131' title='bbox 460 1132 585 1183; x_wconf 87' lang='lat' dir='ltr'>primo</span> <span class='ocrx_word' id='word_1_132' title='bbox 601 1128 768 1167; x_wconf 80' lang='lat' dir='ltr'>infundit</span> <span class='ocrx_word' id='word_1_133' title='bbox 786 1153 797 1165; x_wconf 87' lang='lat'><strong>.</strong></span> <span class='ocrx_word' id='word_1_134' title='bbox 827 1126 1190 1178; x_wconf 73' lang='lat' dir='ltr'>„Uniuscujusque</span> 
     </span>
     <span class='ocr_line' id='line_1_20' title="bbox 52 1178 1190 1235; baseline -0.004 -15"><span class='ocrx_word' id='word_1_135' title='bbox 52 1209 84 1230; x_wconf 89' lang='lat'>‚,</span> <span class='ocrx_word' id='word_1_136' title='bbox 114 1184 170 1220; x_wconf 85' lang='lat' dir='ltr'>rei</span> <span class='ocrx_word' id='word_1_137' title='bbox 200 1184 544 1235; x_wconf 82' lang='lat' dir='ltr'>quantitas‚iiiquit</span> <span class='ocrx_word' id='word_1_138' title='bbox 573 1182 614 1220; x_wconf 87' lang='lat' dir='ltr'>S.</span> <span class='ocrx_word' id='word_1_139' title='bbox 646 1180 815 1219; x_wconf 80' lang='lat' dir='ltr'>Thomas</span> <span class='ocrx_word' id='word_1_140' title='bbox 839 1194 874 1219; x_wconf 86' lang='lat'>2.</span> <span class='ocrx_word' id='word_1_141' title='bbox 899 1193 934 1218; x_wconf 83' lang='lat'>2.</span> <span class='ocrx_word' id='word_1_142' title='bbox 965 1189 1100 1232; x_wconf 80' lang='lat' dir='ltr'>quaest.</span> <span class='ocrx_word' id='word_1_143' title='bbox 1125 1178 1190 1224; x_wconf 66' lang='lat'>24.</span> 
     </span>
     <span class='ocr_line' id='line_1_21' title="bbox 52 1235 1186 1288; baseline -0.004 -15"><span class='ocrx_word' id='word_1_144' title='bbox 52 1263 81 1284; x_wconf 87' lang='lat'>,‚</span> <span class='ocrx_word' id='word_1_145' title='bbox 109 1244 181 1273; x_wconf 79' lang='lat' dir='ltr'>art.</span> <span class='ocrx_word' id='word_1_146' title='bbox 203 1237 242 1274; x_wconf 81' lang='lat'>5.</span> <span class='ocrx_word' id='word_1_147' title='bbox 264 1265 276 1284; x_wconf 92' lang='lat'>,</span> <span class='ocrx_word' id='word_1_148' title='bbox 305 1235 495 1288; x_wconf 82' lang='lat' dir='ltr'>dependet</span> <span class='ocrx_word' id='word_1_149' title='bbox 524 1250 546 1274; x_wconf 86' lang='lat' dir='ltr'>a</span> <span class='ocrx_word' id='word_1_150' title='bbox 575 1236 734 1286; x_wconf 84' lang='lat' dir='ltr'>propria</span> <span class='ocrx_word' id='word_1_151' title='bbox 763 1248 879 1272; x_wconf 85' lang='lat' dir='ltr'>causa</span> <span class='ocrx_word' id='word_1_152' title='bbox 909 1235 992 1282; x_wconf 87' lang='lat' dir='ltr'>rei,</span> <span class='ocrx_word' id='word_1_153' title='bbox 1023 1235 1115 1285; x_wconf 84' lang='lat' dir='ltr'>qnia</span> <span class='ocrx_word' id='word_1_154' title='bbox 1148 1246 1186 1269; x_wconf 79' lang='lat' dir='ltr'>u·</span> 
     </span>
     <span class='ocr_line' id='line_1_22' title="bbox 52 1285 1188 1339; baseline -0.001 -13"><span class='ocrx_word' id='word_1_155' title='bbox 52 1315 82 1336; x_wconf 87' lang='lat'>‚,</span> <span class='ocrx_word' id='word_1_156' title='bbox 112 1288 337 1327; x_wconf 73' lang='lat' dir='ltr'>universalior</span> <span class='ocrx_word' id='word_1_157' title='bbox 384 1301 498 1326; x_wconf 86' lang='lat' dir='ltr'>causa</span> <span class='ocrx_word' id='word_1_158' title='bbox 542 1289 719 1326; x_wconf 81' lang='lat' dir='ltr'>effectum</span> <span class='ocrx_word' id='word_1_159' title='bbox 764 1285 953 1337; x_wconf 82' lang='lat' dir='ltr'>majorem</span> <span class='ocrx_word' id='word_1_160' title='bbox 983 1286 1188 1339; x_wconf 79' lang='lat' dir='ltr'>producit·</span> 
     </span>
     <span class='ocr_line' id='line_1_23' title="bbox 52 1340 1189 1394; baseline -0.003 -14"><span class='ocrx_word' id='word_1_161' title='bbox 52 1368 83 1390; x_wconf 68' lang='lat'>9,</span> <span class='ocrx_word' id='word_1_162' title='bbox 113 1340 291 1381; x_wconf 75' lang='lat' dir='ltr'>Charitas</span> <span class='ocrx_word' id='word_1_163' title='bbox 319 1351 447 1380; x_wconf 87' lang='lat' dir='ltr'>autem</span> <span class='ocrx_word' id='word_1_164' title='bbox 477 1356 566 1382; x_wconf 87' lang='lat' dir='ltr'>cum</span> <span class='ocrx_word' id='word_1_165' title='bbox 597 1342 869 1394; x_wconf 78' lang='lat' dir='ltr'>superexcedat</span> <span class='ocrx_word' id='word_1_166' title='bbox 906 1341 1189 1392; x_wconf 82' lang='lat' dir='ltr'>proportionem</span> 
     </span>
     <span class='ocr_line' id='line_1_24' title="bbox 55 1393 1189 1448; baseline -0.004 -14"><span class='ocrx_word' id='word_1_167' title='bbox 55 1421 86 1444; x_wconf 64' lang='lat'>2,</span> <span class='ocrx_word' id='word_1_168' title='bbox 115 1404 261 1434; x_wconf 80' lang='lat' dir='ltr'>naturae</span> <span class='ocrx_word' id='word_1_169' title='bbox 282 1395 468 1435; x_wconf 83' lang='lat' dir='ltr'>immanae</span> <span class='ocrx_word' id='word_1_170' title='bbox 486 1426 496 1443; x_wconf 91' lang='lat'><strong>‚</strong></span> <span class='ocrx_word' id='word_1_171' title='bbox 526 1409 602 1434; x_wconf 86' lang='lat' dir='ltr'>non</span> <span class='ocrx_word' id='word_1_172' title='bbox 630 1395 815 1448; x_wconf 80' lang='lat' dir='ltr'>dependet</span> <span class='ocrx_word' id='word_1_173' title='bbox 847 1407 891 1432; x_wconf 88' lang='lat' dir='ltr'>ex</span> <span class='ocrx_word' id='word_1_174' title='bbox 922 1393 1054 1446; x_wconf 88' lang='lat' dir='ltr'>aliqua</span> <span class='ocrx_word' id='word_1_175' title='bbox 1082 1402 1189 1430; x_wconf 86' lang='lat' dir='ltr'>natu-</span> 
     </span>
     <span class='ocr_line' id='line_1_25' title="bbox 51 1447 1194 1501; baseline -0.001 -14"><span class='ocrx_word' id='word_1_176' title='bbox 51 1475 80 1496; x_wconf 90' lang='lat'><strong>„</strong></span> <span class='ocrx_word' id='word_1_177' title='bbox 109 1448 183 1488; x_wconf 82' lang='lat' dir='ltr'>rali</span> <span class='ocrx_word' id='word_1_178' title='bbox 213 1451 381 1498; x_wconf 81' lang='lat' dir='ltr'>virtute,</span> <span class='ocrx_word' id='word_1_179' title='bbox 424 1449 488 1488; x_wconf 76' lang='lat' dir='ltr'>secl</span> <span class='ocrx_word' id='word_1_180' title='bbox 517 1463 562 1487; x_wconf 87' lang='lat' dir='ltr'>ex</span> <span class='ocrx_word' id='word_1_181' title='bbox 592 1448 682 1487; x_wconf 81' lang='lat' dir='ltr'>sola</span> <span class='ocrx_word' id='word_1_182' title='bbox 717 1450 837 1500; x_wconf 85' lang='lat' dir='ltr'>gratia</span> <span class='ocrx_word' id='word_1_183' title='bbox 867 1447 1036 1501; x_wconf 83' lang='lat' dir='ltr'>Spiritus</span> <span class='ocrx_word' id='word_1_184' title='bbox 1073 1448 1194 1486; x_wconf 71' lang='lat' dir='ltr'>saneti</span> 
     </span>
     <span class='ocr_line' id='line_1_26' title="bbox 52 1499 1192 1555; baseline -0.004 -14"><span class='ocrx_word' id='word_1_185' title='bbox 52 1528 83 1550; x_wconf 71' lang='lat'>2,</span> <span class='ocrx_word' id='word_1_186' title='bbox 111 1515 198 1541; x_wconf 78' lang='lat' dir='ltr'>eam</span> <span class='ocrx_word' id='word_1_187' title='bbox 228 1503 488 1543; x_wconf 83' lang='lat' dir='ltr'>infundentis.</span> <span class='ocrx_word' id='word_1_188' title='bbox 518 1503 566 1542; x_wconf 83' lang='lat' dir='ltr'>Et</span> <span class='ocrx_word' id='word_1_189' title='bbox 596 1503 681 1541; x_wconf 88' lang='lat' dir='ltr'>ideo</span> <span class='ocrx_word' id='word_1_190' title='bbox 696 1503 888 1555; x_wconf 74' lang='lat' dir='ltr'>quantitas</span> <span class='ocrx_word' id='word_1_191' title='bbox 904 1499 1100 1539; x_wconf 78' lang='lat' dir='ltr'>charitatis</span> <span class='ocrx_word' id='word_1_192' title='bbox 1119 1514 1192 1538; x_wconf 85' lang='lat' dir='ltr'>non</span> 
     </span>
     <span class='ocr_line' id='line_1_27' title="bbox 50 1555 1191 1608; baseline -0.003 -15"><span class='ocrx_word' id='word_1_193' title='bbox 50 1581 82 1602; x_wconf 84' lang='lat'>‚,</span> <span class='ocrx_word' id='word_1_194' title='bbox 109 1555 296 1608; x_wconf 85' lang='lat' dir='ltr'>dependet</span> <span class='ocrx_word' id='word_1_195' title='bbox 325 1570 370 1596; x_wconf 81' lang='lat' dir='ltr'>ex</span> <span class='ocrx_word' id='word_1_196' title='bbox 399 1557 616 1596; x_wconf 85' lang='lat' dir='ltr'>conditione</span> <span class='ocrx_word' id='word_1_197' title='bbox 647 1566 794 1594; x_wconf 71' lang='lat' dir='ltr'>naturae</span> <span class='ocrx_word' id='word_1_198' title='bbox 813 1585 824 1603; x_wconf 91' lang='lat'>,</span> <span class='ocrx_word' id='word_1_199' title='bbox 870 1555 929 1593; x_wconf 89' lang='lat' dir='ltr'>vel</span> <span class='ocrx_word' id='word_1_200' title='bbox 963 1567 1005 1591; x_wconf 82' lang='lat' dir='ltr'>ex</span> <span class='ocrx_word' id='word_1_201' title='bbox 1038 1555 1191 1606; x_wconf 83' lang='lat' dir='ltr'>capaci-</span> 
     </span>
     <span class='ocr_line' id='line_1_28' title="bbox 51 1607 1191 1657; baseline -0.001 -10"><span class='ocrx_word' id='word_1_202' title='bbox 51 1635 82 1656; x_wconf 66' lang='lat'>2,</span> <span class='ocrx_word' id='word_1_203' title='bbox 110 1617 184 1648; x_wconf 85' lang='lat' dir='ltr'>tate</span> <span class='ocrx_word' id='word_1_204' title='bbox 212 1609 402 1648; x_wconf 81' lang='lat' dir='ltr'>naturalis</span> <span class='ocrx_word' id='word_1_205' title='bbox 431 1611 609 1657; x_wconf 88' lang='lat' dir='ltr'>virtutis,</span> <span class='ocrx_word' id='word_1_206' title='bbox 654 1610 717 1646; x_wconf 89' lang='lat' dir='ltr'>sed</span> <span class='ocrx_word' id='word_1_207' title='bbox 755 1609 878 1647; x_wconf 88' lang='lat' dir='ltr'>solum</span> <span class='ocrx_word' id='word_1_208' title='bbox 919 1622 964 1646; x_wconf 84' lang='lat' dir='ltr'>ex</span> <span class='ocrx_word' id='word_1_209' title='bbox 996 1607 1191 1646; x_wconf 68' lang='lat' dir='ltr'>voluntate</span> 
     </span>
     <span class='ocr_line' id='line_1_29' title="bbox 54 1661 1191 1715; baseline -0.003 -14"><span class='ocrx_word' id='word_1_210' title='bbox 54 1687 83 1709; x_wconf 90' lang='lat'>„</span> <span class='ocrx_word' id='word_1_211' title='bbox 111 1661 456 1715; x_wconf 83' lang='lat' dir='ltr'>Spiritus-sancti,</span> <span class='ocrx_word' id='word_1_212' title='bbox 498 1662 762 1700; x_wconf 82' lang='lat' dir='ltr'>distribuentis</span> <span class='ocrx_word' id='word_1_213' title='bbox 803 1675 871 1699; x_wconf 86' lang='lat' dir='ltr'>sua</span> <span class='ocrx_word' id='word_1_214' title='bbox 907 1662 1033 1707; x_wconf 86' lang='lat' dir='ltr'>dona,</span> <span class='ocrx_word' id='word_1_215' title='bbox 1078 1670 1191 1711; x_wconf 88' lang='lat' dir='ltr'>prout</span> 
     </span>
     <span class='ocr_line' id='line_1_30' title="bbox 48 1712 1191 1768; baseline -0.003 -14"><span class='ocrx_word' id='word_1_216' title='bbox 48 1741 79 1762; x_wconf 69' lang='lat'>2,</span> <span class='ocrx_word' id='word_1_217' title='bbox 107 1715 219 1754; x_wconf 81' lang='lat' dir='ltr'>vult.</span> <span class='ocrx_word' id='word_1_218' title='bbox 260 1714 375 1755; x_wconf 84' lang='lat' dir='ltr'>Unde</span> <span class='ocrx_word' id='word_1_219' title='bbox 405 1714 439 1752; x_wconf 75' lang='grc' dir='ltr'>δε</span> <span class='ocrx_word' id='word_1_220' title='bbox 469 1713 672 1768; x_wconf 77' lang='lat' dir='ltr'>Apostolus</span> <span class='ocrx_word' id='word_1_221' title='bbox 699 1714 792 1752; x_wconf 91' lang='lat' dir='ltr'>dicit</span> <span class='ocrx_word' id='word_1_222' title='bbox 822 1715 869 1752; x_wconf 85' lang='lat' dir='ltr'>ad</span> <span class='ocrx_word' id='word_1_223' title='bbox 899 1712 1041 1765; x_wconf 85' lang='lat' dir='ltr'>Ephes.</span> <span class='ocrx_word' id='word_1_224' title='bbox 1061 1713 1130 1749; x_wconf 93' lang='lat' dir='ltr'>lV.</span> <span class='ocrx_word' id='word_1_225' title='bbox 1155 1727 1191 1763; x_wconf 86' lang='lat'>7.</span> 
     </span>
     <span class='ocr_line' id='line_1_31' title="bbox 57 1764 1192 1822; baseline -0.004 -16"><span class='ocrx_word' id='word_1_226' title='bbox 57 1796 85 1817; x_wconf 62' lang='lat'>2,</span> <span class='ocrx_word' id='word_1_227' title='bbox 119 1767 342 1822; x_wconf 68' lang='lat' dir='ltr'>Unicuique</span> <span class='ocrx_word' id='word_1_228' title='bbox 369 1777 552 1807; x_wconf 83' lang='lat' dir='ltr'>nostrum</span> <span class='ocrx_word' id='word_1_229' title='bbox 581 1767 682 1806; x_wconf 82' lang='lat' dir='ltr'>data</span> <span class='ocrx_word' id='word_1_230' title='bbox 718 1776 776 1806; x_wconf 83' lang='lat' dir='ltr'>est</span> <span class='ocrx_word' id='word_1_231' title='bbox 804 1770 942 1820; x_wconf 80' lang='lat' dir='ltr'>gratia</span> <span class='ocrx_word' id='word_1_232' title='bbox 970 1764 1192 1804; x_wconf 74' lang='lat' dir='ltr'>secundum</span> 
     </span>
     <span class='ocr_line' id='line_1_32' title="bbox 52 1819 857 1870; baseline 0.001 -11"><span class='ocrx_word' id='word_1_233' title='bbox 52 1849 87 1870; x_wconf 90' lang='lat'><strong>„</strong></span> <span class='ocrx_word' id='word_1_234' title='bbox 116 1835 354 1861; x_wconf 83' lang='lat' dir='ltr'>mensuram</span> <span class='ocrx_word' id='word_1_235' title='bbox 383 1821 611 1870; x_wconf 63' lang='lat' dir='ltr'>donationis</span> <span class='ocrx_word' id='word_1_236' title='bbox 643 1819 786 1859; x_wconf 76' lang='lat' dir='ltr'>Christi</span> <span class='ocrx_word' id='word_1_237' title='bbox 806 1821 828 1838; x_wconf 81' lang='lat'>&#39;²</span> <span class='ocrx_word' id='word_1_238' title='bbox 846 1847 857 1860; x_wconf 85' lang='lat'><strong>.</strong></span> 
     </span>
    </p>

    <p class='ocr_par' dir='ltr' id='par_1_4' title="bbox 49 1870 1193 2512">
     <span class='ocr_line' id='line_1_33' title="bbox 108 1870 1193 1927; baseline -0.005 -13"><span class='ocrx_word' id='word_1_239' title='bbox 108 1874 178 1914; x_wconf 87' lang='grc'>66.</span> <span class='ocrx_word' id='word_1_240' title='bbox 205 1876 308 1914; x_wconf 91' lang='lat' dir='ltr'>Cum</span> <span class='ocrx_word' id='word_1_241' title='bbox 337 1886 465 1914; x_wconf 87' lang='lat' dir='ltr'>autem</span> <span class='ocrx_word' id='word_1_242' title='bbox 497 1875 571 1914; x_wconf 89' lang='lat' dir='ltr'>sibi</span> <span class='ocrx_word' id='word_1_243' title='bbox 600 1874 800 1927; x_wconf 79' lang='lat' dir='ltr'>objecisset</span> <span class='ocrx_word' id='word_1_244' title='bbox 829 1873 976 1921; x_wconf 81' lang='lat' dir='ltr'>verba,</span> <span class='ocrx_word' id='word_1_245' title='bbox 1018 1886 1107 1925; x_wconf 81' lang='lat' dir='ltr'>quae</span> <span class='ocrx_word' id='word_1_246' title='bbox 1138 1870 1193 1910; x_wconf 91' lang='lat' dir='ltr'>le-</span> 
     </span>
     <span class='ocr_line' id='line_1_34' title="bbox 49 1927 1191 1982; baseline -0.004 -17"><span class='ocrx_word' id='word_1_247' title='bbox 49 1937 200 1980; x_wconf 81' lang='lat' dir='ltr'>guntur</span> <span class='ocrx_word' id='word_1_248' title='bbox 225 1930 329 1982; x_wconf 83' lang='lat' dir='ltr'>apud</span> <span class='ocrx_word' id='word_1_249' title='bbox 359 1928 475 1968; x_wconf 86' lang='lat' dir='ltr'>Matt.</span> <span class='ocrx_word' id='word_1_250' title='bbox 492 1928 624 1968; x_wconf 87' lang='lat' dir='ltr'><strong>XXV.</strong></span> <span class='ocrx_word' id='word_1_251' title='bbox 651 1930 711 1967; x_wconf 84' lang='lat'>15.</span> <span class='ocrx_word' id='word_1_252' title='bbox 742 1927 864 1966; x_wconf 61' lang='lat' dir='ltr'>Dedit</span> <span class='ocrx_word' id='word_1_253' title='bbox 893 1929 1102 1977; x_wconf 76' lang='lat' dir='ltr'>unicuique</span> <span class='ocrx_word' id='word_1_254' title='bbox 1129 1938 1191 1962; x_wconf 87' lang='lat' dir='ltr'>se-</span> 
     </span>
     <span class='ocr_line' id='line_1_35' title="bbox 54 1978 1191 2035; baseline -0.004 -16"><span class='ocrx_word' id='word_1_255' title='bbox 54 1981 231 2020; x_wconf 70' lang='lat' dir='ltr'>curulum</span> <span class='ocrx_word' id='word_1_256' title='bbox 259 1990 466 2035; x_wconf 72' lang='lat' dir='ltr'>propriam</span> <span class='ocrx_word' id='word_1_257' title='bbox 495 1986 678 2021; x_wconf 65' lang='lat' dir='ltr'>virtutem</span> <span class='ocrx_word' id='word_1_258' title='bbox 696 2012 708 2032; x_wconf 88' lang='lat'>,</span> <span class='ocrx_word' id='word_1_259' title='bbox 737 1983 790 2020; x_wconf 90' lang='lat' dir='ltr'>ita</span> <span class='ocrx_word' id='word_1_260' title='bbox 820 1979 1018 2033; x_wconf 80' lang='lat' dir='ltr'>respondet</span> <span class='ocrx_word' id='word_1_261' title='bbox 1049 1978 1094 2015; x_wconf 88' lang='lat' dir='ltr'>ad</span> <span class='ocrx_word' id='word_1_262' title='bbox 1131 1990 1191 2017; x_wconf 84' lang='lat'>1.:</span> 
     </span>
     <span class='ocr_line' id='line_1_36' title="bbox 51 2031 1191 2087; baseline -0.004 -13"><span class='ocrx_word' id='word_1_263' title='bbox 51 2062 83 2084; x_wconf 83' lang='lat'>,‚</span> <span class='ocrx_word' id='word_1_264' title='bbox 112 2034 188 2077; x_wconf 74' lang='lat' dir='ltr'>llla</span> <span class='ocrx_word' id='word_1_265' title='bbox 216 2037 364 2086; x_wconf 87' lang='lat' dir='ltr'>virtus,</span> <span class='ocrx_word' id='word_1_266' title='bbox 393 2037 607 2076; x_wconf 88' lang='lat' dir='ltr'>secundnm</span> <span class='ocrx_word' id='word_1_267' title='bbox 637 2049 755 2087; x_wconf 86' lang='lat' dir='ltr'>quam</span> <span class='ocrx_word' id='word_1_268' title='bbox 787 2048 854 2073; x_wconf 85' lang='lat' dir='ltr'>sua</span> <span class='ocrx_word' id='word_1_269' title='bbox 883 2035 978 2071; x_wconf 84' lang='lat' dir='ltr'>dona</span> <span class='ocrx_word' id='word_1_270' title='bbox 997 2031 1100 2071; x_wconf 87' lang='lat' dir='ltr'>Deus</span> <span class='ocrx_word' id='word_1_271' title='bbox 1128 2031 1191 2070; x_wconf 89' lang='lat' dir='ltr'>dat</span> 
     </span>
     <span class='ocr_line' id='line_1_37' title="bbox 53 2087 1191 2143; baseline -0.004 -17"><span class='ocrx_word' id='word_1_272' title='bbox 53 2116 82 2137; x_wconf 88' lang='lat'>„</span> <span class='ocrx_word' id='word_1_273' title='bbox 114 2090 354 2143; x_wconf 86' lang='lat' dir='ltr'>unicuique,</span> <span class='ocrx_word' id='word_1_274' title='bbox 398 2099 451 2129; x_wconf 89' lang='lat' dir='ltr'>est</span> <span class='ocrx_word' id='word_1_275' title='bbox 479 2090 700 2141; x_wconf 82' lang='lat' dir='ltr'>dispositio,</span> <span class='ocrx_word' id='word_1_276' title='bbox 735 2087 797 2127; x_wconf 90' lang='lat' dir='ltr'>vel</span> <span class='ocrx_word' id='word_1_277' title='bbox 828 2087 1060 2140; x_wconf 72' lang='lat' dir='ltr'>praeparatio</span> <span class='ocrx_word' id='word_1_278' title='bbox 1089 2098 1191 2137; x_wconf 83' lang='lat' dir='ltr'>prae-</span> 
     </span>
     <span class='ocr_line' id='line_1_38' title="bbox 51 2138 1191 2192; baseline -0.005 -10"><span class='ocrx_word' id='word_1_279' title='bbox 51 2169 80 2190; x_wconf 74' lang='lat'>2,</span> <span class='ocrx_word' id='word_1_280' title='bbox 108 2142 271 2192; x_wconf 80' lang='lat' dir='ltr'>cedens,</span> <span class='ocrx_word' id='word_1_281' title='bbox 313 2145 395 2181; x_wconf 88' lang='lat' dir='ltr'>sive</span> <span class='ocrx_word' id='word_1_282' title='bbox 422 2149 577 2179; x_wconf 80' lang='lat' dir='ltr'>conatus</span> <span class='ocrx_word' id='word_1_283' title='bbox 612 2141 776 2192; x_wconf 81' lang='lat' dir='ltr'>gratiam</span> <span class='ocrx_word' id='word_1_284' title='bbox 820 2139 1074 2192; x_wconf 86' lang='lat' dir='ltr'>accipientis.</span> <span class='ocrx_word' id='word_1_285' title='bbox 1115 2138 1191 2177; x_wconf 88' lang='lat' dir='ltr'>Sed</span> 
     </span>
     <span class='ocr_line' id='line_1_39' title="bbox 51 2193 1191 2247; baseline -0.003 -13"><span class='ocrx_word' id='word_1_286' title='bbox 51 2223 81 2245; x_wconf 87' lang='lat'><strong>„</strong></span> <span class='ocrx_word' id='word_1_287' title='bbox 111 2193 210 2234; x_wconf 80' lang='lat' dir='ltr'>hanc</span> <span class='ocrx_word' id='word_1_288' title='bbox 237 2196 354 2233; x_wconf 86' lang='lat' dir='ltr'>etiam</span> <span class='ocrx_word' id='word_1_289' title='bbox 382 2194 669 2247; x_wconf 82' lang='lat' dir='ltr'>dispositionem</span> <span class='ocrx_word' id='word_1_290' title='bbox 689 2224 700 2244; x_wconf 90' lang='lat'>,</span> <span class='ocrx_word' id='word_1_291' title='bbox 738 2193 799 2232; x_wconf 85' lang='lat' dir='ltr'>vel</span> <span class='ocrx_word' id='word_1_292' title='bbox 829 2201 1009 2232; x_wconf 87' lang='lat' dir='ltr'>conatum</span> <span class='ocrx_word' id='word_1_293' title='bbox 1041 2206 1191 2244; x_wconf 75' lang='lat' dir='ltr'>praeve·</span> 
     </span>
     <span class='ocr_line' id='line_1_40' title="bbox 51 2245 1188 2300; baseline -0.002 -13"><span class='ocrx_word' id='word_1_294' title='bbox 51 2276 81 2298; x_wconf 89' lang='lat'>„</span> <span class='ocrx_word' id='word_1_295' title='bbox 109 2249 167 2287; x_wconf 89' lang='lat' dir='ltr'>nit</span> <span class='ocrx_word' id='word_1_296' title='bbox 195 2246 224 2287; x_wconf 89' lang='lat' dir='ltr'><strong><em>S</em></strong></span> <span class='ocrx_word' id='word_1_297' title='bbox 254 2248 365 2300; x_wconf 68' lang='lat' dir='ltr'>iritus</span> <span class='ocrx_word' id='word_1_298' title='bbox 391 2255 544 2286; x_wconf 85' lang='lat' dir='ltr'>sanctus</span> <span class='ocrx_word' id='word_1_299' title='bbox 560 2277 573 2296; x_wconf 93' lang='lat'>,</span> <span class='ocrx_word' id='word_1_300' title='bbox 602 2261 766 2286; x_wconf 61' lang='lat' dir='ltr'>movens</span> <span class='ocrx_word' id='word_1_301' title='bbox 785 2255 964 2286; x_wconf 84' lang='lat' dir='ltr'>mentem</span> <span class='ocrx_word' id='word_1_302' title='bbox 985 2245 1158 2285; x_wconf 81' lang='lat' dir='ltr'>hominis</span> <span class='ocrx_word' id='word_1_303' title='bbox 1175 2276 1188 2296; x_wconf 85' lang='lat'>,</span> 
     </span>
     <span class='ocr_line' id='line_1_41' title="bbox 49 2300 1187 2355; baseline -0.002 -15"><span class='ocrx_word' id='word_1_304' title='bbox 49 2330 78 2352; x_wconf 91' lang='lat'>„</span> <span class='ocrx_word' id='word_1_305' title='bbox 107 2300 169 2340; x_wconf 87' lang='lat' dir='ltr'>vel</span> <span class='ocrx_word' id='word_1_306' title='bbox 200 2315 227 2355; x_wconf 88' lang='lat' dir='ltr'>p</span> <span class='ocrx_word' id='word_1_307' title='bbox 246 2315 288 2342; x_wconf 89' lang='lat' dir='ltr'>us</span> <span class='ocrx_word' id='word_1_308' title='bbox 308 2331 320 2350; x_wconf 88' lang='lat'>,</span> <span class='ocrx_word' id='word_1_309' title='bbox 343 2300 410 2340; x_wconf 83' lang='lat' dir='ltr'>-vel</span> <span class='ocrx_word' id='word_1_310' title='bbox 441 2301 599 2350; x_wconf 88' lang='lat' dir='ltr'>minus,</span> <span class='ocrx_word' id='word_1_311' title='bbox 628 2302 841 2340; x_wconf 88' lang='lat' dir='ltr'>secundum</span> <span class='ocrx_word' id='word_1_312' title='bbox 869 2314 978 2344; x_wconf 80' lang='lat' dir='ltr'>snam</span> <span class='ocrx_word' id='word_1_313' title='bbox 1009 2300 1187 2341; x_wconf 88' lang='lat' dir='ltr'>volunta-</span> 
     </span>
     <span class='ocr_line' id='line_1_42' title="bbox 52 2353 1186 2407; baseline 0.001 -16"><span class='ocrx_word' id='word_1_314' title='bbox 52 2384 83 2406; x_wconf 78' lang='lat'>„</span> <span class='ocrx_word' id='word_1_315' title='bbox 110 2363 218 2396; x_wconf 83' lang='lat' dir='ltr'>tem.</span> <span class='ocrx_word' id='word_1_316' title='bbox 246 2353 359 2393; x_wconf 89' lang='lat' dir='ltr'>Unde</span> <span class='ocrx_word' id='word_1_317' title='bbox 387 2353 422 2390; x_wconf 70' lang='grc' dir='ltr'>ἃ</span> <span class='ocrx_word' id='word_1_318' title='bbox 451 2354 655 2407; x_wconf 80' lang='lat' dir='ltr'>Apostolus</span> <span class='ocrx_word' id='word_1_319' title='bbox 683 2355 777 2394; x_wconf 90' lang='lat' dir='ltr'>dicit</span> <span class='ocrx_word' id='word_1_320' title='bbox 806 2357 853 2394; x_wconf 89' lang='lat' dir='ltr'>ad</span> <span class='ocrx_word' id='word_1_321' title='bbox 881 2354 1027 2393; x_wconf 88' lang='lat' dir='ltr'>Coless.</span> <span class='ocrx_word' id='word_1_322' title='bbox 1057 2354 1088 2392; x_wconf 89' lang='lat'>1.</span> <span class='ocrx_word' id='word_1_323' title='bbox 1124 2367 1186 2393; x_wconf 85' lang='lat'>12.</span> 
     </span>
     <span class='ocr_line' id='line_1_43' title="bbox 51 2406 1188 2461; baseline 0 -15"><span class='ocrx_word' id='word_1_324' title='bbox 51 2437 80 2459; x_wconf 88' lang='lat'>„</span> <span class='ocrx_word' id='word_1_325' title='bbox 114 2406 195 2460; x_wconf 76' lang='lat' dir='ltr'>Qui</span> <span class='ocrx_word' id='word_1_326' title='bbox 221 2407 365 2461; x_wconf 72' lang='lat' dir='ltr'>dignos</span> <span class='ocrx_word' id='word_1_327' title='bbox 392 2420 469 2446; x_wconf 79' lang='lat' dir='ltr'>nos</span> <span class='ocrx_word' id='word_1_328' title='bbox 483 2406 591 2460; x_wconf 80' lang='lat' dir='ltr'>fecit</span> <span class='ocrx_word' id='word_1_329' title='bbox 619 2411 661 2447; x_wconf 85' lang='lat' dir='ltr'>in</span> <span class='ocrx_word' id='word_1_330' title='bbox 688 2417 848 2460; x_wconf 84' lang='lat' dir='ltr'>partem</span> <span class='ocrx_word' id='word_1_331' title='bbox 877 2411 994 2448; x_wconf 77' lang='lat' dir='ltr'>sortis</span> <span class='ocrx_word' id='word_1_332' title='bbox 1023 2416 1188 2447; x_wconf 83' lang='lat' dir='ltr'>sancto·</span> 
     </span>
     <span class='ocr_line' id='line_1_44' title="bbox 53 2461 638 2512; baseline 0.002 -12"><span class='ocrx_word' id='word_1_333' title='bbox 53 2486 87 2512; x_wconf 86' lang='lat'>,‚-</span> <span class='ocrx_word' id='word_1_334' title='bbox 113 2475 203 2502; x_wconf 85' lang='lat' dir='ltr'>rum</span> <span class='ocrx_word' id='word_1_335' title='bbox 233 2465 275 2501; x_wconf 81' lang='lat' dir='ltr'>in</span> <span class='ocrx_word' id='word_1_336' title='bbox 304 2462 456 2501; x_wconf 77' lang='lat' dir='ltr'>lumine</span> <span class='ocrx_word' id='word_1_337' title='bbox 474 2461 520 2501; x_wconf 84' lang='lat'>&#39;&#39;.</span> <span class='ocrx_word' id='word_1_338' title='bbox 629 2501 638 2510; x_wconf 79' lang='lat'>‚</span> 
     </span>
    </p>

    <p class='ocr_par' dir='ltr' id='par_1_5' title="bbox 43 2514 1185 2783">
     <span class='ocr_line' id='line_1_45' title="bbox 51 2514 1183 2568; baseline -0.003 -12"><span class='ocrx_word' id='word_1_339' title='bbox 51 2540 56 2545; x_wconf 89' lang='lat'><em>-</em></span> <span class='ocrx_word' id='word_1_340' title='bbox 104 2515 175 2567; x_wconf 90' lang='lat'>67.</span> <span class='ocrx_word' id='word_1_341' title='bbox 203 2514 285 2555; x_wconf 90' lang='lat' dir='ltr'>Ubi</span> <span class='ocrx_word' id='word_1_342' title='bbox 313 2525 442 2555; x_wconf 85' lang='lat' dir='ltr'>tamen</span> <span class='ocrx_word' id='word_1_343' title='bbox 472 2525 584 2556; x_wconf 86' lang='lat' dir='ltr'>caute</span> <span class='ocrx_word' id='word_1_344' title='bbox 601 2514 882 2555; x_wconf 87' lang='lat' dir='ltr'>observandum</span> <span class='ocrx_word' id='word_1_345' title='bbox 905 2523 976 2564; x_wconf 88' lang='lat' dir='ltr'>est,</span> <span class='ocrx_word' id='word_1_346' title='bbox 1005 2514 1183 2568; x_wconf 84' lang='lat' dir='ltr'>aliquan-</span> 
     </span>
     <span class='ocr_line' id='line_1_46' title="bbox 45 2567 1185 2622; baseline -0.003 -13"><span class='ocrx_word' id='word_1_347' title='bbox 45 2569 100 2609; x_wconf 82' lang='lat' dir='ltr'>do</span> <span class='ocrx_word' id='word_1_348' title='bbox 128 2569 200 2609; x_wconf 72' lang='lat' dir='ltr'>lioc</span> <span class='ocrx_word' id='word_1_349' title='bbox 227 2567 424 2608; x_wconf 84' lang='lat' dir='ltr'>charitatis</span> <span class='ocrx_word' id='word_1_350' title='bbox 453 2569 660 2608; x_wconf 81' lang='lat' dir='ltr'>habitualis</span> <span class='ocrx_word' id='word_1_351' title='bbox 689 2578 937 2622; x_wconf 83' lang='lat' dir='ltr'>augmentum</span> <span class='ocrx_word' id='word_1_352' title='bbox 968 2571 1019 2608; x_wconf 88' lang='lat' dir='ltr'>ita</span> <span class='ocrx_word' id='word_1_353' title='bbox 1048 2584 1070 2608; x_wconf 87' lang='lat' dir='ltr'>a</span> <span class='ocrx_word' id='word_1_354' title='bbox 1100 2569 1185 2608; x_wconf 90' lang='lat' dir='ltr'>Deo</span> 
     </span>
     <span class='ocr_line' id='line_1_47' title="bbox 43 2621 1184 2678; baseline 0 -16"><span class='ocrx_word' id='word_1_355' title='bbox 43 2623 238 2678; x_wconf 82' lang='lat' dir='ltr'>produci,</span> <span class='ocrx_word' id='word_1_356' title='bbox 284 2631 325 2662; x_wconf 90' lang='lat' dir='ltr'>ut</span> <span class='ocrx_word' id='word_1_357' title='bbox 352 2621 576 2662; x_wconf 87' lang='lat' dir='ltr'>nullatenus</span> <span class='ocrx_word' id='word_1_358' title='bbox 606 2623 656 2661; x_wconf 88' lang='lat' dir='ltr'>ab</span> <span class='ocrx_word' id='word_1_359' title='bbox 686 2622 853 2662; x_wconf 81' lang='lat' dir='ltr'>hominis</span> <span class='ocrx_word' id='word_1_360' title='bbox 883 2622 1081 2676; x_wconf 44' lang='lat' dir='ltr'>uoluntate</span> <span class='ocrx_word' id='word_1_361' title='bbox 1117 2624 1184 2662; x_wconf 91' lang='lat' dir='ltr'>de-</span> 
     </span>
     <span class='ocr_line' id='line_1_48' title="bbox 43 2676 1182 2730; baseline 0 -14"><span class='ocrx_word' id='word_1_362' title='bbox 43 2677 241 2730; x_wconf 80' lang='lat' dir='ltr'>pendeat3</span> <span class='ocrx_word' id='word_1_363' title='bbox 270 2685 312 2715; x_wconf 89' lang='lat' dir='ltr'>ut</span> <span class='ocrx_word' id='word_1_364' title='bbox 340 2677 371 2716; x_wconf 90' lang='lat' dir='ltr'>si</span> <span class='ocrx_word' id='word_1_365' title='bbox 402 2677 742 2730; x_wconf 88' lang='lat' dir='ltr'>puero-baptizato</span> <span class='ocrx_word' id='word_1_366' title='bbox 769 2676 1085 2715; x_wconf 86' lang='lat' dir='ltr'>administrentur</span> <span class='ocrx_word' id='word_1_367' title='bbox 1113 2677 1182 2716; x_wconf 90' lang='lat' dir='ltr'>Sa-</span> 
     </span>
     <span class='ocr_line' id='line_1_49' title="bbox 45 2729 1183 2783; baseline 0.001 -15"><span class='ocrx_word' id='word_1_368' title='bbox 45 2737 243 2768; x_wconf 81' lang='lat' dir='ltr'>eramenta</span> <span class='ocrx_word' id='word_1_369' title='bbox 271 2730 585 2769; x_wconf 85' lang='lat' dir='ltr'>Confirmationis</span> <span class='ocrx_word' id='word_1_370' title='bbox 602 2760 612 2778; x_wconf 89' lang='lat'>‚</span> <span class='ocrx_word' id='word_1_371' title='bbox 643 2729 969 2780; x_wconf 78' lang='lat' dir='ltr'>&amp;Euchasistiae,</span> <span class='ocrx_word' id='word_1_372' title='bbox 997 2743 1183 2783; x_wconf 80' lang='lat' dir='ltr'>augmen-</span> 
     </span>
    </p>
   </div>
   <div class='ocr_carea' id='block_1_3' title="bbox 44 2781 1214 2837">
    <p class='ocr_par' dir='ltr' id='par_1_6' title="bbox 44 2781 1214 2837">
     <span class='ocr_line' id='line_1_50' title="bbox 44 2781 1214 2837; baseline 0.003 -17"><span class='ocrx_word' id='word_1_373' title='bbox 44 2790 129 2821; x_wconf 80' lang='lat' dir='ltr'>tum</span> <span class='ocrx_word' id='word_1_374' title='bbox 158 2783 294 2835; x_wconf 72' lang='lat' dir='ltr'>gratiae</span> <span class='ocrx_word' id='word_1_375' title='bbox 323 2781 622 2827; x_wconf 81' lang='lat' dir='ltr'>Sacramentalis</span> <span class='ocrx_word' id='word_1_376' title='bbox 663 2783 883 2823; x_wconf 85' lang='lat' dir='ltr'>nullatenus</span> <span class='ocrx_word' id='word_1_377' title='bbox 925 2798 947 2822; x_wconf 86' lang='lat' dir='ltr'>a</span> <span class='ocrx_word' id='word_1_378' title='bbox 975 2797 1086 2837; x_wconf 82' lang='lat' dir='ltr'>pueri</span> <span class='ocrx_word' id='word_1_379' title='bbox 1116 2798 1182 2823; x_wconf 88' lang='lat' dir='ltr'>vo·</span> <span class='ocrx_word' id='word_1_380' title='bbox 1210 2794 1214 2797; x_wconf 83' lang='grc'><strong>”</strong></span> 
     </span>
    </p>
   </div>
   <div class='ocr_carea' id='block_1_4' title="bbox 42 2833 1182 2999">
    <p class='ocr_par' dir='ltr' id='par_1_7' title="bbox 42 2833 1182 2999">
     <span class='ocr_line' id='line_1_51' title="bbox 42 2833 1181 2889; baseline 0.004 -17"><span class='ocrx_word' id='word_1_381' title='bbox 42 2833 190 2875; x_wconf 82' lang='lat' dir='ltr'>hintate</span> <span class='ocrx_word' id='word_1_382' title='bbox 219 2837 383 2889; x_wconf 73' lang='lat' dir='ltr'>pendet,</span> <span class='ocrx_word' id='word_1_383' title='bbox 430 2837 506 2877; x_wconf 90' lang='lat' dir='ltr'>Sed</span> <span class='ocrx_word' id='word_1_384' title='bbox 535 2838 576 2876; x_wconf 90' lang='lat' dir='ltr'>in</span> <span class='ocrx_word' id='word_1_385' title='bbox 606 2836 749 2876; x_wconf 90' lang='lat' dir='ltr'>adultis</span> <span class='ocrx_word' id='word_1_386' title='bbox 777 2837 854 2876; x_wconf 85' lang='lat' dir='ltr'>alia</span> <span class='ocrx_word' id='word_1_387' title='bbox 883 2846 934 2876; x_wconf 86' lang='lat' dir='ltr'>est</span> <span class='ocrx_word' id='word_1_388' title='bbox 964 2839 1087 2883; x_wconf 84' lang='lat' dir='ltr'>rati03</span> <span class='ocrx_word' id='word_1_389' title='bbox 1133 2839 1181 2876; x_wconf 85' lang='lat' dir='ltr'>ad</span> 
     </span>
     <span class='ocr_line' id='line_1_52' title="bbox 47 2887 1180 2944; baseline 0.004 -18"><span class='ocrx_word' id='word_1_390' title='bbox 47 2887 247 2927; x_wconf 83' lang='lat' dir='ltr'>charitatis</span> <span class='ocrx_word' id='word_1_391' title='bbox 277 2892 382 2930; x_wconf 88' lang='lat' dir='ltr'>enim</span> <span class='ocrx_word' id='word_1_392' title='bbox 411 2889 621 2930; x_wconf 83' lang='lat' dir='ltr'>habitualis</span> <span class='ocrx_word' id='word_1_393' title='bbox 650 2900 900 2944; x_wconf 84' lang='lat' dir='ltr'>augmentum</span> <span class='ocrx_word' id='word_1_394' title='bbox 917 2893 1032 2930; x_wconf 87' lang='lat' dir='ltr'>etiam</span> <span class='ocrx_word' id='word_1_395' title='bbox 1055 2891 1180 2930; x_wconf 85' lang='lat' dir='ltr'>homi-</span> 
     </span>
     <span class='ocr_line' id='line_1_53' title="bbox 42 2940 1182 2999; baseline 0.002 -17"><span class='ocrx_word' id='word_1_396' title='bbox 42 2942 106 2982; x_wconf 73' lang='lat' dir='ltr'>nis</span> <span class='ocrx_word' id='word_1_397' title='bbox 134 2940 312 2985; x_wconf 75' lang='lat' dir='ltr'>voluntas</span> <span class='ocrx_word' id='word_1_398' title='bbox 338 2946 461 2996; x_wconf 78' lang='lat' dir='ltr'>gratia</span> <span class='ocrx_word' id='word_1_399' title='bbox 480 2943 624 2987; x_wconf 79' lang='lat' dir='ltr'>actuali</span> <span class='ocrx_word' id='word_1_400' title='bbox 643 2945 776 2999; x_wconf 78' lang='lat' dir='ltr'>adjuta</span> <span class='ocrx_word' id='word_1_401' title='bbox 795 2947 1014 2995; x_wconf 82' lang='lat' dir='ltr'>concurrit,</span> <span class='ocrx_word' id='word_1_402' title='bbox 1042 2945 1092 2987; x_wconf 63' lang='grc' dir='ltr'>(θ’</span> <span class='ocrx_word' id='word_1_403' title='bbox 1111 2958 1182 2998; x_wconf 82' lang='lat' dir='ltr'>per</span> 
     </span>
    </p>
   </div>
   <div class='ocr_carea' id='block_1_5' title="bbox 37 3103 1176 3430">
    <p class='ocr_par' dir='ltr' id='par_1_8' title="bbox 37 3103 1176 3430">
     <span class='ocr_line' id='line_1_54' title="bbox 90 3103 1176 3152; baseline 0.004 -17"><span class='ocrx_word' id='word_1_404' title='bbox 90 3106 148 3143; x_wconf 71' lang='grc' dir='ltr'>(α)</span> <span class='ocrx_word' id='word_1_405' title='bbox 172 3103 262 3137; x_wconf 89' lang='lat' dir='ltr'>Bene</span> <span class='ocrx_word' id='word_1_406' title='bbox 287 3103 454 3139; x_wconf 79' lang='lat' dir='ltr'>observat</span> <span class='ocrx_word' id='word_1_407' title='bbox 477 3105 603 3142; x_wconf 64' lang='lat' dir='ltr'>Fratre.</span> <span class='ocrx_word' id='word_1_408' title='bbox 631 3107 775 3152; x_wconf 81' lang='lat' dir='ltr'>Sylvius</span> <span class='ocrx_word' id='word_1_409' title='bbox 802 3107 836 3140; x_wconf 90' lang='lat' dir='ltr'>in</span> <span class='ocrx_word' id='word_1_410' title='bbox 857 3108 1054 3141; x_wconf 82' lang='lat' dir='ltr'>Comment.</span> <span class='ocrx_word' id='word_1_411' title='bbox 1079 3104 1122 3141; x_wconf 85' lang='lat' dir='ltr'>ad</span> <span class='ocrx_word' id='word_1_412' title='bbox 1143 3118 1176 3140; x_wconf 83' lang='lat'>2.</span> 
     </span>
     <span class='ocr_line' id='line_1_55' title="bbox 43 3149 1176 3200; baseline 0.004 -17"><span class='ocrx_word' id='word_1_413' title='bbox 43 3149 133 3200; x_wconf 54' lang='lat'>²2⁵·</span> <span class='ocrx_word' id='word_1_414' title='bbox 152 3149 299 3184; x_wconf 79' lang='lat' dir='ltr'>&#39;Thomae</span> <span class='ocrx_word' id='word_1_415' title='bbox 323 3162 358 3196; x_wconf 84' lang='lat' dir='ltr'>q·</span> <span class='ocrx_word' id='word_1_416' title='bbox 382 3152 438 3194; x_wconf 73' lang='lat'>24·</span> <span class='ocrx_word' id='word_1_417' title='bbox 457 3161 524 3186; x_wconf 81' lang='lat' dir='ltr'>art·</span> <span class='ocrx_word' id='word_1_418' title='bbox 544 3153 579 3186; x_wconf 78' lang='lat'>6.</span> <span class='ocrx_word' id='word_1_419' title='bbox 605 3153 805 3188; x_wconf 82' lang='lat' dir='ltr'>Concilium</span> <span class='ocrx_word' id='word_1_420' title='bbox 820 3152 982 3186; x_wconf 79' lang='lat' dir='ltr'>Trident-</span> <span class='ocrx_word' id='word_1_421' title='bbox 1007 3152 1100 3186; x_wconf 85' lang='lat' dir='ltr'>nihil</span> <span class='ocrx_word' id='word_1_422' title='bbox 1115 3152 1176 3187; x_wconf 82' lang='lat' dir='ltr'>de-</span> 
     </span>
     <span class='ocr_line' id='line_1_56' title="bbox 41 3192 1176 3244; baseline 0.003 -14"><span class='ocrx_word' id='word_1_423' title='bbox 41 3192 200 3231; x_wconf 58' lang='lat' dir='ltr'>{mvi-se</span> <span class='ocrx_word' id='word_1_424' title='bbox 223 3196 266 3231; x_wconf 87' lang='lat' dir='ltr'>de</span> <span class='ocrx_word' id='word_1_425' title='bbox 292 3205 480 3244; x_wconf 71' lang='lat' dir='ltr'>augmento</span> <span class='ocrx_word' id='word_1_426' title='bbox 495 3197 710 3242; x_wconf 77' lang='lat' dir='ltr'>Chai-itatis,</span> <span class='ocrx_word' id='word_1_427' title='bbox 736 3207 910 3243; x_wconf 80' lang='lat' dir='ltr'>quantum</span> <span class='ocrx_word' id='word_1_428' title='bbox 936 3197 979 3232; x_wconf 86' lang='lat' dir='ltr'>ad</span> <span class='ocrx_word' id='word_1_429' title='bbox 1004 3212 1071 3240; x_wconf 87' lang='lat' dir='ltr'>ea,</span> <span class='ocrx_word' id='word_1_430' title='bbox 1097 3211 1176 3244; x_wconf 63' lang='lat' dir='ltr'>quie</span> 
     </span>
     <span class='ocr_line' id='line_1_57' title="bbox 41 3239 1170 3295; baseline 0.008 -24"><span class='ocrx_word' id='word_1_431' title='bbox 41 3239 139 3295; x_wconf 40' lang='lat'>³⁰¹⁶?</span> <span class='ocrx_word' id='word_1_432' title='bbox 164 3242 358 3291; x_wconf 65' lang='lat' dir='ltr'>Scriptores</span> <span class='ocrx_word' id='word_1_433' title='bbox 384 3244 585 3280; x_wconf 68' lang='lat' dir='ltr'>Catholicos</span> <span class='ocrx_word' id='word_1_434' title='bbox 609 3243 714 3280; x_wconf 86' lang='lat' dir='ltr'>dubie</span> <span class='ocrx_word' id='word_1_435' title='bbox 746 3244 998 3289; x_wconf 78' lang='lat' dir='ltr'>disputantur.</span> <span class='ocrx_word' id='word_1_436' title='bbox 1040 3245 1170 3290; x_wconf 85' lang='lat' dir='ltr'>Cujus-</span> 
     </span>
     <span class='ocr_line' id='line_1_58' title="bbox 40 3283 1171 3336; baseline 0 -10"><span class='ocrx_word' id='word_1_437' title='bbox 40 3283 139 3319; x_wconf 65' lang='grc' dir='ltr'>Πθὼ</span> <span class='ocrx_word' id='word_1_438' title='bbox 163 3294 270 3333; x_wconf 61' lang='grc' dir='ltr'>ΝΜ,</span> <span class='ocrx_word' id='word_1_439' title='bbox 294 3303 340 3325; x_wconf 81' lang='lat' dir='ltr'>an</span> <span class='ocrx_word' id='word_1_440' title='bbox 364 3301 426 3335; x_wconf 80' lang='lat' dir='ltr'>per</span> <span class='ocrx_word' id='word_1_441' title='bbox 451 3293 604 3336; x_wconf 79' lang='lat' dir='ltr'>singulos</span> <span class='ocrx_word' id='word_1_442' title='bbox 630 3299 730 3325; x_wconf 76' lang='lat' dir='ltr'>actus</span> <span class='ocrx_word' id='word_1_443' title='bbox 748 3293 856 3324; x_wconf 83' lang='lat' dir='ltr'>etiam</span> <span class='ocrx_word' id='word_1_444' title='bbox 877 3291 1038 3324; x_wconf 81' lang='lat' dir='ltr'>remissos</span> <span class='ocrx_word' id='word_1_445' title='bbox 1055 3289 1099 3324; x_wconf 87' lang='lat' dir='ltr'>de</span> <span class='ocrx_word' id='word_1_446' title='bbox 1118 3292 1171 3326; x_wconf 81' lang='lat' dir='ltr'>fa-</span> 
     </span>
     <span class='ocr_line' id='line_1_59' title="bbox 37 3334 1172 3386; baseline 0.003 -17"><span class='ocrx_word' id='word_1_447' title='bbox 37 3340 97 3386; x_wconf 52' lang='lat' dir='ltr'>cto</span> <span class='ocrx_word' id='word_1_448' title='bbox 112 3342 279 3386; x_wconf 75' lang='lat' dir='ltr'>augeatur</span> <span class='ocrx_word' id='word_1_449' title='bbox 295 3336 471 3372; x_wconf 83' lang='lat' dir='ltr'>Charitas:</span> <span class='ocrx_word' id='word_1_450' title='bbox 499 3351 543 3371; x_wconf 85' lang='lat' dir='ltr'>an</span> <span class='ocrx_word' id='word_1_451' title='bbox 569 3346 740 3383; x_wconf 84' lang='lat' dir='ltr'>augeatur</span> <span class='ocrx_word' id='word_1_452' title='bbox 765 3334 956 3371; x_wconf 80' lang='lat' dir='ltr'>secundum</span> <span class='ocrx_word' id='word_1_453' title='bbox 983 3346 1094 3371; x_wconf 77' lang='lat' dir='ltr'>totam</span> <span class='ocrx_word' id='word_1_454' title='bbox 1119 3339 1172 3372; x_wconf 85' lang='lat' dir='ltr'>la.-</span> 
     </span>
     <span class='ocr_line' id='line_1_60' title="bbox 45 3377 1172 3430; baseline 0.006 -17"><span class='ocrx_word' id='word_1_455' title='bbox 45 3377 235 3416; x_wconf 77' lang='lat' dir='ltr'>zitudinem</span> <span class='ocrx_word' id='word_1_456' title='bbox 259 3383 375 3428; x_wconf 79' lang='lat' dir='ltr'>operis</span> <span class='ocrx_word' id='word_1_457' title='bbox 398 3385 571 3421; x_wconf 85' lang='lat' dir='ltr'>meritorii</span> <span class='ocrx_word' id='word_1_458' title='bbox 585 3396 600 3426; x_wconf 78' lang='lat'>‚-</span> <span class='ocrx_word' id='word_1_459' title='bbox 636 3396 682 3421; x_wconf 77' lang='lat' dir='ltr'>an</span> <span class='ocrx_word' id='word_1_460' title='bbox 707 3392 877 3430; x_wconf 85' lang='lat' dir='ltr'>augeatur</span> <span class='ocrx_word' id='word_1_461' title='bbox 911 3383 1068 3421; x_wconf 76' lang='lat' dir='ltr'>effective</span> <span class='ocrx_word' id='word_1_462' title='bbox 1081 3405 1094 3427; x_wconf 87' lang='lat'>,</span> <span class='ocrx_word' id='word_1_463' title='bbox 1127 3396 1172 3421; x_wconf 76' lang='lat' dir='ltr'>an</span> 
     </span>
    </p>
   </div>
   <div class='ocr_carea' id='block_1_6' title="bbox 2235 142 2317 184">
    <p class='ocr_par' dir='ltr' id='par_1_9' title="bbox 2235 142 2317 184">
     <span class='ocr_line' id='line_1_61' title="bbox 2235 142 2317 184; baseline 0.024 -2"><span class='ocrx_word' id='word_1_464' title='bbox 2235 142 2317 184; x_wconf 75' lang='lat'>¹70</span> 
     </span>
    </p>
   </div>
   <div class='ocr_carea' id='block_1_7' title="bbox 1243 206 2392 3040">
    <p class='ocr_par' dir='ltr' id='par_1_10' title="bbox 1243 206 2383 1011">
     <span class='ocr_line' id='line_1_62' title="bbox 1244 206 2368 258; baseline -0.005 -9"><span class='ocrx_word' id='word_1_465' title='bbox 1244 209 1408 249; x_wconf 80' lang='lat' dir='ltr'>modum</span> <span class='ocrx_word' id='word_1_466' title='bbox 1438 211 1698 258; x_wconf 68' lang='lat' dir='ltr'>‹lis-positionis</span> <span class='ocrx_word' id='word_1_467' title='bbox 1718 240 1727 257; x_wconf 90' lang='lat'>‚</span> <span class='ocrx_word' id='word_1_468' title='bbox 1769 207 1818 250; x_wconf 66' lang='lat' dir='ltr'>(J</span> <span class='ocrx_word' id='word_1_469' title='bbox 1847 219 1917 258; x_wconf 81' lang='lat' dir='ltr'>per</span> <span class='ocrx_word' id='word_1_470' title='bbox 1947 206 2106 247; x_wconf 76' lang='lat' dir='ltr'>molum</span> <span class='ocrx_word' id='word_1_471' title='bbox 2139 211 2269 246; x_wconf 73' lang='lat' dir='ltr'>meriti</span> <span class='ocrx_word' id='word_1_472' title='bbox 2288 237 2297 255; x_wconf 96' lang='lat'>,</span> <span class='ocrx_word' id='word_1_473' title='bbox 2330 215 2368 245; x_wconf 87' lang='lat' dir='ltr'>ut</span> 
     </span>
     <span class='ocr_line' id='line_1_63' title="bbox 1244 261 2370 318; baseline -0.004 -15"><span class='ocrx_word' id='word_1_474' title='bbox 1244 264 1414 318; x_wconf 79' lang='lat' dir='ltr'>loquitur</span> <span class='ocrx_word' id='word_1_475' title='bbox 1443 263 1484 300; x_wconf 82' lang='lat' dir='ltr'>S.</span> <span class='ocrx_word' id='word_1_476' title='bbox 1514 262 1709 301; x_wconf 70' lang='lat' dir='ltr'>Thomas.</span> <span class='ocrx_word' id='word_1_477' title='bbox 1745 261 1813 300; x_wconf 86' lang='lat' dir='ltr'>1¹er</span> <span class='ocrx_word' id='word_1_478' title='bbox 1843 262 1999 300; x_wconf 87' lang='lat' dir='ltr'>modum</span> <span class='ocrx_word' id='word_1_479' title='bbox 2029 261 2181 315; x_wconf 83' lang='lat' dir='ltr'>quidem</span> <span class='ocrx_word' id='word_1_480' title='bbox 2212 261 2370 312; x_wconf 74' lang='lat' dir='ltr'>disposi-</span> 
     </span>
     <span class='ocr_line' id='line_1_64' title="bbox 1248 313 2376 369; baseline -0.003 -12"><span class='ocrx_word' id='word_1_481' title='bbox 1248 319 1382 366; x_wconf 86' lang='lat' dir='ltr'>tionis,</span> <span class='ocrx_word' id='word_1_482' title='bbox 1410 317 1524 369; x_wconf 82' lang='lat' dir='ltr'>quia,</span> <span class='ocrx_word' id='word_1_483' title='bbox 1557 326 1593 353; x_wconf 83' lang='lat' dir='ltr'>nt</span> <span class='ocrx_word' id='word_1_484' title='bbox 1626 318 1746 368; x_wconf 64' lang='lat' dir='ltr'>iuquit</span> <span class='ocrx_word' id='word_1_485' title='bbox 1778 329 1813 353; x_wconf 79' lang='lat'>2.</span> <span class='ocrx_word' id='word_1_486' title='bbox 1838 329 1873 354; x_wconf 76' lang='lat'>2.</span> <span class='ocrx_word' id='word_1_487' title='bbox 1904 331 1942 369; x_wconf 85' lang='lat' dir='ltr'>q.</span> <span class='ocrx_word' id='word_1_488' title='bbox 1967 316 2030 360; x_wconf 66' lang='lat'>24.</span> <span class='ocrx_word' id='word_1_489' title='bbox 2060 325 2130 354; x_wconf 87' lang='lat' dir='ltr'>art.</span> <span class='ocrx_word' id='word_1_490' title='bbox 2151 314 2189 353; x_wconf 90' lang='grc'>6.</span> <span class='ocrx_word' id='word_1_491' title='bbox 2219 313 2376 365; x_wconf 63' lang='lat' dir='ltr'>quilibet</span> 
     </span>
     <span class='ocr_line' id='line_1_65' title="bbox 1246 368 2374 420; baseline -0.003 -11"><span class='ocrx_word' id='word_1_492' title='bbox 1246 381 1361 413; x_wconf 81' lang='lat' dir='ltr'>actus</span> <span class='ocrx_word' id='word_1_493' title='bbox 1380 370 1589 408; x_wconf 66' lang='lat' dir='ltr'>charitatis</span> <span class='ocrx_word' id='word_1_494' title='bbox 1609 368 1775 418; x_wconf 70' lang='lat' dir='ltr'>disponit</span> <span class='ocrx_word' id='word_1_495' title='bbox 1791 369 1845 406; x_wconf 61' lang='lat' dir='ltr'>ii]</span> <span class='ocrx_word' id='word_1_496' title='bbox 1870 369 2077 407; x_wconf 55' lang='lat' dir='ltr'>emmane</span> <span class='ocrx_word' id='word_1_497' title='bbox 2094 377 2374 420; x_wconf 58' lang='lat' dir='ltr'>augmentum,</span> 
     </span>
     <span class='ocr_line' id='line_1_66' title="bbox 1246 421 2372 476; baseline -0.007 -13"><span class='ocrx_word' id='word_1_498' title='bbox 1246 430 1484 476; x_wconf 67' lang='lat' dir='ltr'>inquantum</span> <span class='ocrx_word' id='word_1_499' title='bbox 1513 435 1567 461; x_wconf 81' lang='lat' dir='ltr'>ex</span> <span class='ocrx_word' id='word_1_500' title='bbox 1596 436 1675 460; x_wconf 83' lang='lat' dir='ltr'>uno</span> <span class='ocrx_word' id='word_1_501' title='bbox 1703 432 1797 459; x_wconf 69' lang='lat' dir='ltr'>actu</span> <span class='ocrx_word' id='word_1_502' title='bbox 1826 421 2033 460; x_wconf 49' lang='lat' dir='ltr'>chisimus</span> <span class='ocrx_word' id='word_1_503' title='bbox 2064 421 2181 460; x_wconf 72' lang='lat' dir='ltr'>homo</span> <span class='ocrx_word' id='word_1_504' title='bbox 2198 421 2372 459; x_wconf 61' lang='lat' dir='ltr'>felium-</span> 
     </span>
     <span class='ocr_line' id='line_1_67' title="bbox 1243 475 2376 530; baseline -0.003 -15"><span class='ocrx_word' id='word_1_505' title='bbox 1243 482 1462 530; x_wconf 75' lang='lat' dir='ltr'>promptior</span> <span class='ocrx_word' id='word_1_506' title='bbox 1490 480 1633 515; x_wconf 74' lang='lat' dir='ltr'>iterum</span> <span class='ocrx_word' id='word_1_507' title='bbox 1664 475 1935 525; x_wconf 63' lang='lat' dir='ltr'>adageniwn</span> <span class='ocrx_word' id='word_1_508' title='bbox 1959 475 2177 514; x_wconf 74' lang='lat' dir='ltr'>secunlum</span> <span class='ocrx_word' id='word_1_509' title='bbox 2198 475 2376 513; x_wconf 54' lang='lat' dir='ltr'>charita„</span> 
     </span>
     <span class='ocr_line' id='line_1_68' title="bbox 1246 529 2377 580; baseline -0.004 -10"><span class='ocrx_word' id='word_1_510' title='bbox 1246 543 1325 571; x_wconf 83' lang='lat' dir='ltr'>tem</span> <span class='ocrx_word' id='word_1_511' title='bbox 1345 560 1354 569; x_wconf 91' lang='lat'><strong>.</strong></span> <span class='ocrx_word' id='word_1_512' title='bbox 1386 531 1455 569; x_wconf 73' lang='lat' dir='ltr'>Per</span> <span class='ocrx_word' id='word_1_513' title='bbox 1487 531 1642 569; x_wconf 80' lang='lat' dir='ltr'>modum</span> <span class='ocrx_word' id='word_1_514' title='bbox 1673 532 1835 572; x_wconf 53' lang='lat' dir='ltr'>mentm</span> <span class='ocrx_word' id='word_1_515' title='bbox 1878 531 1969 579; x_wconf 57' lang='lat' dir='ltr'>qnia</span> <span class='ocrx_word' id='word_1_516' title='bbox 1999 543 2115 580; x_wconf 85' lang='lat' dir='ltr'>opera</span> <span class='ocrx_word' id='word_1_517' title='bbox 2145 529 2245 567; x_wconf 88' lang='lat' dir='ltr'>bona</span> <span class='ocrx_word' id='word_1_518' title='bbox 2276 529 2377 566; x_wconf 79' lang='lat' dir='ltr'>sacta</span> 
     </span>
     <span class='ocr_line' id='line_1_69' title="bbox 1249 582 2378 625; baseline -0.006 0"><span class='ocrx_word' id='word_1_519' title='bbox 1249 588 1288 625; x_wconf 90' lang='lat' dir='ltr'>iu</span> <span class='ocrx_word' id='word_1_520' title='bbox 1318 585 1499 625; x_wconf 70' lang='lat' dir='ltr'>charitate</span> <span class='ocrx_word' id='word_1_521' title='bbox 1530 593 1613 623; x_wconf 85' lang='lat' dir='ltr'>sunt</span> <span class='ocrx_word' id='word_1_522' title='bbox 1645 584 1865 621; x_wconf 84' lang='lat' dir='ltr'>meritoria.</span> <span class='ocrx_word' id='word_1_523' title='bbox 1898 583 2001 620; x_wconf 81' lang='lat' dir='ltr'>idem</span> <span class='ocrx_word' id='word_1_524' title='bbox 2032 591 2155 620; x_wconf 84' lang='lat' dir='ltr'>tamen</span> <span class='ocrx_word' id='word_1_525' title='bbox 2186 582 2378 620; x_wconf 61' lang='lat' dir='ltr'>§.Doctor-</span> 
     </span>
     <span class='ocr_line' id='line_1_70' title="bbox 1247 635 2379 687; baseline -0.004 -10"><span class='ocrx_word' id='word_1_526' title='bbox 1247 639 1331 678; x_wconf 83' lang='lat' dir='ltr'>loco</span> <span class='ocrx_word' id='word_1_527' title='bbox 1361 652 1447 676; x_wconf 79' lang='lat' dir='ltr'>mox</span> <span class='ocrx_word' id='word_1_528' title='bbox 1479 637 1582 676; x_wconf 85' lang='lat' dir='ltr'>laud.</span> <span class='ocrx_word' id='word_1_529' title='bbox 1611 637 1656 675; x_wconf 84' lang='lat' dir='ltr'>ad</span> <span class='ocrx_word' id='word_1_530' title='bbox 1685 650 1716 675; x_wconf 84' lang='lat'>1.</span> <span class='ocrx_word' id='word_1_531' title='bbox 1745 636 1846 675; x_wconf 85' lang='lat' dir='ltr'>bene</span> <span class='ocrx_word' id='word_1_532' title='bbox 1875 644 1997 683; x_wconf 83' lang='lat' dir='ltr'>notat,</span> <span class='ocrx_word' id='word_1_533' title='bbox 2029 664 2055 683; x_wconf 88' lang='lat'>‚‚</span> <span class='ocrx_word' id='word_1_534' title='bbox 2084 635 2186 687; x_wconf 86' lang='lat' dir='ltr'>quod</span> <span class='ocrx_word' id='word_1_535' title='bbox 2214 635 2379 686; x_wconf 85' lang='lat' dir='ltr'>quilibet</span> 
     </span>
     <span class='ocr_line' id='line_1_71' title="bbox 1249 689 2380 743; baseline -0.004 -12"><span class='ocrx_word' id='word_1_536' title='bbox 1249 723 1276 743; x_wconf 86' lang='lat'>„</span> <span class='ocrx_word' id='word_1_537' title='bbox 1306 702 1412 731; x_wconf 73' lang='lat' dir='ltr'>actus</span> <span class='ocrx_word' id='word_1_538' title='bbox 1433 691 1625 730; x_wconf 71' lang='lat' dir='ltr'>charitatis</span> <span class='ocrx_word' id='word_1_539' title='bbox 1648 700 1815 729; x_wconf 80' lang='lat' dir='ltr'>meretur</span> <span class='ocrx_word' id='word_1_540' title='bbox 1835 692 1952 728; x_wconf 87' lang='lat' dir='ltr'>vitam</span> <span class='ocrx_word' id='word_1_541' title='bbox 1975 699 2172 735; x_wconf 76' lang='lat' dir='ltr'>aeternaui,</span> <span class='ocrx_word' id='word_1_542' title='bbox 2203 702 2273 726; x_wconf 85' lang='lat' dir='ltr'>nou</span> <span class='ocrx_word' id='word_1_543' title='bbox 2293 689 2380 741; x_wconf 65' lang='grc' dir='ltr'>(1ιὴ-</span> 
     </span>
     <span class='ocr_line' id='line_1_72' title="bbox 1251 743 2379 797; baseline -0.004 -13"><span class='ocrx_word' id='word_1_544' title='bbox 1251 777 1278 797; x_wconf 85' lang='lat'><strong>„</strong></span> <span class='ocrx_word' id='word_1_545' title='bbox 1308 749 1401 784; x_wconf 76' lang='lat' dir='ltr'>dein</span> <span class='ocrx_word' id='word_1_546' title='bbox 1425 747 1548 784; x_wconf 86' lang='lat' dir='ltr'>statim</span> <span class='ocrx_word' id='word_1_547' title='bbox 1581 745 1859 792; x_wconf 73' lang='lat' dir='ltr'>exhibendam,</span> <span class='ocrx_word' id='word_1_548' title='bbox 1889 744 1951 782; x_wconf 76' lang='lat' dir='ltr'>sed</span> <span class='ocrx_word' id='word_1_549' title='bbox 1981 756 2048 781; x_wconf 87' lang='lat' dir='ltr'>suo</span> <span class='ocrx_word' id='word_1_550' title='bbox 2076 750 2243 793; x_wconf 79' lang='lat' dir='ltr'>tempore</span> <span class='ocrx_word' id='word_1_551' title='bbox 2262 768 2270 778; x_wconf 93' lang='lat'>.</span> <span class='ocrx_word' id='word_1_552' title='bbox 2319 743 2379 780; x_wconf 69' lang='lat' dir='ltr'>Si-</span> 
     </span>
     <span class='ocr_line' id='line_1_73' title="bbox 1252 794 2382 852; baseline -0.004 -13"><span class='ocrx_word' id='word_1_553' title='bbox 1252 831 1278 849; x_wconf 92' lang='lat'><strong>„</strong></span> <span class='ocrx_word' id='word_1_554' title='bbox 1308 800 1450 839; x_wconf 84' lang='lat' dir='ltr'>militer</span> <span class='ocrx_word' id='word_1_555' title='bbox 1465 801 1577 838; x_wconf 86' lang='lat' dir='ltr'>etiam</span> <span class='ocrx_word' id='word_1_556' title='bbox 1594 797 1759 852; x_wconf 78' lang='lat' dir='ltr'>quilibet</span> <span class='ocrx_word' id='word_1_557' title='bbox 1774 808 1877 836; x_wconf 87' lang='lat' dir='ltr'>actus</span> <span class='ocrx_word' id='word_1_558' title='bbox 1897 797 2093 835; x_wconf 81' lang='lat' dir='ltr'>charitatis</span> <span class='ocrx_word' id='word_1_559' title='bbox 2114 804 2278 833; x_wconf 86' lang='lat' dir='ltr'>meretur</span> <span class='ocrx_word' id='word_1_560' title='bbox 2293 794 2382 834; x_wconf 80' lang='lat' dir='ltr'>cha-</span> 
     </span>
     <span class='ocr_line' id='line_1_74' title="bbox 1254 850 2383 905; baseline -0.008 -12"><span class='ocrx_word' id='word_1_561' title='bbox 1254 884 1280 903; x_wconf 94' lang='lat'>„</span> <span class='ocrx_word' id='word_1_562' title='bbox 1311 855 1429 893; x_wconf 83' lang='lat' dir='ltr'>ritatis</span> <span class='ocrx_word' id='word_1_563' title='bbox 1459 864 1731 905; x_wconf 77' lang='lat' dir='ltr'>augmentum.</span> <span class='ocrx_word' id='word_1_564' title='bbox 1775 851 1861 889; x_wconf 71' lang='lat' dir='ltr'>Nou</span> <span class='ocrx_word' id='word_1_565' title='bbox 1890 860 2016 888; x_wconf 86' lang='lat' dir='ltr'>tamen</span> <span class='ocrx_word' id='word_1_566' title='bbox 2045 850 2168 886; x_wconf 80' lang='lat' dir='ltr'>statim</span> <span class='ocrx_word' id='word_1_567' title='bbox 2199 858 2383 899; x_wconf 80' lang='lat' dir='ltr'>augetnr3</span> 
     </span>
     <span class='ocr_line' id='line_1_75' title="bbox 1253 902 2382 960; baseline -0.006 -14"><span class='ocrx_word' id='word_1_568' title='bbox 1253 937 1278 956; x_wconf 87' lang='lat'>,‚</span> <span class='ocrx_word' id='word_1_569' title='bbox 1309 909 1373 946; x_wconf 76' lang='lat' dir='ltr'>sed</span> <span class='ocrx_word' id='word_1_570' title='bbox 1402 909 1553 958; x_wconf 74' lang='lat' dir='ltr'>quaudo</span> <span class='ocrx_word' id='word_1_571' title='bbox 1596 906 1738 960; x_wconf 80' lang='lat' dir='ltr'>aliquis</span> <span class='ocrx_word' id='word_1_572' title='bbox 1767 914 1922 943; x_wconf 76' lang='lat' dir='ltr'>conatur</span> <span class='ocrx_word' id='word_1_573' title='bbox 1965 903 2011 942; x_wconf 86' lang='lat' dir='ltr'>ad</span> <span class='ocrx_word' id='word_1_574' title='bbox 2050 902 2273 954; x_wconf 79' lang='lat' dir='ltr'>hujusmodi</span> <span class='ocrx_word' id='word_1_575' title='bbox 2314 916 2382 940; x_wconf 88' lang='lat' dir='ltr'>an-</span> 
     </span>
     <span class='ocr_line' id='line_1_76' title="bbox 1255 959 1573 1011; baseline -0.013 -11"><span class='ocrx_word' id='word_1_576' title='bbox 1255 991 1282 1010; x_wconf 80' lang='lat'>„</span> <span class='ocrx_word' id='word_1_577' title='bbox 1313 971 1512 1011; x_wconf 67' lang='lat' dir='ltr'>pinentnm</span> <span class='ocrx_word' id='word_1_578' title='bbox 1536 959 1573 997; x_wconf 78' lang='lat'>²&#39;.</span> 
     </span>
    </p>

    <p class='ocr_par' dir='ltr' id='par_1_11' title="bbox 1256 1007 2390 1656">
     <span class='ocr_line' id='line_1_77' title="bbox 1311 1007 2386 1062; baseline -0.003 -9"><span class='ocrx_word' id='word_1_579' title='bbox 1311 1015 1376 1053; x_wconf 67' lang='grc' dir='ltr'>(ῤὸ.</span> <span class='ocrx_word' id='word_1_580' title='bbox 1408 1014 1481 1051; x_wconf 89' lang='lat' dir='ltr'>Hic</span> <span class='ocrx_word' id='word_1_581' title='bbox 1498 1022 1623 1051; x_wconf 84' lang='lat' dir='ltr'>antem</span> <span class='ocrx_word' id='word_1_582' title='bbox 1647 1012 1779 1051; x_wconf 76' lang='lat' dir='ltr'>multa:</span> <span class='ocrx_word' id='word_1_583' title='bbox 1795 1013 2016 1049; x_wconf 79' lang='lat' dir='ltr'>exoriuntur</span> <span class='ocrx_word' id='word_1_584' title='bbox 2031 1012 2259 1062; x_wconf 66' lang='lat' dir='ltr'>quaestiones</span> <span class='ocrx_word' id='word_1_585' title='bbox 2277 1007 2386 1050; x_wconf 71' lang='lat' dir='ltr'>scho-</span> 
     </span>
     <span class='ocr_line' id='line_1_78' title="bbox 1257 1063 2386 1120; baseline -0.004 -16"><span class='ocrx_word' id='word_1_586' title='bbox 1257 1066 1400 1106; x_wconf 62' lang='lat' dir='ltr'>lastitae</span> <span class='ocrx_word' id='word_1_587' title='bbox 1419 1097 1430 1116; x_wconf 90' lang='lat'>‚</span> <span class='ocrx_word' id='word_1_588' title='bbox 1468 1081 1562 1120; x_wconf 76' lang='lat' dir='ltr'>quas</span> <span class='ocrx_word' id='word_1_589' title='bbox 1593 1066 1794 1105; x_wconf 81' lang='lat' dir='ltr'>enucleare</span> <span class='ocrx_word' id='word_1_590' title='bbox 1823 1079 1949 1117; x_wconf 69' lang='lat' dir='ltr'>operae</span> <span class='ocrx_word' id='word_1_591' title='bbox 1979 1066 2142 1115; x_wconf 85' lang='lat' dir='ltr'>pretium</span> <span class='ocrx_word' id='word_1_592' title='bbox 2177 1076 2250 1101; x_wconf 86' lang='lat' dir='ltr'>non</span> <span class='ocrx_word' id='word_1_593' title='bbox 2280 1063 2386 1101; x_wconf 84' lang='lat' dir='ltr'>vide·</span> 
     </span>
     <span class='ocr_line' id='line_1_79' title="bbox 1259 1115 2389 1174; baseline -0.004 -16"><span class='ocrx_word' id='word_1_594' title='bbox 1259 1130 1339 1168; x_wconf 67' lang='lat' dir='ltr'>tur,</span> <span class='ocrx_word' id='word_1_595' title='bbox 1370 1134 1464 1174; x_wconf 78' lang='lat' dir='ltr'>quas</span> <span class='ocrx_word' id='word_1_596' title='bbox 1493 1122 1604 1158; x_wconf 68' lang='lat' dir='ltr'>etiam</span> <span class='ocrx_word' id='word_1_597' title='bbox 1629 1122 1833 1174; x_wconf 84' lang='lat' dir='ltr'>prudenter</span> <span class='ocrx_word' id='word_1_598' title='bbox 1851 1121 2058 1157; x_wconf 81' lang='lat' dir='ltr'>omiserunt</span> <span class='ocrx_word' id='word_1_599' title='bbox 2079 1117 2298 1155; x_wconf 84' lang='lat' dir='ltr'>Tridentini</span> <span class='ocrx_word' id='word_1_600' title='bbox 2319 1115 2389 1154; x_wconf 77' lang='lat' dir='ltr'>Pa-</span> 
     </span>
     <span class='ocr_line' id='line_1_80' title="bbox 1257 1171 2387 1224; baseline -0.002 -13"><span class='ocrx_word' id='word_1_601' title='bbox 1257 1184 1358 1223; x_wconf 84' lang='lat' dir='ltr'>tres,</span> <span class='ocrx_word' id='word_1_602' title='bbox 1403 1176 1471 1212; x_wconf 76' lang='lat' dir='ltr'>lioc</span> <span class='ocrx_word' id='word_1_603' title='bbox 1502 1189 1622 1215; x_wconf 83' lang='lat' dir='ltr'>unum</span> <span class='ocrx_word' id='word_1_604' title='bbox 1653 1177 1817 1212; x_wconf 81' lang='lat' dir='ltr'>conteuti</span> <span class='ocrx_word' id='word_1_605' title='bbox 1848 1172 2037 1218; x_wconf 76' lang='lat' dir='ltr'>definire,</span> <span class='ocrx_word' id='word_1_606' title='bbox 2079 1171 2181 1224; x_wconf 89' lang='lat' dir='ltr'>quod</span> <span class='ocrx_word' id='word_1_607' title='bbox 2215 1172 2335 1222; x_wconf 86' lang='lat' dir='ltr'>impie</span> <span class='ocrx_word' id='word_1_608' title='bbox 2363 1185 2387 1209; x_wconf 83' lang='lat' dir='ltr'>a</span> 
     </span>
     <span class='ocr_line' id='line_1_81' title="bbox 1258 1225 2387 1279; baseline -0.004 -13"><span class='ocrx_word' id='word_1_609' title='bbox 1258 1228 1511 1267; x_wconf 62' lang='lat' dir='ltr'>Bovawribtm</span> <span class='ocrx_word' id='word_1_610' title='bbox 1542 1227 1778 1279; x_wconf 79' lang='lat' dir='ltr'>negabatur,</span> <span class='ocrx_word' id='word_1_611' title='bbox 1808 1227 1952 1265; x_wconf 87' lang='lat' dir='ltr'>scilicet</span> <span class='ocrx_word' id='word_1_612' title='bbox 1982 1225 2098 1275; x_wconf 81' lang='lat' dir='ltr'>justos</span> <span class='ocrx_word' id='word_1_613' title='bbox 2125 1238 2274 1276; x_wconf 79' lang='lat' dir='ltr'>semper</span> <span class='ocrx_word' id='word_1_614' title='bbox 2304 1238 2387 1262; x_wconf 72' lang='lat' dir='ltr'>ma-</span> 
     </span>
     <span class='ocr_line' id='line_1_82' title="bbox 1256 1279 2386 1333; baseline -0.004 -14"><span class='ocrx_word' id='word_1_615' title='bbox 1256 1284 1334 1333; x_wconf 80' lang='lat' dir='ltr'>gis,</span> <span class='ocrx_word' id='word_1_616' title='bbox 1365 1296 1410 1320; x_wconf 88' lang='lat' dir='ltr'>ac</span> <span class='ocrx_word' id='word_1_617' title='bbox 1442 1282 1560 1331; x_wconf 79' lang='lat' dir='ltr'>magis</span> <span class='ocrx_word' id='word_1_618' title='bbox 1588 1280 1788 1333; x_wconf 81' lang='lat' dir='ltr'>justificari</span> <span class='ocrx_word' id='word_1_619' title='bbox 1809 1310 1819 1328; x_wconf 87' lang='lat'>‚</span> <span class='ocrx_word' id='word_1_620' title='bbox 1850 1279 1884 1315; x_wconf 71' lang='lat'>8&lt;</span> <span class='ocrx_word' id='word_1_621' title='bbox 1913 1279 2097 1331; x_wconf 85' lang='lat' dir='ltr'>justitiam</span> <span class='ocrx_word' id='word_1_622' title='bbox 2130 1280 2167 1316; x_wconf 90' lang='lat' dir='ltr'>in</span> <span class='ocrx_word' id='word_1_623' title='bbox 2198 1279 2288 1329; x_wconf 88' lang='lat' dir='ltr'>ipsis</span> <span class='ocrx_word' id='word_1_624' title='bbox 2317 1292 2386 1315; x_wconf 89' lang='lat' dir='ltr'>au·</span> 
     </span>
     <span class='ocr_line' id='line_1_83' title="bbox 1257 1331 2388 1388; baseline -0.004 -16"><span class='ocrx_word' id='word_1_625' title='bbox 1257 1337 1336 1387; x_wconf 89' lang='lat' dir='ltr'>geri</span> <span class='ocrx_word' id='word_1_626' title='bbox 1368 1350 1435 1388; x_wconf 88' lang='lat' dir='ltr'>per</span> <span class='ocrx_word' id='word_1_627' title='bbox 1465 1335 1562 1372; x_wconf 89' lang='lat' dir='ltr'>bona</span> <span class='ocrx_word' id='word_1_628' title='bbox 1592 1348 1736 1388; x_wconf 83' lang='lat' dir='ltr'>opera,</span> <span class='ocrx_word' id='word_1_629' title='bbox 1780 1347 1869 1386; x_wconf 77' lang='lat' dir='ltr'>quae</span> <span class='ocrx_word' id='word_1_630' title='bbox 1912 1346 1985 1371; x_wconf 88' lang='lat' dir='ltr'>non</span> <span class='ocrx_word' id='word_1_631' title='bbox 2027 1340 2112 1370; x_wconf 83' lang='lat' dir='ltr'>snut</span> <span class='ocrx_word' id='word_1_632' title='bbox 2150 1331 2388 1370; x_wconf 84' lang='lat' dir='ltr'>solummodo</span> 
     </span>
     <span class='ocr_line' id='line_1_84' title="bbox 1262 1385 2390 1440; baseline -0.004 -14"><span class='ocrx_word' id='word_1_633' title='bbox 1262 1391 1408 1427; x_wconf 74' lang='lat' dir='ltr'>iructns</span> <span class='ocrx_word' id='word_1_634' title='bbox 1426 1418 1436 1436; x_wconf 82' lang='lat'>,</span> <span class='ocrx_word' id='word_1_635' title='bbox 1466 1389 1499 1424; x_wconf 74' lang='grc' dir='ltr'>ὅ(</span> <span class='ocrx_word' id='word_1_636' title='bbox 1530 1391 1634 1440; x_wconf 84' lang='lat' dir='ltr'>signa</span> <span class='ocrx_word' id='word_1_637' title='bbox 1664 1387 1945 1440; x_wconf 77' lang='lat' dir='ltr'>justificationis</span> <span class='ocrx_word' id='word_1_638' title='bbox 1974 1385 2121 1438; x_wconf 82' lang='lat' dir='ltr'>adeptae</span> <span class='ocrx_word' id='word_1_639' title='bbox 2139 1416 2150 1433; x_wconf 91' lang='lat'>,</span> <span class='ocrx_word' id='word_1_640' title='bbox 2180 1385 2243 1423; x_wconf 84' lang='lat' dir='ltr'>sed</span> <span class='ocrx_word' id='word_1_641' title='bbox 2272 1385 2390 1423; x_wconf 75' lang='lat' dir='ltr'>etiam</span> 
     </span>
     <span class='ocr_line' id='line_1_85' title="bbox 1260 1439 2389 1494; baseline -0.004 -14"><span class='ocrx_word' id='word_1_642' title='bbox 1260 1443 1382 1494; x_wconf 75' lang='lat' dir='ltr'>ipsius</span> <span class='ocrx_word' id='word_1_643' title='bbox 1412 1443 1595 1493; x_wconf 69' lang='lat' dir='ltr'>augendas</span> <span class='ocrx_word' id='word_1_644' title='bbox 1625 1457 1767 1481; x_wconf 82' lang='lat' dir='ltr'>causa.</span> <span class='ocrx_word' id='word_1_645' title='bbox 1797 1441 2045 1492; x_wconf 85' lang='lat' dir='ltr'>Vid.sup.n.</span> <span class='ocrx_word' id='word_1_646' title='bbox 2066 1439 2133 1478; x_wconf 83' lang='grc'>60.</span> <span class='ocrx_word' id='word_1_647' title='bbox 2163 1439 2389 1478; x_wconf 63' lang='lat' dir='ltr'>Mean-32.</span> 
     </span>
     <span class='ocr_line' id='line_1_86' title="bbox 1262 1492 2390 1547; baseline -0.004 -14"><span class='ocrx_word' id='word_1_648' title='bbox 1262 1497 1492 1534; x_wconf 78' lang='lat' dir='ltr'>anathemati</span> <span class='ocrx_word' id='word_1_649' title='bbox 1525 1495 1758 1547; x_wconf 79' lang='lat' dir='ltr'>subjicitur,</span> <span class='ocrx_word' id='word_1_650' title='bbox 1788 1496 1855 1547; x_wconf 87' lang='lat' dir='ltr'>qui</span> <span class='ocrx_word' id='word_1_651' title='bbox 1884 1494 2079 1546; x_wconf 85' lang='lat' dir='ltr'>negaverit</span> <span class='ocrx_word' id='word_1_652' title='bbox 2109 1492 2250 1543; x_wconf 80' lang='lat' dir='ltr'>justum</span> <span class='ocrx_word' id='word_1_653' title='bbox 2283 1493 2390 1530; x_wconf 86' lang='lat' dir='ltr'>bonis</span> 
     </span>
     <span class='ocr_line' id='line_1_87' title="bbox 1261 1547 2389 1602; baseline -0.002 -16"><span class='ocrx_word' id='word_1_654' title='bbox 1261 1550 1471 1601; x_wconf 79' lang='lat' dir='ltr'>opeiibus,</span> <span class='ocrx_word' id='word_1_655' title='bbox 1501 1563 1587 1602; x_wconf 83' lang='lat' dir='ltr'>quae</span> <span class='ocrx_word' id='word_1_656' title='bbox 1611 1564 1678 1602; x_wconf 88' lang='lat' dir='ltr'>per</span> <span class='ocrx_word' id='word_1_657' title='bbox 1692 1551 1853 1602; x_wconf 85' lang='lat' dir='ltr'>gratiam</span> <span class='ocrx_word' id='word_1_658' title='bbox 1873 1547 1991 1596; x_wconf 88' lang='lat' dir='ltr'>fiunt,</span> <span class='ocrx_word' id='word_1_659' title='bbox 2021 1560 2110 1586; x_wconf 62' lang='lat' dir='ltr'>vere</span> <span class='ocrx_word' id='word_1_660' title='bbox 2138 1550 2282 1585; x_wconf 78' lang='lat' dir='ltr'>mereri</span> <span class='ocrx_word' id='word_1_661' title='bbox 2314 1559 2389 1584; x_wconf 82' lang='lat' dir='ltr'>au·</span> 
     </span>
     <span class='ocr_line' id='line_1_88' title="bbox 1257 1606 2206 1656; baseline 0.003 -17"><span class='ocrx_word' id='word_1_662' title='bbox 1257 1612 1467 1656; x_wconf 70' lang='lat' dir='ltr'>gmentum</span> <span class='ocrx_word' id='word_1_663' title='bbox 1497 1607 1644 1655; x_wconf 72' lang='lat' dir='ltr'>gratioe</span> <span class='ocrx_word' id='word_1_664' title='bbox 1675 1606 1767 1654; x_wconf 80' lang='lat' dir='ltr'>(a).</span> <span class='ocrx_word' id='word_1_665' title='bbox 2202 1613 2206 1617; x_wconf 83' lang='grc'><strong>’</strong></span> 
     </span>
    </p>

    <p class='ocr_par' dir='ltr' id='par_1_12' title="bbox 1258 1653 2392 2292">
     <span class='ocr_line' id='line_1_89' title="bbox 1313 1653 2389 1709; baseline -0.006 -14"><span class='ocrx_word' id='word_1_666' title='bbox 1313 1656 1378 1708; x_wconf 77' lang='grc'>69.</span> <span class='ocrx_word' id='word_1_667' title='bbox 1409 1658 1561 1702; x_wconf 74' lang='lat' dir='ltr'>Quaerit</span> <span class='ocrx_word' id='word_1_668' title='bbox 1591 1667 1716 1709; x_wconf 83' lang='lat' dir='ltr'>postea</span> <span class='ocrx_word' id='word_1_669' title='bbox 1748 1657 1849 1694; x_wconf 88' lang='lat' dir='ltr'>idem</span> <span class='ocrx_word' id='word_1_670' title='bbox 1867 1654 2075 1706; x_wconf 81' lang='lat' dir='ltr'>Angelicns</span> <span class='ocrx_word' id='word_1_671' title='bbox 2101 1653 2229 1692; x_wconf 64' lang='lat' dir='ltr'>arhss.</span> <span class='ocrx_word' id='word_1_672' title='bbox 2259 1661 2389 1690; x_wconf 78' lang='lat' dir='ltr'>utrum</span> 
     </span>
     <span class='ocr_line' id='line_1_90' title="bbox 1258 1705 2390 1760; baseline -0.004 -13"><span class='ocrx_word' id='word_1_673' title='bbox 1258 1709 1477 1748; x_wconf 73' lang='lat' dir='ltr'>cliaritasin</span> <span class='ocrx_word' id='word_1_674' title='bbox 1497 1710 1567 1748; x_wconf 74' lang='lat' dir='ltr'>hac</span> <span class='ocrx_word' id='word_1_675' title='bbox 1596 1713 1675 1748; x_wconf 85' lang='lat' dir='ltr'>vita</span> <span class='ocrx_word' id='word_1_676' title='bbox 1705 1710 1818 1760; x_wconf 84' lang='lat' dir='ltr'>possit</span> <span class='ocrx_word' id='word_1_677' title='bbox 1847 1722 1923 1745; x_wconf 86' lang='lat' dir='ltr'>esse</span> <span class='ocrx_word' id='word_1_678' title='bbox 1953 1706 2144 1757; x_wconf 67' lang='lat' dir='ltr'>perfecta?</span> <span class='ocrx_word' id='word_1_679' title='bbox 2172 1707 2282 1744; x_wconf 86' lang='lat' dir='ltr'>Certe</span> <span class='ocrx_word' id='word_1_680' title='bbox 2302 1705 2390 1758; x_wconf 83' lang='lat' dir='ltr'>plu-</span> 
     </span>
     <span class='ocr_line' id='line_1_91' title="bbox 1260 1758 2388 1813; baseline -0.002 -14"><span class='ocrx_word' id='word_1_681' title='bbox 1260 1763 1361 1799; x_wconf 86' lang='lat' dir='ltr'>rima</span> <span class='ocrx_word' id='word_1_682' title='bbox 1390 1772 1474 1799; x_wconf 89' lang='lat' dir='ltr'>sunt</span> <span class='ocrx_word' id='word_1_683' title='bbox 1504 1763 1638 1800; x_wconf 87' lang='lat' dir='ltr'>divina</span> <span class='ocrx_word' id='word_1_684' title='bbox 1668 1761 1848 1813; x_wconf 85' lang='lat' dir='ltr'>eloquia,</span> <span class='ocrx_word' id='word_1_685' title='bbox 1877 1759 2020 1812; x_wconf 87' lang='lat' dir='ltr'>quibus</span> <span class='ocrx_word' id='word_1_686' title='bbox 2049 1758 2232 1812; x_wconf 61' lang='lat' dir='ltr'>perfecta</span> <span class='ocrx_word' id='word_1_687' title='bbox 2261 1758 2388 1798; x_wconf 82' lang='lat' dir='ltr'>cliari-</span> 
     </span>
     <span class='ocr_line' id='line_1_92' title="bbox 1259 1812 2390 1865; baseline -0.001 -13"><span class='ocrx_word' id='word_1_688' title='bbox 1259 1823 1314 1853; x_wconf 82' lang='lat' dir='ltr'>tas</span> <span class='ocrx_word' id='word_1_689' title='bbox 1344 1824 1666 1853; x_wconf 84' lang='lat' dir='ltr'>commemoratur</span> <span class='ocrx_word' id='word_1_690' title='bbox 1684 1841 1695 1854; x_wconf 87' lang='lat'>.</span> <span class='ocrx_word' id='word_1_691' title='bbox 1737 1815 1779 1853; x_wconf 91' lang='lat' dir='ltr'>Iu</span> <span class='ocrx_word' id='word_1_692' title='bbox 1809 1815 1937 1865; x_wconf 87' lang='lat' dir='ltr'>prima</span> <span class='ocrx_word' id='word_1_693' title='bbox 1966 1827 2028 1863; x_wconf 91' lang='lat' dir='ltr'>ep.</span> <span class='ocrx_word' id='word_1_694' title='bbox 2057 1813 2097 1850; x_wconf 90' lang='lat' dir='ltr'>S.</span> <span class='ocrx_word' id='word_1_695' title='bbox 2127 1812 2186 1850; x_wconf 88' lang='lat' dir='ltr'>J0.</span> <span class='ocrx_word' id='word_1_696' title='bbox 2216 1825 2251 1850; x_wconf 87' lang='lat' dir='ltr'>c.</span> <span class='ocrx_word' id='word_1_697' title='bbox 2276 1814 2322 1850; x_wconf 92' lang='lat' dir='ltr'>ll.</span> <span class='ocrx_word' id='word_1_698' title='bbox 2350 1813 2390 1851; x_wconf 85' lang='lat'>5.</span> 
     </span>
     <span class='ocr_line' id='line_1_93' title="bbox 1262 1864 2390 1917; baseline -0.002 -12"><span class='ocrx_word' id='word_1_699' title='bbox 1262 1898 1288 1917; x_wconf 87' lang='lat'>„</span> <span class='ocrx_word' id='word_1_700' title='bbox 1319 1869 1395 1913; x_wconf 88' lang='lat' dir='ltr'>Qui</span> <span class='ocrx_word' id='word_1_701' title='bbox 1426 1877 1548 1906; x_wconf 86' lang='lat' dir='ltr'>servat</span> <span class='ocrx_word' id='word_1_702' title='bbox 1579 1867 1739 1906; x_wconf 90' lang='lat' dir='ltr'>verbum</span> <span class='ocrx_word' id='word_1_703' title='bbox 1771 1866 1877 1917; x_wconf 77' lang='lat' dir='ltr'>ejus,</span> <span class='ocrx_word' id='word_1_704' title='bbox 1908 1879 1996 1903; x_wconf 89' lang='lat' dir='ltr'>vere</span> <span class='ocrx_word' id='word_1_705' title='bbox 2026 1867 2062 1903; x_wconf 92' lang='lat' dir='ltr'>in</span> <span class='ocrx_word' id='word_1_706' title='bbox 2095 1865 2165 1904; x_wconf 86' lang='lat' dir='ltr'>hoc</span> <span class='ocrx_word' id='word_1_707' title='bbox 2194 1865 2269 1903; x_wconf 87' lang='lat' dir='ltr'>Dei</span> <span class='ocrx_word' id='word_1_708' title='bbox 2299 1864 2390 1903; x_wconf 80' lang='lat' dir='ltr'>clia-</span> 
     </span>
     <span class='ocr_line' id='line_1_94' title="bbox 1260 1917 2392 1972; baseline 0 -14"><span class='ocrx_word' id='word_1_709' title='bbox 1260 1951 1286 1970; x_wconf 89' lang='lat'><strong>„</strong></span> <span class='ocrx_word' id='word_1_710' title='bbox 1317 1923 1406 1958; x_wconf 74' lang='lat' dir='ltr'>ritas</span> <span class='ocrx_word' id='word_1_711' title='bbox 1437 1922 1604 1972; x_wconf 83' lang='lat' dir='ltr'>perfecta</span> <span class='ocrx_word' id='word_1_712' title='bbox 1634 1930 1707 1958; x_wconf 90' lang='lat' dir='ltr'>est:</span> <span class='ocrx_word' id='word_1_713' title='bbox 1737 1917 1946 1958; x_wconf 83' lang='lat' dir='ltr'>c.1V.12.</span> <span class='ocrx_word' id='word_1_714' title='bbox 1982 1919 2024 1956; x_wconf 90' lang='lat' dir='ltr'>Si</span> <span class='ocrx_word' id='word_1_715' title='bbox 2053 1918 2392 1970; x_wconf 65' lang='lat' dir='ltr'>diligamusinvi-</span> 
     </span>
     <span class='ocr_line' id='line_1_95' title="bbox 1261 1971 2389 2024; baseline -0.001 -12"><span class='ocrx_word' id='word_1_716' title='bbox 1261 2004 1287 2024; x_wconf 88' lang='lat'><strong>„</strong></span> <span class='ocrx_word' id='word_1_717' title='bbox 1317 1987 1428 2022; x_wconf 86' lang='lat' dir='ltr'>cem,</span> <span class='ocrx_word' id='word_1_718' title='bbox 1459 1974 1565 2012; x_wconf 89' lang='lat' dir='ltr'>Deus</span> <span class='ocrx_word' id='word_1_719' title='bbox 1595 1976 1633 2012; x_wconf 88' lang='lat' dir='ltr'>in</span> <span class='ocrx_word' id='word_1_720' title='bbox 1663 1973 1770 2012; x_wconf 88' lang='lat' dir='ltr'>nobis</span> <span class='ocrx_word' id='word_1_721' title='bbox 1799 1981 1952 2018; x_wconf 86' lang='lat' dir='ltr'>manet,</span> <span class='ocrx_word' id='word_1_722' title='bbox 1975 1972 2009 2008; x_wconf 78' lang='grc' dir='ltr'>ἆ</span> <span class='ocrx_word' id='word_1_723' title='bbox 2037 1971 2202 2010; x_wconf 83' lang='lat' dir='ltr'>charitas</span> <span class='ocrx_word' id='word_1_724' title='bbox 2235 1971 2316 2023; x_wconf 80' lang='lat' dir='ltr'>ejus</span> <span class='ocrx_word' id='word_1_725' title='bbox 2347 1974 2389 2011; x_wconf 88' lang='lat' dir='ltr'>in</span> 
     </span>
     <span class='ocr_line' id='line_1_96' title="bbox 1262 2025 2390 2079; baseline -0.001 -14"><span class='ocrx_word' id='word_1_726' title='bbox 1262 2057 1288 2078; x_wconf 92' lang='lat'>„</span> <span class='ocrx_word' id='word_1_727' title='bbox 1319 2028 1429 2065; x_wconf 87' lang='lat' dir='ltr'>nobis</span> <span class='ocrx_word' id='word_1_728' title='bbox 1459 2029 1629 2079; x_wconf 78' lang='lat' dir='ltr'>perfecta</span> <span class='ocrx_word' id='word_1_729' title='bbox 1659 2037 1736 2076; x_wconf 82' lang='lat' dir='ltr'>est,</span> <span class='ocrx_word' id='word_1_730' title='bbox 1765 2027 1815 2067; x_wconf 66' lang='lat'>(9¹</span> <span class='ocrx_word' id='word_1_731' title='bbox 1836 2039 1934 2064; x_wconf 60' lang='lat' dir='ltr'>vers.</span> <span class='ocrx_word' id='word_1_732' title='bbox 1955 2026 2017 2064; x_wconf 87' lang='lat'>15.</span> <span class='ocrx_word' id='word_1_733' title='bbox 2046 2026 2089 2063; x_wconf 87' lang='lat' dir='ltr'>In</span> <span class='ocrx_word' id='word_1_734' title='bbox 2121 2025 2190 2065; x_wconf 82' lang='lat' dir='ltr'>hoc</span> <span class='ocrx_word' id='word_1_735' title='bbox 2220 2027 2390 2078; x_wconf 83' lang='lat' dir='ltr'>perfecta</span> 
     </span>
     <span class='ocr_line' id='line_1_97' title="bbox 1261 2079 2389 2130; baseline 0 -12"><span class='ocrx_word' id='word_1_736' title='bbox 1261 2111 1288 2130; x_wconf 87' lang='lat'>,‚</span> <span class='ocrx_word' id='word_1_737' title='bbox 1318 2089 1371 2118; x_wconf 80' lang='lat' dir='ltr'>est</span> <span class='ocrx_word' id='word_1_738' title='bbox 1399 2079 1564 2120; x_wconf 80' lang='lat' dir='ltr'>ebaritas</span> <span class='ocrx_word' id='word_1_739' title='bbox 1592 2082 1666 2120; x_wconf 92' lang='lat' dir='ltr'>Dei</span> <span class='ocrx_word' id='word_1_740' title='bbox 1696 2080 1896 2119; x_wconf 86' lang='lat' dir='ltr'>uobiscum</span> <span class='ocrx_word' id='word_1_741' title='bbox 1915 2109 1927 2128; x_wconf 97' lang='lat'>,</span> <span class='ocrx_word' id='word_1_742' title='bbox 1955 2088 1997 2117; x_wconf 92' lang='lat' dir='ltr'>ut</span> <span class='ocrx_word' id='word_1_743' title='bbox 2026 2079 2209 2118; x_wconf 78' lang='lat' dir='ltr'>fiduciam</span> <span class='ocrx_word' id='word_1_744' title='bbox 2247 2079 2389 2119; x_wconf 83' lang='lat' dir='ltr'>habea·-</span> 
     </span>
     <span class='ocr_line' id='line_1_98' title="bbox 1261 2132 2389 2187; baseline 0 -14"><span class='ocrx_word' id='word_1_745' title='bbox 1261 2163 1288 2184; x_wconf 94' lang='lat'>„</span> <span class='ocrx_word' id='word_1_746' title='bbox 1317 2148 1403 2173; x_wconf 89' lang='lat' dir='ltr'>mus</span> <span class='ocrx_word' id='word_1_747' title='bbox 1433 2135 1472 2172; x_wconf 89' lang='lat' dir='ltr'>iu</span> <span class='ocrx_word' id='word_1_748' title='bbox 1501 2136 1564 2173; x_wconf 91' lang='lat' dir='ltr'>die</span> <span class='ocrx_word' id='word_1_749' title='bbox 1591 2135 1759 2187; x_wconf 83' lang='lat' dir='ltr'>judicii3</span> <span class='ocrx_word' id='word_1_750' title='bbox 1788 2134 1839 2174; x_wconf 67' lang='lat'>&lt;9‘</span> <span class='ocrx_word' id='word_1_751' title='bbox 1867 2145 2031 2171; x_wconf 83' lang='lat' dir='ltr'>rursus:</span> <span class='ocrx_word' id='word_1_752' title='bbox 2062 2132 2200 2171; x_wconf 88' lang='lat' dir='ltr'>Timor</span> <span class='ocrx_word' id='word_1_753' title='bbox 2228 2147 2303 2172; x_wconf 90' lang='lat' dir='ltr'>non</span> <span class='ocrx_word' id='word_1_754' title='bbox 2334 2144 2389 2173; x_wconf 87' lang='lat' dir='ltr'>est</span> 
     </span>
     <span class='ocr_line' id='line_1_99' title="bbox 1259 2187 2389 2241; baseline 0.002 -15"><span class='ocrx_word' id='word_1_755' title='bbox 1259 2216 1287 2238; x_wconf 87' lang='lat'><strong>„</strong></span> <span class='ocrx_word' id='word_1_756' title='bbox 1317 2189 1356 2226; x_wconf 89' lang='lat' dir='ltr'>in</span> <span class='ocrx_word' id='word_1_757' title='bbox 1371 2187 1580 2236; x_wconf 87' lang='lat' dir='ltr'>charitate3</span> <span class='ocrx_word' id='word_1_758' title='bbox 1609 2188 1672 2228; x_wconf 90' lang='lat' dir='ltr'>sed</span> <span class='ocrx_word' id='word_1_759' title='bbox 1700 2188 1869 2241; x_wconf 84' lang='lat' dir='ltr'>perfecta</span> <span class='ocrx_word' id='word_1_760' title='bbox 1897 2187 2062 2226; x_wconf 81' lang='lat' dir='ltr'>charitas</span> <span class='ocrx_word' id='word_1_761' title='bbox 2078 2187 2176 2226; x_wconf 85' lang='lat' dir='ltr'>foras</span> <span class='ocrx_word' id='word_1_762' title='bbox 2196 2188 2313 2226; x_wconf 88' lang='lat' dir='ltr'>mittit</span> <span class='ocrx_word' id='word_1_763' title='bbox 2342 2190 2389 2228; x_wconf 89' lang='lat' dir='ltr'>ti-</span> 
     </span>
     <span class='ocr_line' id='line_1_100' title="bbox 1259 2243 1538 2292; baseline 0.007 -12"><span class='ocrx_word' id='word_1_764' title='bbox 1259 2271 1287 2292; x_wconf 89' lang='lat'><strong>„</strong></span> <span class='ocrx_word' id='word_1_765' title='bbox 1317 2255 1466 2280; x_wconf 77' lang='lat' dir='ltr'>morem</span> <span class='ocrx_word' id='word_1_766' title='bbox 1486 2243 1509 2258; x_wconf 85' lang='grc'>”</span> <span class='ocrx_word' id='word_1_767' title='bbox 1526 2270 1538 2282; x_wconf 88' lang='grc'><strong>.</strong></span> 
     </span>
    </p>

    <p class='ocr_par' dir='ltr' id='par_1_13' title="bbox 1248 2294 2389 2994">
     <span class='ocr_line' id='line_1_101' title="bbox 1313 2294 2387 2347; baseline 0 -13"><span class='ocrx_word' id='word_1_768' title='bbox 1313 2309 1377 2347; x_wconf 87' lang='lat'>70.</span> <span class='ocrx_word' id='word_1_769' title='bbox 1406 2296 1493 2334; x_wconf 86' lang='lat' dir='ltr'>Jam</span> <span class='ocrx_word' id='word_1_770' title='bbox 1523 2309 1613 2337; x_wconf 89' lang='lat' dir='ltr'>vero</span> <span class='ocrx_word' id='word_1_771' title='bbox 1641 2296 1683 2335; x_wconf 92' lang='lat' dir='ltr'>S.</span> <span class='ocrx_word' id='word_1_772' title='bbox 1715 2295 1884 2334; x_wconf 83' lang='lat' dir='ltr'>Thomas</span> <span class='ocrx_word' id='word_1_773' title='bbox 1919 2298 2050 2346; x_wconf 84' lang='lat' dir='ltr'>primo</span> <span class='ocrx_word' id='word_1_774' title='bbox 2085 2294 2271 2344; x_wconf 82' lang='lat' dir='ltr'>advertit,</span> <span class='ocrx_word' id='word_1_775' title='bbox 2308 2308 2387 2334; x_wconf 88' lang='lat' dir='ltr'>non</span> 
     </span>
     <span class='ocr_line' id='line_1_102' title="bbox 1255 2348 2389 2403; baseline 0.001 -17"><span class='ocrx_word' id='word_1_776' title='bbox 1255 2361 1363 2402; x_wconf 88' lang='lat' dir='ltr'>posse</span> <span class='ocrx_word' id='word_1_777' title='bbox 1394 2348 1493 2389; x_wconf 81' lang='lat' dir='ltr'>lianc</span> <span class='ocrx_word' id='word_1_778' title='bbox 1522 2351 1731 2403; x_wconf 75' lang='lat' dir='ltr'>perfectam</span> <span class='ocrx_word' id='word_1_779' title='bbox 1761 2349 1989 2388; x_wconf 85' lang='lat' dir='ltr'>charitatem</span> <span class='ocrx_word' id='word_1_780' title='bbox 2019 2348 2179 2401; x_wconf 83' lang='lat' dir='ltr'>intelligi</span> <span class='ocrx_word' id='word_1_781' title='bbox 2204 2362 2248 2387; x_wconf 87' lang='lat' dir='ltr'>ex</span> <span class='ocrx_word' id='word_1_782' title='bbox 2280 2359 2389 2402; x_wconf 81' lang='lat' dir='ltr'>parte</span> 
     </span>
     <span class='ocr_line' id='line_1_103' title="bbox 1254 2402 2387 2457; baseline 0.002 -17"><span class='ocrx_word' id='word_1_783' title='bbox 1254 2402 1396 2454; x_wconf 71' lang='lat' dir='ltr'>objecti</span> <span class='ocrx_word' id='word_1_784' title='bbox 1425 2403 1657 2457; x_wconf 83' lang='lat' dir='ltr'>diligibilis,</span> <span class='ocrx_word' id='word_1_785' title='bbox 1687 2417 1823 2455; x_wconf 86' lang='lat' dir='ltr'>nempe</span> <span class='ocrx_word' id='word_1_786' title='bbox 1852 2403 1953 2449; x_wconf 81' lang='lat' dir='ltr'>Dei;</span> <span class='ocrx_word' id='word_1_787' title='bbox 1983 2417 2073 2442; x_wconf 89' lang='lat' dir='ltr'>cum</span> <span class='ocrx_word' id='word_1_788' title='bbox 2103 2406 2207 2441; x_wconf 87' lang='lat' dir='ltr'>enim</span> <span class='ocrx_word' id='word_1_789' title='bbox 2237 2402 2387 2442; x_wconf 77' lang='lat' dir='ltr'>bonitas</span> 
     </span>
     <span class='ocr_line' id='line_1_104' title="bbox 1255 2455 2387 2509; baseline -0.001 -14"><span class='ocrx_word' id='word_1_790' title='bbox 1255 2457 1388 2495; x_wconf 86' lang='lat' dir='ltr'>diviua</span> <span class='ocrx_word' id='word_1_791' title='bbox 1416 2459 1462 2497; x_wconf 91' lang='lat' dir='ltr'>sit</span> <span class='ocrx_word' id='word_1_792' title='bbox 1489 2458 1642 2498; x_wconf 84' lang='lat' dir='ltr'>infinite</span> <span class='ocrx_word' id='word_1_793' title='bbox 1669 2457 1901 2509; x_wconf 77' lang='lat' dir='ltr'>diligibilis,</span> <span class='ocrx_word' id='word_1_794' title='bbox 1931 2455 2036 2494; x_wconf 90' lang='lat' dir='ltr'>nulla</span> <span class='ocrx_word' id='word_1_795' title='bbox 2066 2465 2238 2495; x_wconf 84' lang='lat' dir='ltr'>creatura</span> <span class='ocrx_word' id='word_1_796' title='bbox 2268 2464 2387 2507; x_wconf 80' lang='lat' dir='ltr'>potest</span> 
     </span>
     <span class='ocr_line' id='line_1_105' title="bbox 1254 2508 2387 2564; baseline -0.001 -15"><span class='ocrx_word' id='word_1_797' title='bbox 1254 2524 1339 2549; x_wconf 89' lang='lat' dir='ltr'>eam</span> <span class='ocrx_word' id='word_1_798' title='bbox 1369 2513 1563 2564; x_wconf 80' lang='lat' dir='ltr'>perfecte,</span> <span class='ocrx_word' id='word_1_799' title='bbox 1593 2526 1658 2551; x_wconf 90' lang='lat' dir='ltr'>seu</span> <span class='ocrx_word' id='word_1_800' title='bbox 1688 2511 1840 2549; x_wconf 90' lang='lat' dir='ltr'>infinite</span> <span class='ocrx_word' id='word_1_801' title='bbox 1867 2508 2054 2561; x_wconf 87' lang='lat' dir='ltr'>diligere.</span> <span class='ocrx_word' id='word_1_802' title='bbox 2101 2509 2173 2548; x_wconf 78' lang='lat' dir='ltr'>S÷d</span> <span class='ocrx_word' id='word_1_803' title='bbox 2205 2521 2248 2546; x_wconf 84' lang='lat' dir='ltr'>ex</span> <span class='ocrx_word' id='word_1_804' title='bbox 2279 2519 2387 2560; x_wconf 85' lang='lat' dir='ltr'>parte</span> 
     </span>
     <span class='ocr_line' id='line_1_106' title="bbox 1248 2562 2386 2618; baseline -0.002 -14"><span class='ocrx_word' id='word_1_805' title='bbox 1248 2565 1444 2618; x_wconf 82' lang='lat' dir='ltr'>diligentis</span> <span class='ocrx_word' id='word_1_806' title='bbox 1472 2575 1561 2605; x_wconf 90' lang='lat' dir='ltr'>tunc</span> <span class='ocrx_word' id='word_1_807' title='bbox 1590 2575 1643 2605; x_wconf 89' lang='lat' dir='ltr'>est</span> <span class='ocrx_word' id='word_1_808' title='bbox 1673 2564 1838 2604; x_wconf 80' lang='lat' dir='ltr'>charitas</span> <span class='ocrx_word' id='word_1_809' title='bbox 1867 2565 2064 2617; x_wconf 79' lang='lat' dir='ltr'>perfecta,</span> <span class='ocrx_word' id='word_1_810' title='bbox 2093 2563 2244 2616; x_wconf 84' lang='lat' dir='ltr'>quando</span> <span class='ocrx_word' id='word_1_811' title='bbox 2258 2562 2386 2615; x_wconf 81' lang='lat' dir='ltr'>diligit</span> 
     </span>
     <span class='ocr_line' id='line_1_107' title="bbox 1251 2616 2385 2673; baseline -0.003 -14"><span class='ocrx_word' id='word_1_812' title='bbox 1251 2628 1397 2659; x_wconf 83' lang='lat' dir='ltr'>tautum</span> <span class='ocrx_word' id='word_1_813' title='bbox 1415 2650 1426 2668; x_wconf 92' lang='lat'>,</span> <span class='ocrx_word' id='word_1_814' title='bbox 1455 2629 1640 2673; x_wconf 86' lang='lat' dir='ltr'>quantum</span> <span class='ocrx_word' id='word_1_815' title='bbox 1671 2627 1818 2671; x_wconf 88' lang='lat' dir='ltr'>potest.</span> <span class='ocrx_word' id='word_1_816' title='bbox 1870 2647 1896 2665; x_wconf 86' lang='lat'>,‚</span> <span class='ocrx_word' id='word_1_817' title='bbox 1926 2617 2040 2664; x_wconf 88' lang='lat' dir='ltr'>Quod</span> <span class='ocrx_word' id='word_1_818' title='bbox 2099 2617 2226 2654; x_wconf 87' lang='lat' dir='ltr'>uidem</span> <span class='ocrx_word' id='word_1_819' title='bbox 2255 2616 2385 2656; x_wconf 79' lang='lat' dir='ltr'>subdit</span> 
     </span>
     <span class='ocr_line' id='line_1_108' title="bbox 1250 2670 2383 2725; baseline -0.002 -14"><span class='ocrx_word' id='word_1_820' title='bbox 1250 2701 1278 2723; x_wconf 86' lang='lat'>,‚</span> <span class='ocrx_word' id='word_1_821' title='bbox 1307 2671 1349 2712; x_wconf 87' lang='lat' dir='ltr'>S.</span> <span class='ocrx_word' id='word_1_822' title='bbox 1379 2673 1551 2724; x_wconf 86' lang='lat' dir='ltr'>Doctor,</span> <span class='ocrx_word' id='word_1_823' title='bbox 1581 2673 1759 2725; x_wconf 75' lang='lat' dir='ltr'>contingit</span> <span class='ocrx_word' id='word_1_824' title='bbox 1788 2670 2019 2723; x_wconf 84' lang='lat' dir='ltr'>tripliciter.</span> <span class='ocrx_word' id='word_1_825' title='bbox 2089 2682 2138 2708; x_wconf 91' lang='lat' dir='ltr'>uo</span> <span class='ocrx_word' id='word_1_826' title='bbox 2166 2670 2278 2708; x_wconf 83' lang='lat' dir='ltr'>modo</span> <span class='ocrx_word' id='word_1_827' title='bbox 2306 2671 2383 2720; x_wconf 84' lang='lat' dir='ltr'>sic,</span> 
     </span>
     <span class='ocr_line' id='line_1_109' title="bbox 1251 2723 2381 2779; baseline -0.003 -14"><span class='ocrx_word' id='word_1_828' title='bbox 1251 2757 1278 2777; x_wconf 93' lang='lat'>„</span> <span class='ocrx_word' id='word_1_829' title='bbox 1307 2727 1409 2779; x_wconf 85' lang='lat' dir='ltr'>quod</span> <span class='ocrx_word' id='word_1_830' title='bbox 1440 2736 1557 2766; x_wconf 86' lang='lat' dir='ltr'>totum</span> <span class='ocrx_word' id='word_1_831' title='bbox 1587 2740 1652 2765; x_wconf 86' lang='lat' dir='ltr'>cor</span> <span class='ocrx_word' id='word_1_832' title='bbox 1683 2725 1849 2763; x_wconf 82' lang='lat' dir='ltr'>hominis</span> <span class='ocrx_word' id='word_1_833' title='bbox 1883 2723 2099 2762; x_wconf 77' lang='lat' dir='ltr'>actualiter</span> <span class='ocrx_word' id='word_1_834' title='bbox 2138 2736 2288 2776; x_wconf 85' lang='lat' dir='ltr'>semper</span> <span class='ocrx_word' id='word_1_835' title='bbox 2323 2724 2381 2762; x_wconf 78' lang='lat' dir='ltr'>fe-</span> 
     </span>
     <span class='ocr_line' id='line_1_110' title="bbox 1248 2776 2382 2830; baseline -0.004 -12"><span class='ocrx_word' id='word_1_836' title='bbox 1248 2810 1276 2830; x_wconf 83' lang='lat'><strong>„</strong></span> <span class='ocrx_word' id='word_1_837' title='bbox 1305 2789 1410 2818; x_wconf 86' lang='lat' dir='ltr'>ratur</span> <span class='ocrx_word' id='word_1_838' title='bbox 1431 2782 1470 2819; x_wconf 90' lang='lat' dir='ltr'>in</span> <span class='ocrx_word' id='word_1_839' title='bbox 1493 2781 1643 2819; x_wconf 87' lang='lat' dir='ltr'>Deum:</span> <span class='ocrx_word' id='word_1_840' title='bbox 1665 2779 1698 2815; x_wconf 75' lang='grc' dir='ltr'><strong>ἃ</strong></span> <span class='ocrx_word' id='word_1_841' title='bbox 1720 2778 1804 2816; x_wconf 76' lang='lat' dir='ltr'>liaec</span> <span class='ocrx_word' id='word_1_842' title='bbox 1826 2786 1876 2816; x_wconf 88' lang='lat' dir='ltr'>est</span> <span class='ocrx_word' id='word_1_843' title='bbox 1897 2778 2084 2830; x_wconf 84' lang='lat' dir='ltr'>perfectio</span> <span class='ocrx_word' id='word_1_844' title='bbox 2103 2776 2296 2816; x_wconf 82' lang='lat' dir='ltr'>charitatis</span> <span class='ocrx_word' id='word_1_845' title='bbox 2310 2791 2382 2830; x_wconf 73' lang='lat' dir='ltr'>pa-</span> 
     </span>
     <span class='ocr_line' id='line_1_111' title="bbox 1248 2829 2381 2885; baseline -0.003 -12"><span class='ocrx_word' id='word_1_846' title='bbox 1248 2865 1277 2885; x_wconf 88' lang='lat'>„</span> <span class='ocrx_word' id='word_1_847' title='bbox 1306 2836 1391 2873; x_wconf 80' lang='lat' dir='ltr'>triae</span> <span class='ocrx_word' id='word_1_848' title='bbox 1409 2865 1419 2883; x_wconf 91' lang='lat'>‚</span> <span class='ocrx_word' id='word_1_849' title='bbox 1464 2847 1553 2885; x_wconf 79' lang='lat' dir='ltr'>quoe</span> <span class='ocrx_word' id='word_1_850' title='bbox 1581 2847 1661 2872; x_wconf 80' lang='lat' dir='ltr'>non</span> <span class='ocrx_word' id='word_1_851' title='bbox 1691 2842 1749 2872; x_wconf 84' lang='lat' dir='ltr'>est</span> <span class='ocrx_word' id='word_1_852' title='bbox 1777 2831 1968 2884; x_wconf 83' lang='lat' dir='ltr'>possiln&#39;lis</span> <span class='ocrx_word' id='word_1_853' title='bbox 1997 2835 2038 2868; x_wconf 85' lang='lat' dir='ltr'>in</span> <span class='ocrx_word' id='word_1_854' title='bbox 2079 2829 2157 2869; x_wconf 75' lang='lat' dir='ltr'>hac</span> <span class='ocrx_word' id='word_1_855' title='bbox 2189 2834 2297 2879; x_wconf 78' lang='lat' dir='ltr'>vita,</span> <span class='ocrx_word' id='word_1_856' title='bbox 2341 2833 2381 2870; x_wconf 90' lang='lat' dir='ltr'>iu</span> 
     </span>
     <span class='ocr_line' id='line_1_112' title="bbox 1249 2884 2377 2940; baseline -0.004 -14"><span class='ocrx_word' id='word_1_857' title='bbox 1249 2919 1278 2940; x_wconf 88' lang='lat'>,‚</span> <span class='ocrx_word' id='word_1_858' title='bbox 1337 2903 1384 2926; x_wconf 86' lang='lat' dir='ltr'>ua</span> <span class='ocrx_word' id='word_1_859' title='bbox 1415 2887 1655 2940; x_wconf 80' lang='lat' dir='ltr'>impossibile</span> <span class='ocrx_word' id='word_1_860' title='bbox 1683 2895 1763 2935; x_wconf 89' lang='lat' dir='ltr'>est,</span> <span class='ocrx_word' id='word_1_861' title='bbox 1807 2895 1959 2938; x_wconf 87' lang='lat' dir='ltr'>propter</span> <span class='ocrx_word' id='word_1_862' title='bbox 1988 2884 2173 2923; x_wconf 79' lang='lat' dir='ltr'>humanae</span> <span class='ocrx_word' id='word_1_863' title='bbox 2202 2886 2292 2924; x_wconf 83' lang='lat' dir='ltr'>vitae</span> <span class='ocrx_word' id='word_1_864' title='bbox 2322 2886 2377 2923; x_wconf 87' lang='lat' dir='ltr'>iu-</span> 
     </span>
     <span class='ocr_line' id='line_1_113' title="bbox 1251 2903 2378 2994; baseline -0.006 -13"><span class='ocrx_word' id='word_1_865' title='bbox 1251 2973 1278 2993; x_wconf 92' lang='lat'><strong>„</strong></span> <span class='ocrx_word' id='word_1_866' title='bbox 1305 2903 1532 2981; x_wconf 49' lang='lat' dir='ltr'>firmitatem</span> <span class='ocrx_word' id='word_1_867' title='bbox 1561 2953 1713 2994; x_wconf 87' lang='lat' dir='ltr'>semper</span> <span class='ocrx_word' id='word_1_868' title='bbox 1740 2948 1830 2981; x_wconf 86' lang='lat' dir='ltr'>actu</span> <span class='ocrx_word' id='word_1_869' title='bbox 1859 2941 2024 2992; x_wconf 84' lang='lat' dir='ltr'>cogitare</span> <span class='ocrx_word' id='word_1_870' title='bbox 2039 2939 2091 2978; x_wconf 82' lang='lat' dir='ltr'>de</span> <span class='ocrx_word' id='word_1_871' title='bbox 2109 2938 2214 2988; x_wconf 85' lang='lat' dir='ltr'>Deo,</span> <span class='ocrx_word' id='word_1_872' title='bbox 2244 2939 2278 2975; x_wconf 78' lang='lat' dir='ltr'>8t</span> <span class='ocrx_word' id='word_1_873' title='bbox 2298 2950 2378 2976; x_wconf 66' lang='lat' dir='ltr'>ino-</span> 
     </span>
    </p>

    <p class='ocr_par' dir='ltr' id='par_1_14' title="bbox 2203 3005 2324 3040">
     <span class='ocr_line' id='line_1_114' title="bbox 2203 3005 2324 3040; baseline 0 0"><span class='ocrx_word' id='word_1_874' title='bbox 2203 3022 2230 3040; x_wconf 76' lang='lat'>„</span> <span class='ocrx_word' id='word_1_875' title='bbox 2259 3005 2324 3030; x_wconf 56' lang='lat' dir='ltr'>ve*</span> 
     </span>
    </p>
   </div>
   <div class='ocr_carea' id='block_1_8' title="bbox 1238 3099 2375 3375">
    <p class='ocr_par' dir='ltr' id='par_1_15' title="bbox 1238 3099 2375 3375">
     <span class='ocr_line' id='line_1_115' title="bbox 1242 3099 2375 3144; baseline -0.011 -3"><span class='ocrx_word' id='word_1_876' title='bbox 1242 3105 1446 3141; x_wconf 82' lang='lat' dir='ltr'>meritorie.</span> <span class='ocrx_word' id='word_1_877' title='bbox 1473 3105 1575 3138; x_wconf 81' lang='lat' dir='ltr'>Mens</span> <span class='ocrx_word' id='word_1_878' title='bbox 1602 3103 1695 3137; x_wconf 85' lang='lat' dir='ltr'>enirn</span> <span class='ocrx_word' id='word_1_879' title='bbox 1721 3101 1871 3136; x_wconf 88' lang='lat' dir='ltr'>Concilii</span> <span class='ocrx_word' id='word_1_880' title='bbox 1898 3101 1989 3144; x_wconf 85' lang='lat' dir='ltr'>fnit,</span> <span class='ocrx_word' id='word_1_881' title='bbox 2012 3099 2190 3135; x_wconf 83' lang='lat' dir='ltr'>destruere</span> <span class='ocrx_word' id='word_1_882' title='bbox 2217 3108 2375 3134; x_wconf 66' lang='lat' dir='ltr'>errorem</span> 
     </span>
     <span class='ocr_line' id='line_1_116' title="bbox 1243 3147 2375 3197; baseline -0.006 -11"><span class='ocrx_word' id='word_1_883' title='bbox 1243 3152 1517 3191; x_wconf 54' lang='lat' dir='ltr'>iuvencorum,</span> <span class='ocrx_word' id='word_1_884' title='bbox 1543 3149 1760 3189; x_wconf 84' lang='lat' dir='ltr'>dicentium,</span> <span class='ocrx_word' id='word_1_885' title='bbox 1786 3160 1852 3182; x_wconf 85' lang='lat' dir='ltr'>nec</span> <span class='ocrx_word' id='word_1_886' title='bbox 1864 3149 1982 3197; x_wconf 74' lang='lat' dir='ltr'>justos</span> <span class='ocrx_word' id='word_1_887' title='bbox 1999 3157 2155 3181; x_wconf 81' lang='lat' dir='ltr'>crescere</span> <span class='ocrx_word' id='word_1_888' title='bbox 2181 3147 2217 3177; x_wconf 85' lang='lat' dir='ltr'>in</span> <span class='ocrx_word' id='word_1_889' title='bbox 2243 3149 2375 3179; x_wconf 83' lang='lat' dir='ltr'>sancti-</span> 
     </span>
     <span class='ocr_line' id='line_1_117' title="bbox 1242 3199 2371 3244; baseline -0.007 -11"><span class='ocrx_word' id='word_1_890' title='bbox 1242 3208 1346 3239; x_wconf 70' lang='lat' dir='ltr'>tate,</span> <span class='ocrx_word' id='word_1_891' title='bbox 1388 3210 1452 3236; x_wconf 71' lang='lat' dir='ltr'>nec</span> <span class='ocrx_word' id='word_1_892' title='bbox 1473 3199 1645 3244; x_wconf 63' lang='lat' dir='ltr'>justorum</span> <span class='ocrx_word' id='word_1_893' title='bbox 1670 3208 1774 3240; x_wconf 75' lang='lat' dir='ltr'>opera</span> <span class='ocrx_word' id='word_1_894' title='bbox 1801 3208 1877 3229; x_wconf 75' lang='lat' dir='ltr'>vere</span> <span class='ocrx_word' id='word_1_895' title='bbox 1899 3199 2022 3228; x_wconf 83' lang='lat' dir='ltr'>mereri</span> <span class='ocrx_word' id='word_1_896' title='bbox 2055 3199 2263 3236; x_wconf 78' lang='lat' dir='ltr'>augmentum</span> <span class='ocrx_word' id='word_1_897' title='bbox 2288 3204 2371 3236; x_wconf 81' lang='lat' dir='ltr'>gm-</span> 
     </span>
     <span class='ocr_line' id='line_1_118' title="bbox 1239 3238 2371 3288; baseline -0.007 -9"><span class='ocrx_word' id='word_1_898' title='bbox 1239 3250 1312 3279; x_wconf 73' lang='lat' dir='ltr'>tiae.</span> <span class='ocrx_word' id='word_1_899' title='bbox 1340 3246 1374 3278; x_wconf 89' lang='lat' dir='ltr'>Si</span> <span class='ocrx_word' id='word_1_900' title='bbox 1402 3245 1478 3288; x_wconf 87' lang='lat' dir='ltr'>quis</span> <span class='ocrx_word' id='word_1_901' title='bbox 1499 3245 1533 3277; x_wconf 91' lang='lat' dir='ltr'>in</span> <span class='ocrx_word' id='word_1_902' title='bbox 1558 3242 1686 3276; x_wconf 77' lang='lat' dir='ltr'>barum</span> <span class='ocrx_word' id='word_1_903' title='bbox 1704 3242 1936 3287; x_wconf 65' lang='lat' dir='ltr'>quaestionum</span> <span class='ocrx_word' id='word_1_904' title='bbox 1956 3238 2151 3273; x_wconf 82' lang='lat' dir='ltr'>vastissimo</span> <span class='ocrx_word' id='word_1_905' title='bbox 2169 3248 2292 3281; x_wconf 72' lang='lat' dir='ltr'>campo</span> <span class='ocrx_word' id='word_1_906' title='bbox 2307 3250 2371 3271; x_wconf 83' lang='lat' dir='ltr'>ex·</span> 
     </span>
     <span class='ocr_line' id='line_1_119' title="bbox 1238 3285 2370 3337; baseline -0.005 -12"><span class='ocrx_word' id='word_1_907' title='bbox 1238 3292 1367 3337; x_wconf 79' lang='lat' dir='ltr'>patiar-i</span> <span class='ocrx_word' id='word_1_908' title='bbox 1396 3291 1507 3335; x_wconf 84' lang='lat' dir='ltr'>cupit,</span> <span class='ocrx_word' id='word_1_909' title='bbox 1534 3288 1636 3322; x_wconf 78' lang='lat' dir='ltr'>adeat</span> <span class='ocrx_word' id='word_1_910' title='bbox 1660 3287 1877 3323; x_wconf 84' lang='lat' dir='ltr'>doctissimos</span> <span class='ocrx_word' id='word_1_911' title='bbox 1906 3286 2097 3331; x_wconf 73' lang='lat' dir='ltr'>Tlieologos</span> <span class='ocrx_word' id='word_1_912' title='bbox 2109 3285 2370 3320; x_wconf 62' lang='lat' dir='ltr'>Salmantica-</span> 
     </span>
     <span class='ocr_line' id='line_1_120' title="bbox 1239 3335 1939 3375; baseline -0.007 -3"><span class='ocrx_word' id='word_1_913' title='bbox 1239 3349 1293 3372; x_wconf 82' lang='lat' dir='ltr'>ses</span> <span class='ocrx_word' id='word_1_914' title='bbox 1317 3338 1355 3372; x_wconf 84' lang='lat' dir='ltr'>in</span> <span class='ocrx_word' id='word_1_915' title='bbox 1381 3337 1503 3375; x_wconf 72' lang='lat' dir='ltr'>&#39;I&#39;ract-</span> <span class='ocrx_word' id='word_1_916' title='bbox 1529 3337 1632 3372; x_wconf 72' lang='lat' dir='ltr'>xlx.</span> <span class='ocrx_word' id='word_1_917' title='bbox 1653 3335 1712 3371; x_wconf 81' lang='lat' dir='ltr'>De</span> <span class='ocrx_word' id='word_1_918' title='bbox 1737 3335 1939 3370; x_wconf 68' lang='lat' dir='ltr'>charitate.</span> 
     </span>
    </p>
   </div>
  </div>
 </body>
</html>
