2570 3745
199 153 255 195 58

128 226 322 267 Arnohius
352 224 561 276 Augustino
589 234 766 272 coaevus,
810 223 924 261 fuisse
961 222 1109 274 aliquos
1138 221 1241 259 Psae-

127 282 376 320 destinatiana
405 276 567 328 fuligine
596 278 756 325 tinctos,
799 278 886 314 satis
915 277 1017 314 clare
1048 277 1170 312 innuit
1201 276 1240 311 in

127 334 268 372 Psalm.
297 329 491 378 (JXLVt.‚
522 329 588 368 ubi
618 339 816 382 postquam
845 328 1059 381 generalem
1076 328 1149 366 Dei
1178 340 1241 366 vo-

129 387 312 423 luntatem
341 384 388 421 de
416 380 535 422 salute
563 385 735 421 omnium
753 383 950 421 hominum
974 382 1159 430 ostendit,
1190 383 1242 419 ita

127 439 278 476 subdit:
298 435 410 475 Nota
424 436 489 474 tibi
505 467 516 485 ,
535 436 843 484 Praetlestc'nrzce,
860 436 961 487 quod
977 436 1110 486 loquor
1130 436 1241 474 &ms

127 492 161 528 ἃ
192 493 230 530 in
259 491 398 529 Psaltn.
419 489 556 529 CVIII.
585 490 717 542 aliqua
746 505 768 527 a
796 504 833 528 se
862 491 1004 541 scripta
1033 490 1146 526 fnisse
1175 488 1239 524 de-

125 545 268 593 clarat,
296 554 451 594 propter
472 543 678 591 haeresim,
709 556 797 593 quoe
827 541 945 589 (licit,
978 541 1111 578 Deum
1140 540 1240 577 allos

123 598 438 651 praedestinasse
466 597 522 636 αεὶ
542 596 852 636 ὒεηελίστίοηθιη
870 625 881 644 ,
910 596 1010 633 alios
1039 592 1095 631 ad
1115 593 1240 630 male-

125 651 339 692 dictionem
356 678 367 690 .

186 719 246 744 12.
277 705 415 757 Resp.,
458 705 599 745 Omnes
637 711 863 741 memoratos
893 709 1062 738 auctores
1091 697 1242 738 nullam

125 760 167 797 in
198 759 269 798 liae
300 772 339 797 re
371 759 506 797 mereri
537 758 676 802 fidem3
706 766 788 795 tum
817 756 908 807 quia
937 767 1012 792 non
1034 752 1242 790 admodum

124 813 249 864 gravis
279 822 331 850 est
359 825 490 850 eornm
520 812 746 854 auctor-itam
776 818 858 846 tum
879 809 969 858 quia
984 819 1041 843 res
1057 813 1242 854 narrant,

124 879 213 918 quae
231 879 318 904 eum
333 863 572 916 gravioribus
588 863 765 901 Historiae
783 861 1038 899 monumentis
1056 867 1218 910 pugnant
1230 888 1241 907 ,

123 919 339 970 cujusmodi
369 933 412 956 ea
440 926 547 964 sunt,
577 929 666 968 quae
696 915 742 951 ad
761 913 1095 951 demonstrandum
1113 941 1124 958 ,
1155 911 1243 948 nul-

124 970 203 1009 lam
236 973 464 1024 Augustini,
506 978 571 1007 aut
599 967 798 1005 Coelestini
836 975 943 1003 aetate
974 965 1090 1003 fuisse
1120 964 1242 1002 haere-

122 1026 194 1063 sim
211 1024 606 1068 Praedestinatianam,
621 1021 794 1072 superius
809 1019 1029 1056 attulimus.
1052 1018 1099 1056 Et
1119 1032 1243 1070 quan-

126 1087 208 1115 tum
239 1079 285 1115 ad
313 1076 541 1128 Prosperum
561 1074 759 1125 Tyronem
789 1073 947 1119 attinet,
977 1071 1151 1110 Norisius
1181 1071 1242 1122 ju-

121 1143 162 1168 re
192 1133 378 1177 miratur,
409 1129 581 1166 homines
610 1127 773 1165 eruditos
807 1127 841 1164 ei
862 1125 1096 1163 confidenter
1125 1123 1242 1163 fidem

124 1184 372 1233 praestitisse3
419 1181 518 1219 Cum
557 1179 665 1218 idem
701 1193 782 1217 non
812 1189 905 1232 tyro
927 1209 938 1228 ,
980 1178 1050 1216 sed
1079 1190 1174 1229 puer
1203 1182 1243 1215 in

124 1236 408 1288 Clarono'ogia,
437 1243 633 1287 appareat
650 1247 663 1271 .·
695 1242 798 1271 totus
827 1237 869 1270 ιή
898 1231 1062 1270 historia
1081 1231 1243 1282 hospes,

122 1304 174 1327 ac
189 1294 370 1328 omnium
387 1320 398 1338 ,
418 1302 507 1340 quoe
522 1289 661 1326 litteris
679 1285 848 1338 prodidit
866 1316 876 1334 ,
897 1288 1243 1336 imperitissimus,-

122 1344 223 1395 quod
255 1342 385 1381 multis
413 1342 539 1380 allatis
569 1339 755 1392 exemplis
785 1341 886 1377 idem
909 1339 1242 1377 Eminentissitnus

120 1406 249 1435 auctor
277 1395 466 1434 ostendit.
498 1395 681 1442 Accedit,
710 1394 812 1446 quod
842 1394 872 1430 si
895 1392 984 1442 huic
1005 1393 1179 1442 scriptori
1196 1392 1242 1429 fi·

121 1450 186 1488 des
217 1449 423 1497 habeatur,
455 1448 688 1500 Augustinus
719 1449 797 1498 ipse
818 1446 973 1483 haeresis
994 1446 1242 1483 Praedestina-

117 1504 235 1541 tianae
266 1512 396 1541 auctor
423 1502 610 1540 dicendus
631 1502 752 1544 forct3
783 1499 1050 1550 inquitenim:
1081 1496 1241 1534 Praede-

119 1559 433 1593 stinatianorum
462 1554 647 1601 haeresis,
676 1565 766 1602 quce
794 1552 846 1588 ab
874 1552 1094 1603 Augustino
1123 1562 1242 1588 acce-

116 1613 220 1658 pisse
249 1608 390 1646 dicitur
418 1610 575 1645 initium
604 1606 691 1646 &cu
709 1635 719 1652 ,
764 1618 840 1642 non
878 1603 929 1642 ab
959 1605 1169 1656 Augustini
1198 1604 1242 1641 li-

120 1661 198 1701 bris
227 1663 337 1701 male
367 1661 596 1708 intellectis,
626 1669 666 1697 ut
686 1657 858 1696 Pitlioeus
887 1671 933 1695 ex
962 1652 1159 1708 Sigeberto
1188 1657 1242 1694 le-

118 1718 173 1766 git
202 1725 332 1754 contra
348 1715 442 1753 Mss.
473 1714 589 1752 fidem
620 1711 751 1764 (Vide
768 1712 946 1750 Labbeus
977 1712 1017 1748 in
1035 1709 1136 1749 Bibl.
1153 1721 1241 1750 nov.

116 1768 238 1816 Μῦς.)
270 1771 359 1819 (ιι).
1050 1784 1052 1787 ’

178 1823 239 1861 15.
269 1823 503 1861 Hincmarus
519 1827 647 1858 autem
664 1849 676 1868 ,
705 1817 926 1870 Sigebertus
942 1847 953 1865 ,
974 1816 1008 1854 ἃ
1024 1817 1241 1855 Genebrar-

120 1875 190 1914 dus
210 1875 421 1929 Scriptores
450 1884 534 1913 sunt
564 1873 814 1920 recentiores,
844 1884 1009 1923 quorum
1041 1871 1144 1923 prior
1161 1870 1241 1909 Sae-

123 1928 203 1967 cul.
227 1929 321 1978 IX„
351 1928 446 1967 alter
475 1927 594 1976 XII.,
624 1926 658 1964 &
690 1926 820 1964 tertius
849 1925 959 1963 XVI.
991 1924 1147 1962 floruit.
1191 1925 1241 1962 Iis

116 1992 258 2035 praeter
286 1983 533 2020 fundamenta
561 1989 699 2020 nostrae
716 1980 980 2032 propositionis
996 1979 1237 2030 antiquiora,

117 2035 152 2071 &
179 2037 356 2075 solidiora
373 2065 384 2083 ,
415 2037 529 2074 etiam
558 2046 753 2087 opponere
781 2045 981 2084 possumus
1009 2031 1102 2069 duos
1131 2040 1237 2070 testes

112 2088 237 2126 multo
272 2091 463 2140 graviores
492 2088 636 2126 Saecul.
658 2087 728 2125 IX.
771 2086 956 2124 Sanctum
986 2083 1235 2123 Prudentium

114 2141 342 2180 Trecensem
361 2171 372 2191 ,
401 2141 436 2178 δε
466 2140 627 2180 Florum
655 2139 885 2178 vscribentem
914 2138 1069 2176 nomine
1097 2137 1235 2176 Eccle-

113 2197 181 2234 siae
211 2196 502 2248 Lugdunensis,
538 2193 682 2246 quibus
710 2192 1049 2231 Praedestinatiana
1079 2191 1233 2230 liaeresis

112 2250 308 2299 incognita
335 2258 434 2288 erat.
463 2248 613 2286 Primus
643 2248 746 2285 enim
775 2247 815 2284 in
846 2245 946 2284 libro
976 2245 1064 2283 adv.
1096 2245 1233 2284 Joann.

115 2301 295 2348 Scotum,
326 2316 391 2340 seu
419 2302 629 2352 Frigenam
658 2315 746 2352 cap.
767 2300 805 2345 4.
836 2301 911 2337 ait:
945 2297 1124 2336 Tertiam
1146 2311 1233 2336 vero

116 2354 301 2393 haeresim
318 2384 329 2402 ,
359 2368 482 2404 quam
503 2353 735 2405 pelagianis
756 2356 1006 2391 contrariam
1027 2354 1206 2391 asseritis
1222 2382 1233 2400 ,

118 2421 198 2458 qua
227 2411 284 2444 ita
313 2406 459 2444 donum
476 2410 621 2459 gratioe
635 2406 900 2457 praedicatur,
931 2416 971 2443 ut
986 2404 1147 2444 libertas
1166 2417 1234 2443 ar-

117 2460 220 2500 biarzt
236 2459 428 2513 funditus
457 2459 699 2512 auferatur,
739 2473 812 2498 nec
842 2461 1030 2512 legimus,
1060 2472 1134 2500 nec
1158 2471 1235 2498 atc-

164 2635 210 2668 (α)
239 2631 327 2674 Quis
366 2630 411 2663 sit
438 2638 560 2664 auctor
596 2629 699 2663 istius
726 2629 918 2669 Chronici,
954 2629 1126 2664 incertum
1152 2639 1203 2664 est
1220 2653 1229 2665 .

119 2677 238 2720 Ipsum
264 2678 376 2721 primo
402 2676 510 2710 edidit
538 2678 660 2710 Petrus
689 2676 842 2709 Pithoeus
861 2697 873 2715 ,
910 2676 1121 2709 contendens
1157 2689 1231 2709 esse

117 2723 308 2765 genuinum
336 2725 369 2755 S.
390 2724 546 2768 Prosperi
566 2724 733 2767 Aquitani
761 2724 884 2755 l'oetinn
901 2743 912 2762 ,
938 2720 999 2755 sed
1024 2723 1136 2755 omnis
1164 2723 1232 2755 cri·

118 2768 271 2800 ticorum
299 2769 400 2802 turba
425 2782 458 2803 se
479 2769 611 2802 Pithoeo
635 2769 822 2814 opposuit3
847 2780 927 2801 cum
952 2769 1067 2813 potius
1081 2769 1237 2813 Semipe-

122 2813 252 2857 lagiani
282 2814 430 2858 alicujus
456 2827 540 2859 opus
566 2814 748 2848 videatur·
776 2813 909 2848 Adi-sis
928 2815 1235 2856 Jos.Antelmium

121 2859 272 2893 Dissert.
290 2860 384 2892 Vlil.
412 2861 445 2894 in
473 2863 506 2893 S.
536 2863 709 2903 Leonem,
741 2862 937 2906 Dupininm
964 2861 1065 2894 Toni.
1087 2862 1146 2894 lV.
1173 2861 1235 2893 Bt-

121 2906 246 2940 blioth.
262 2929 272 2947 ,
297 2906 439 2938 Ceillier
466 2907 566 2940 Tom.
590 2910 685 2942 XIV.
712 2920 787 2953 cap.
811 2919 862 2940 12.
890 2917 957 2942 art.
978 2919 1008 2940 2.
1036 2910 1066 2950 Φ.
1086 2909 1118 2941 8.
1146 2910 1209 2941 &c.

170 2953 216 2991 (b)
241 2952 474 2985 Hinc-marum
510 2954 544 2985 in
581 2952 645 2986 hac
681 2953 831 2988 historia
859 2953 1233 2988 Praedestinatianismi

120 3010 190 3032 non
216 2996 402 3031 admodum
429 2999 535 3031 fnisse
561 3010 734 3034 versatum
750 3023 760 3041 ,
786 3013 827 3034 ex
854 3002 1014 3046 pluribus
1033 3000 1232 3041 errortbiiS,

120 3045 156 3078 in
181 3056 267 3089 quos
295 3045 446 3088 turpiter
472 3045 587 3088 lapsus
614 3054 687 3086 est,
713 3048 908 3081 luculenter
924 3056 1091 3093 apparet.
1121 3048 1236 3081 Primo

118 3091 213 3124 enim
240 3091 370 3125 librum
396 3089 690 3135 llrpognesticon
716 3095 910 3136 Augustino
948 3095 1073 3129 tribuit
1111 3104 1232 3127 contra

118 3148 238 3170 omnes
265 3138 404 3170 critices
431 3138 587 3180 regulas.
615 3137 769 3170 Secundo
795 3141 990 3174 Concilium
1010 3141 1234 3182 Arelatense,

120 3183 156 3216 in
181 3196 251 3227 quo
274 3181 425 3216 Lucidius
453 3181 871 3218 Prae‹lestinavianisin11=n
896 3187 1051 3232 ejurasse
1076 3186 1233 3228 (licitur,

119 3230 335 3263 celebratum
360 3229 467 3263 fuisse
493 3237 592 3274 putat
619 3229 684 3262 sul)
708 3231 741 3262 S.
769 3232 980 3277 Coelestino,
1004 3235 1063 3278 qui
1079 3233 1135 3276 40.
1163 3236 1231 3267 cir-

119 3276 209 3309 citer
233 3277 332 3309 annis
353 3283 461 3309 antea
487 3277 558 3308 vita
582 3276 727 3308 functus
754 3285 855 3309 erat.
882 3276 1002 3315 Tertio
1028 3283 1061 3314 S.
1083 3281 1236 3324 Fulgen-

121 3321 161 3354 tii
188 3323 435 3356 anctoritatem
459 3322 558 3367 parvi
586 3320 782 3355 faciendam
802 3333 873 3354 esse
892 3327 991 3368 vult,
1017 3329 1100 3372 qnia
1119 3329 1153 3359 S.
1168 3330 1236 3360 Ge-

118 3366 227 3403 lasius
253 3380 336 3403 enm
371 3369 464 3403 inter
490 3368 657 3405 Ecclesiae
684 3369 803 3403 Patres
841 3381 908 3402 non
946 3383 1100 3409 recenset
1120 3396 1130 3406 .
1169 3371 1237 3409 Sed

742 142 821 185 DE
858 141 1105 187 GRATIA-
1126 143 1172 185 P.
1204 142 1238 184 Ι.
1271 140 1537 184 DISSERT.
1567 140 1644 182 III.
1678 141 1806 184 CAP.
1835 141 1869 185 Ι.

1310 219 1504 257 dirimas.
1535 219 1641 258 Alter
1669 231 1814 260 autem:
1849 221 1950 271 (ῥᾴω
1976 230 2061 272 est,
2093 224 2219 276 inquit
2248 223 2427 266 adversus

1311 273 1489 310 eumdem
1519 271 1723 324 Erigenam
1753 290 1789 314 c.
1810 274 1848 320 4.
1870 304 1881 322 ,
1922 278 2003 313 ista
2043 277 2222 315 secunda.
2264 276 2432 318 haeresis.

1310 334 1399 364 tarn
1429 329 1635 376 incognita.
1656 357 1667 376 ,
1696 337 1784 366 tam
1814 328 2026 378 inaudita,
2054 344 2143 380 quce
2173 330 2292 369 lzbero
2320 330 2425 370 arbi-

1304 384 1384 417 trio
1413 379 1611 429 denegato
1628 409 1638 425 ‚
1666 383 1785 421 solius
1812 385 1959 434 gratioe
1989 388 2034 420 sit
2050 383 2336 433 proeclicatrix,
2364 389 2425 423 ni·-

1309 436 1341 470 si
1359 462 1369 480 ,
1400 441 1441 468 ut
1470 431 1578 470 nobis
1608 432 1754 471 ridetur
1771 465 1781 484 ,
1811 435 2028 486 disputator
2057 440 2128 474 iste
2156 439 2212 475 vel
2227 439 2273 477 B.
2294 438 2426 490 Augu.-

1306 490 1455 524 stinum
1485 485 1657 522 latenter
1686 492 1800 537 quasi
1828 488 2060 527 haereticum
2089 501 2256 528 accusat
2288 490 2386 543 (ἰὴ.)

1367 539 1428 584 14.
1460 539 1615 575 Auctori
1645 538 1766 587 libri,
1808 543 1873 592 qui
1905 542 2219 581 Praei-testivitates
2249 545 2428 584 inscribi-

1310 601 1403 640 tur,
1445 590 1557 629 nulla
1586 591 1678 629 sides
1707 592 1881 632 habenda
1911 607 1989 643 est;
2031 606 2169 636 constat
2199 598 2302 636 enim
2334 611 2424 636 eum

1310 643 1552 696 pelagianis,
1582 644 1616 681 8<
1645 644 1965 696 Semipelagianis
1993 653 2207 690 consentire
2234 657 2253 700 ‚'
2287 651 2428 702 quibus

1309 698 1476 737 solemne
1506 706 1584 735 erat
1614 696 2035 741 Praedestinatianorum
2067 713 2234 755 portenta
2253 705 2430 755 Augusti-

1310 765 1360 790 no
1375 782 1386 801 ,
1408 750 1567 803 ejusque
1583 751 1827 789 sectatoribus
1843 753 2075 793 calumniose
2095 758 2283 796 tribuere.
2315 756 2438 805 Quod.

1310 815 1437 843 narrat
1466 805 1513 841 de
1541 804 1642 843 libro
1671 805 1740 843 sub
1771 805 1974 856 Augustini
2004 811 2156 847 nomine
2177 811 2356 862 vulgato,
2378 808 2438 848 ἴδει

1311 873 1334 896 a
1362 858 1571 896 Coelestino
1599 859 1829 896 execrationi
1861 859 2011 908 habito,
2050 870 2089 897 ut
2117 866 2430 901 commentitium.

1310 910 1506 963 rejicitur,
1537 925 1626 950 cum
1655 912 1702 949 de
1731 921 1828 950 tanta
1857 913 2056 952 calumnia
2073 913 2288 966 Augustino
2308 918 2433 968 impa—

1309 973 1369 1003 cta
1386 995 1396 1013 ,
1427 976 1508 1003 tuin
1529 965 1632 1017 apud
1647 965 1922 1015 Caelestinum,
1946 976 2033 1004 vtum
2054 969 2157 1019 apud
2178 967 2430 1020 Prosperum,

1310 1018 1344 1054 8:
1374 1017 1573 1057 Hilarium
1603 1021 1805 1071 Augustini
1847 1020 2056 1072 discipulos
2093 1019 2212 1060 altum
2242 1023 2287 1060 sit
2317 1022 2431 1062 silen-

1309 1072 1406 1110 tium
1437 1073 1495 1124 (c)
1514 1097 1525 1110 .

1372 1126 1432 1163 15.
1462 1125 1655 1171 Gennadii
1687 1127 1801 1165 etiam
1830 1127 2033 1166 auctoritas
2063 1125 2134 1167 hac
2163 1128 2203 1167 in
2232 1141 2272 1166 re
2302 1127 2429 1180 pluri·

1311 1177 1382 1217 hus
1410 1179 1456 1216 de
1485 1182 1608 1219 causis
1638 1189 1766 1218 notat.
1797 1178 1935 1219 Primo
1956 1211 1966 1231 ,
1996 1182 2089 1234 quia
2118 1181 2203 1221 haec
2233 1181 2432 1221 Praedesti-

1311 1233 1552 1271 natianorum
1582 1233 1739 1272 haeresis
1783 1235 1822 1272 in
1854 1235 1964 1272 unico
1994 1234 2147 1274 laudato
2175 1235 2304 1274 codice
2335 1234 2430 1275 les·

1312 1287 1530 1335 invenitur,
1560 1288 1600 1326 in
1632 1287 1719 1325 aliis
1749 1286 1880 1325 multis
1909 1289 2106 1328 codic-ibus
2126 1320 2137 1338 ,
2179 1290 2247 1341 qui
2278 1298 2431 1337 extant,

1308 1340 1356 1377 de
1386 1340 1730 1379 l’raedestinatianis
1771 1339 1881 1379 nulla
1917 1350 1971 1378 est
2006 1344 2175 1382 mentio.
2220 1341 2432 1390 Secundo,

1310 1393 1474 1430 dubium
1506 1403 1585 1440 est,
1630 1408 1679 1431 an
1710 1394 1851 1429 additio
1880 1391 1986 1430 illius
2015 1396 2155 1431 codicis
2183 1394 2454 1432 bibliothecae

1312 1444 1550 1483 Victorianae
1579 1447 1624 1483 sit
1655 1459 1743 1482 vere
1773 1446 1996 1494 Gennadii,
2026 1461 2074 1485 an
2105 1446 2261 1485 alterius
2292 1448 2431 1499 ignotae

1310 1511 1474 1545 manus,
1522 1512 1611 1551 quae
1642 1501 1758 1537 etiam
1796 1498 1940 1536 addidit
1970 1509 2098 1551 postea
2140 1499 2237 1538 alias
2267 1500 2429 1539 haereses

1309 1564 1355 1587 ex
1385 1550 1425 1589 S.
1456 1550 1620 1590 Isidoro.
1655 1549 1812 1602 Tertio,
1842 1552 2035 1592 Gennadii
2066 1554 2159 1594 fides
2189 1555 2227 1592 in
2257 1552 2328 1592 hac
2349 1568 2432 1592 ma-

1309 1605 1404 1642 teria
1432 1605 1639 1643 admodum
1669 1614 1842 1656 suspecta
1872 1614 1946 1651 est;
1977 1607 2056 1644 fere
2085 1608 2189 1646 enim
2218 1616 2361 1646 constat
2389 1621 2429 1647 a.-

1311 1658 1390 1709 pud
1420 1659 1587 1695 eruditos
1604 1687 1614 1705 ,
1645 1660 1791 1710 paucis,
1809 1657 2106 1698 reclamantibus
2123 1690 2133 1709 ,
2178 1660 2428 1700 Gennadium.

1309 1710 1630 1763 Semipelagianis
1660 1711 1852 1749 erroribus
1881 1712 1998 1750 fuisse
2035 1727 2108 1752 non
2140 1713 2274 1751 leviter
2303 1727 2432 1766 aspera

1311 1777 1424 1812 sum,
1455 1762 1489 1800 8<
1517 1778 1607 1817 quae
1639 1763 1700 1802 hie
1732 1764 2156 1804 Praedestinatianorum
2186 1767 2361 1818 dogmata
2390 1781 2430 1804 e-

1311 1827 1516 1866 numerat,
1566 1819 1694 1856 omnia
1722 1819 1956 1856 conveniunt
1998 1833 2089 1857 cum
2117 1820 2398 1870 objectionibus
2418 1847 2431 1868 ,

1310 1870 1344 1907 8<
1361 1871 1588 1919 calumniis,
1618 1871 1760 1924 quibus
1775 1870 2032 1911 Massilienses
2046 1872 2259 1910 doctrinam
2291 1873 2331 1911 S.
2349 1873 2429 1911 Au—

1307 1926 1448 1976 gustini
1466 1955 1477 1973 ,
1508 1925 1670 1976 ejusque
1699 1924 1978 1975 discipulorum
2010 1926 2214 1964 notabant.
2258 1926 2428 1975 Confer,

1306 1991 1395 2030 quae
1426 1978 1472 2017 de
1502 1977 1572 2017 hac
1605 1993 1643 2016 re
1675 1978 1819 2016 erudite
1851 1992 1918 2029 pro
1945 1991 2051 2016 more
2080 1993 2148 2017 suo
2177 1978 2426 2018 habetNata·

1305 2029 1352 2069 lis
1384 2030 1600 2070 Alexander
1630 2031 1787 2072 Dissert.
1818 2030 1869 2069 V.
1900 2033 1937 2070 in
1964 2031 2066 2071 Saec.
2097 2031 2148 2071 V.
2178 2031 2292 2085 Prop.
2323 2033 2393 2072 Ill.

1364 2083 1424 2123 16.
1457 2085 1649 2124 Arnobius
1678 2086 1841 2137 denique
1870 2084 2001 2136 junior
2029 2094 2125 2124 totus
2156 2086 2425 2139 inSemipela-

1302 2139 1417 2190 giano
1447 2138 1526 2179 luto
1555 2138 1726 2177 haerebat
1757 2138 1845 2190 (d);
1886 2139 1986 2177 unde
2015 2139 2071 2178 nil
2100 2140 2247 2178 mirum
2267 2169 2279 2189 ,
2322 2141 2425 2193 quod

1300 2192 1509 2244 discipulos
1538 2192 1579 2230 S.
1609 2192 1812 2244 Augustini
1841 2192 1969 2230 odioso
1998 2191 2425 2232 Praedestinatianorum

1300 2247 1458 2284 nomine
1489 2246 1680 2284 infamare
1713 2247 1814 2284 nisus
1847 2247 1989 2292 fuerit3
2037 2261 2126 2285 cum
2159 2247 2261 2285 enim
2295 2247 2425 2299 Augu-

1301 2300 1387 2337 stiui
1410 2329 1421 2347 ,
1469 2300 1591 2337 immo
1620 2299 1805 2338 Ecclesiae
1836 2300 2022 2338 doctrinae
2059 2301 2230 2340 vindices
2259 2299 2420 2339 solerent

1302 2350 1630 2404 semipelagianos
1661 2353 1884 2404 ignominiae
1915 2367 2029 2392 causa
2049 2368 2184 2393 vocare
2205 2352 2394 2405 Ingratos
2412 2369 2424 2402 ;

1303 2406 1364 2444 isti
1394 2415 1526 2444 contra
1547 2436 1558 2452 ,
1604 2415 1642 2444 ut
1672 2420 1741 2459 par
1772 2408 1855 2458 pari
1887 2407 2112 2455 redderent,
2156 2421 2217 2445 eos
2246 2407 2421 2460 appella·

1301 2457 1396 2499 bant
1424 2459 1770 2510 praedestinatos,
1802 2460 1861 2501 vel
1891 2459 2283 2501 Praedescmacmnos
2304 2488 2316 2501 .

2309 2529 2371 2566 17·

1295 2631 1511 2666 Hincmarus
1530 2631 1705 2676 ignorasse
1723 2629 1887 2671 videtur,
1912 2629 2113 2664 Concilium
2127 2630 2230 2664 Rom.
2256 2628 2423 2665 habitum

1300 2679 1364 2711 sub
1383 2679 1523 2711 Gelasio
1549 2680 1653 2712 fnisse
1670 2700 1679 2718 ‚
1705 2687 1893 2722 antequam
1909 2676 2115 2720 Fulgentius
2135 2676 2278 2721 scriptis
2300 2685 2424 2711 contra

1304 2725 1598 2768 Semipel’gianos
1627 2724 1865 2758 inclaruisset.
1893 2723 2046 2756 Demum
2071 2725 2104 2755 δε
2129 2723 2165 2755 ἱη
2191 2735 2231 2755 eo
2256 2723 2392 2757 fallitur
2410 2745 2422 2764 ‚

1304 2769 1396 2814 quod
1424 2772 1591 2804 Sanctum
1618 2771 1817 2808 Hilarium,
1843 2769 1903 2812 qui
1929 2767 1973 2801 ad
2000 2769 2169 2802 Sanctum
2185 2769 2424 2813 Augustinum

1303 2817 1472 2860 scripsit,
1498 2826 1598 2862 putat
1624 2817 1730 2850 fnisse
1756 2812 2069 2860 Archiepiscopum
2096 2815 2338 2849 Arelatensem
2354 2839 2362 2848 .

1349 2868 1396 2902 (c)
1424 2864 1704 2908 Conjectationes
1743 2859 1963 2894 eruditorum
2000 2861 2094 2894 circa
2129 2869 2310 2896 auctorem
2339 2861 2425 2896 libri

1302 2907 1543 2944 Praeclestmati
1572 2909 1637 2952 legi
1664 2915 1806 2952 possunt
1836 2907 1873 2940 L.
1902 2908 1943 2941 ll.
1983 2908 2123 2941 Obsero.
2150 2912 2187 2942 ἰη
2211 2908 2297 2941 hist.
2324 2908 2426 2943 Pela-

1301 2961 1438 3001 gianam
1464 2954 1568 2989 Card.
1596 2954 1724 2987 Norisii
1752 2965 1782 2986 c.
1807 2965 1858 2986 10.
1878 2975 1890 2995 ,
1916 2957 1948 2987 δι
1973 2953 2065 2999 apud
2085 2955 2230 2988 Ceillier
2253 2954 2330 2989 Des
2350 2956 2423 2989 Αιι-

1305 3012 1399 3036 teurs
1427 3002 1568 3035 Eccles.
1596 3001 1638 3034 T.
1657 3000 1752 3034 XlV.
1779 3011 1810 3032 c.
1834 3002 1886 3042 ¹4·
1917 3013 1952 3034 n.
1970 3001 2003 3034 8.
2031 3002 2139 3035 Extat
2165 3002 2271 3035 etiam
2292 3002 2422 3035 Censu-

1303 3063 1342 3082 ra
1368 3048 1512 3081 Martini
1539 3045 1580 3079 (le
1608 3047 1732 3080 Barcos
1760 3047 1793 3079 in
1820 3047 1954 3080 librum
1972 3047 2216 3083 Praedestinatz'
2232 3047 2372 3080 Parisiis
2393 3059 2424 3079 e-

1303 3094 1376 3128 dita
1401 3106 1457 3126 an.
1482 3092 1582 3135 1644.
1600 3114 1610 3132 ,
1637 3094 1670 3125 ἰη
1696 3106 1763 3138 qua
1790 3104 1898 3137 purus
1926 3102 2030 3139 putus
2057 3093 2332 3128 illinsanctoris
2361 3092 2422 3124 Pe-

1303 3140 1531 3185 lagianistnus
1556 3138 1840 3173 demonstratur.
1871 3140 1931 3174 His
1957 3140 2042 3174 adde
2069 3142 2164 3174 Gill).
2191 3139 2424 3184 Mauguinum

1302 3188 1338 3220 in
1364 3185 1607 3219 Praedestinat.
1624 3185 1753 3229 fabul-2
1779 3186 2017 3230 confutatione
2044 3188 2079 3220 P.
2098 3188 2124 3220 l.
2153 3197 2228 3230 cap·
2249 3185 2282 3228 4.

1352 3234 1404 3270 (cl)
1434 3233 1627 3266 Arnobnnn
1655 3233 1785 3265 frustra
1817 3235 1860 3267 al)
1886 3233 2027 3267 haeresis
2053 3233 2337 3277 Semipelagianae
2364 3243 2427 3265 su·.

1303 3279 1457 3324 spicione
1499 3279 1647 3313 liberare
1675 3279 1783 3323 aliqui
1812 3281 1926 3314 conati
1963 3287 2044 3314 sunt
2071 3277 2206 3312 duabus
2237 3279 2420 3324 epistolis,

1303 3337 1380 3370 quae
1407 3325 1441 3358 in
1467 3325 1758 3369 Ephemericlibus
1785 3325 2018 3361 Trewoltianis
2056 3325 2195 3361 insertae
2233 3326 2422 3373 leguntur·

1301 3369 1386 3410 Vid-
1411 3373 1554 3408 Ceillier
1578 3371 1673 3408 laud.
1702 3366 1806 3409 Tom.
1833 3375 1933 3411 XlV.
1959 3383 2034 3419 cap.
2064 3370 2118 3417 14.
