2570 3745
227 153 282 205 74
719 147 799 193 DE
834 148 1065 192 GRATIA
1099 147 1146 191 P.
1177 148 1211 191 1.
1258 144 1521 192 DISSERT.
1555 145 1631 188 111.
1677 144 1804 190 CAP.
1837 145 1916 190 VI.

166 232 271 281 scopi
315 228 492 276 edidere,
536 227 649 267 Card.
686 228 854 268 Noaillio
885 230 1180 281 Archiepiscopo
1209 228 1277 265 Pa-

166 284 312 321 ristensi
332 312 342 330 ,
372 282 405 318 ἃ
435 292 518 319 octo
546 296 636 320 cuni
667 298 708 320 eo
740 283 962 335 Episcopts,
995 282 1156 334 aliisque
1186 295 1277 318 non-

168 335 282 372 nullis
312 336 573 388 nequidquam
595 336 901 389 refragantibus.
944 337 1108 387 Recepta
1138 335 1275 372 simili-

165 396 219 425 ter
250 388 347 436 fuit,
394 389 493 440 Rege
522 399 702 439 urgente,
751 394 785 427 in
816 390 981 427 Sorlwna
1000 419 1009 437 ,
1039 400 1275 440 quamquam

167 454 242 478 non
273 442 350 478 sine
379 444 520 489 turbis,
555 454 703 495 propter
732 458 825 494 quas
855 445 929 479 ‹luo
959 443 1119 491 insignes
1150 439 1275 477 Theo-

163 492 238 545 logi
269 493 418 533 Ludov.
447 495 613 543 Haben,
658 496 689 531 8<
719 497 873 533 Carolus
904 495 1071 531 Witasse
1101 493 1207 529 fuere
1235 494 1276 530 in

165 546 325 585 exilium
357 550 578 586 amandati.
609 550 649 586 ln
681 550 887 587 Academia
909 549 995 584 item
1020 545 1244 583 Lovaniensi
1263 574 1274 592 ,

163 599 198 636 ἃ
229 603 268 638 111
298 601 428 653 Belgio
451 601 665 653 Apostolica
695 601 777 639 haec
798 600 1018 638 constitutio
1045 597 1194 650 publici
1213 597 1273 646 ju-

165 655 218 691 ris
247 655 344 692 facta
375 664 453 692 est.
497 654 544 692 Et
584 656 630 691 ita
662 655 816 707 quidem
846 652 1107 690 obedientium
1138 664 1272 687 nume-

163 720 255 754 rus,
298 709 465 760 quotidie
495 708 730 758 augebatur,
780 716 816 744 ut
853 706 962 744 brevi
991 703 1272 756 tranquillitas,

165 758 198 794 &
230 774 301 810 pax
332 761 515 812 speranda
546 764 664 799 toret.

218 812 283 863 87.
313 814 383 851 Sed
427 823 505 865 post
542 822 700 850 mortem
732 812 915 851 Ludovici
945 809 1054 850 XIV.
1090 823 1124 849 1.
1166 809 1271 862 Sept.

168 868 310 916 1715.,
342 867 449 905 Duce
480 866 739 904 Aurelianensi
769 878 927 916 regnum
958 864 1274 912 administrante,

163 919 442 958 Constitutionis
470 916 590 955 hostes
619 919 742 955 denuo
772 920 869 956 vires
898 931 1120 970 sumpsere,
1149 917 1275 956 &Fa-

164 971 284 1010 cultas
304 972 486 1010 Sorbonae
506 972 542 1008 5.
574 971 669 1009 Dec.
696 971 810 1022 1715.
839 971 989 1010 nullam
1006 1000 1016 1018 ,
1048 972 1275 1024 irritamque

162 1025 368 1063 declaravit
399 1024 521 1062 Bullae
552 1026 851 1076 acceptationem
881 1039 901 1062 a
923 1039 960 1063 se
976 1025 1144 1075 factam,
1177 1034 1274 1064 tam-

161 1091 278 1129 quam
309 1080 367 1125 vi,
404 1087 586 1129 metuque
615 1086 821 1116 extortam:
865 1076 1021 1132 ejusque
1051 1078 1272 1129 exemplum

159 1130 364 1167 admodum
403 1131 514 1169 multi
544 1133 718 1170 omnium
765 1131 844 1169 fere
872 1131 1052 1170 ordinum
1082 1131 1272 1170 Ecclesia-

157 1185 241 1221 stici
270 1184 386 1222 secuti
418 1194 527 1222 sunt.
570 1184 745 1223 Clemens
772 1193 897 1223 autem
929 1184 1000 1222 XI.
1038 1183 1111 1223 hac
1141 1199 1180 1223 re
1209 1199 1274 1222 ve-

157 1235 353 1275 liementer
381 1247 618 1286 commotus,
664 1237 848 1276 Sorbonae
881 1237 1117 1276 Facultatem
1146 1239 1272 1277 omni-

157 1288 229 1327 bus
258 1292 412 1341 gratiis,
462 1291 496 1327 ἀ
529 1290 768 1342 privilegiis,
811 1291 953 1344 quibus
984 1292 1107 1329 fuerat
1144 1306 1166 1330 a
1195 1292 1272 1330 suis

157 1342 502 1382 Praedecessoribus
530 1353 660 1382 ornata
688 1344 798 1382 Brevi
835 1344 895 1382 18.
925 1344 1023 1383 Nov.
1057 1344 1169 1396 1716.
1188 1374 1199 1393 ,
1229 1345 1271 1382 in

155 1409 314 1446 poenam
345 1396 614 1434 inobedientias
647 1398 837 1448 privavit,
867 1397 960 1434 alios
990 1410 1080 1435 vero
1108 1412 1185 1448 qua
1206 1410 1268 1434 ex-

154 1447 460 1498 hortationibus,
491 1464 567 1502 qua
597 1451 711 1487 minis
739 1450 786 1487 ad
806 1449 978 1486 officium
1000 1463 1178 1487 revocare
1193 1458 1270 1487 stu-

156 1500 294 1538 debat.
335 1502 423 1538 Dux
453 1501 566 1539 etiam
596 1500 880 1540 Aurelianensis
907 1502 953 1539 de
982 1516 1076 1554 pace
1105 1503 1144 1540 in
1174 1502 1269 1542 Gal-

153 1553 280 1591 licana
311 1553 483 1592 Ecclesia
499 1553 726 1593 restituenda
741 1554 928 1593 sollicitus
947 1555 1174 1602 videbatur;
1204 1557 1269 1594 sed

153 1609 281 1644 onmia
310 1607 449 1645 frustra
471 1634 481 1646 .
513 1609 635 1646 Immo
665 1622 726 1646 an.
762 1621 877 1660 ¹7¹7·
907 1622 966 1646 res
993 1609 1034 1646 111
1063 1609 1174 1661 pejus
1202 1609 1268 1647 de·

153 1659 299 1698 clinare
319 1662 436 1712 ccepit
453 1686 465 1698 .
494 1661 592 1698 Nam
610 1670 772 1712 quatuor
787 1662 968 1714 Episcopi
986 1691 997 1709 ,
1028 1662 1266 1700 Miradicen-

153 1714 202 1750 sis
221 1742 231 1760 ,
259 1712 492 1761 Senitensis,
523 1713 916 1765 Montispessulanus,
959 1712 994 1750 &
1022 1714 1267 1754 Bononiensis

153 1778 281 1802 coram
312 1764 508 1804 Facultate
524 1766 709 1804 Sorbonae
730 1765 938 1806 solemnem
959 1767 1267 1820 interposuerunt

153 1818 452 1871 appellationem
483 1834 503 1856 a
532 1820 800 1858 Constitutione
834 1819 1070 1872 Unigenitus
1098 1822 1143 1859 ad
1165 1823 1266 1859 futu-

152 1884 240 1909 rum
270 1871 516 1920 Concilium,
546 1874 608 1911 cui
638 1872 885 1925 appellationi
915 1875 1039 1912 statim
1056 1873 1266 1913 Sorbonica

154 1924 334 1963 Facultas
362 1926 521 1963 adhaesit
538 1955 548 1974 ,
579 1940 621 1964 ac
653 1936 780 1977 postea
807 1926 904 1964 bene
933 1926 1046 1965 multi
1068 1928 1264 1980 Episcopi,

155 1979 374 2016 animarum
406 1978 597 2027 l'astores,
629 1979 855 2031 Regulares‚
899 1979 1044 2032 aliique
1074 1979 1266 2019 Ecclesia—

152 2030 262 2079 stici,
311 2045 355 2069 ac
397 2033 547 2070 tandem
590 2034 669 2084 ipse
699 2032 1021 2084 Arcliiepiscopus
1050 2033 1268 2072 Parisiensis

151 2083 265 2122 Card.
308 2084 518 2131 Noaillius;
562 2086 612 2124 ita
654 2093 694 2123 ut
724 2099 782 2124 res
819 2088 859 2124 in
894 2095 1069 2138 apertum
1100 2086 1266 2126 schisma

151 2149 305 2188 vergere
334 2139 550 2177 videretur.

207 2191 273 2229 88.
305 2191 415 2230 Rom.
435 2192 605 2230 Pontifex
628 2193 666 2230 in
694 2207 762 2232 suo
790 2194 980 2246 proposito
1002 2203 1175 2234 constans
1204 2210 1264 2235 an.

158 2242 274 2292 1718.
305 2245 364 2281 die
385 2245 424 2282 8.
454 2245 557 2296 Sept.
587 2246 738 2284 Litteris
766 2247 888 2295 datis,
919 2261 1083 2300 quarum
1116 2248 1185 2287 lioc
1215 2259 1266 2288 est

153 2295 306 2333 initium
330 2296 549 2335 Pastoralis
567 2298 705 2346 officii,
734 2313 863 2339 omnes
883 2300 1102 2353 hujusmodi
1124 2302 1266 2354 Appel-

155 2347 275 2386 lantes
296 2379 306 2397 ,
336 2350 370 2385 81
400 2351 467 2402 qui
497 2350 647 2388 Bullam
684 2351 917 2404 Unigenitus
946 2356 1117 2406 recipere
1145 2356 1266 2394 detre-

152 2402 330 2450 ctabant,
361 2418 382 2440 a
412 2417 504 2451 sua,
543 2403 576 2440 8t
606 2419 628 2442 a
657 2403 838 2442 Romanae
869 2407 1054 2446 Ecclesiae
1083 2408 1266 2447 charitate

154 2454 296 2492 alienos
325 2455 562 2494 declaravit.
593 2457 667 2495 Sed
696 2459 763 2509 qui
792 2473 813 2496 a
833 2460 1105 2500 Constitutione
1132 2463 1266 2516 appel-

151 2507 356 2557 laverunt,
385 2511 498 2547 etiam
527 2509 577 2548 ab
606 2510 688 2548 istis
718 2509 942 2562 Apostolicis
971 2514 1105 2552 litteris
1133 2515 1267 2569 appel—

151 2560 354 2610 laverunt,
384 2577 520 2615 easque
550 2563 698 2615 publici
718 2562 817 2615 juris
844 2564 929 2604 fieri
950 2565 1170 2608 Parisiensis
1197 2570 1265 2609 Se-

151 2625 260 2652 natus
291 2624 408 2654 vetuit
425 2643 435 2654 .

207 2667 272 2718 ὃς).
302 2668 460 2707 Biennio
488 2678 615 2708 autem
645 2679 727 2723 post
756 2672 846 2710 Dux
876 2673 1187 2723 Aurelianensis,
1217 2677 1263 2714 de

154 2720 351 2757 concordia
380 2725 606 2762 restituenda
634 2738 785 2776 semper
815 2727 1001 2777 cogitans,
1022 2725 1025 2728 ’
1044 2727 1182 2766 multos
1212 2729 1265 2767 E-

153 2774 325 2824 piscopos
356 2787 398 2810 eo
425 2775 606 2824 adduxit,
646 2786 684 2815 ut
715 2780 880 2829 quodam
911 2780 1095 2818 doctrinae
1126 2795 1263 2834 corpus

152 2826 329 2872 ederent,
360 2828 460 2864 circa
483 2842 542 2865 eas
561 2829 764 2869 catholicas
784 2833 983 2871 sententias
999 2863 1010 2882 ,
1032 2848 1125 2885 quas
1140 2835 1261 2883 Ques-

151 2877 243 2916 nelli
267 2881 416 2927 patroni
432 2879 624 2921 Pontificis
638 2885 906 2924 Constitutione
927 2885 1148 2926 labefactari
1171 2903 1261 2928 con·

152 2931 406 2983 querebantur
424 2961 434 2978 ,
465 2942 503 2970 ut
533 2935 581 2972 ita
601 2938 822 2976 Constitutio
853 2953 926 2977 una
955 2954 1045 2978 cum
1075 2955 1262 2981 memora-

150 2993 187 3021 to
216 2983 407 3021 doctrinae
435 2998 594 3036 corpore
623 2992 882 3042 reciperetur.
932 2992 1078 3032 Placuit
1115 2996 1194 3032 sere
1221 3009 1261 3033 o-

151 3039 308 3093 mnibus
337 3037 564 3086 consilium,
593 3043 783 3093 imprimis
812 3060 901 3085 vero
929 3047 1042 3086 Card.
1074 3048 1263 3098 Noaillio,

151 3104 261 3141 cnjus
296 3103 411 3142 opera
439 3092 620 3131 doctrina:
664 3108 795 3147 corpus
826 3100 897 3137 fuit
938 3099 1198 3149 elaboratum,
1229 3103 1263 3140 8<

150 3158 171 3182 a
209 3157 294 3181 too.
323 3145 473 3182 circiter
505 3145 704 3198 Episcopis
732 3150 1014 3204 subscriptum.
1058 3154 1264 3194 Verumta-

149 3210 238 3234 men
268 3206 394 3249 postea
422 3208 657 3250 compertum
690 3200 788 3249 fuit,
816 3205 1020 3246 di500rdiag
1051 3207 1120 3247 hoc
1151 3209 1262 3247 modo

196 3327 241 3361 (a)
270 3323 317 3355 Et
343 3331 393 3355 tot
410 3324 562 3366 confixis
577 3345 588 3364 ,
615 3324 729 3369 inquit
744 3326 932 3362 polidorius
959 3333 993 3365 in
1009 3335 1081 3367 vita
1099 3335 1262 3368 Clemen-

145 3369 190 3402 tis
211 3370 273 3404 xl.
295 3383 303 3401 ε
332 3370 513 3414 Quesnelli
537 3376 797 3415 pronunciatis,
823 3379 1007 3418 nonnulla,
1044 3393 1109 3425 «μω
1135 3383 1181 3414 ad
1204 3382 1262 3415 di-

1344 240 1420 265 non
1452 225 1560 271 tolli,
1590 226 1651 264 sed
1677 227 1834 277 augeri.
1872 224 1973 262 Nam
2003 221 2177 263 Pontifici
2205 221 2290 263 haec
2321 225 2456 276 agendi

1343 281 1441 317 ratio
1471 279 1624 330 probari
1654 292 1727 316 non
1757 278 1901 331 potuit,
1940 278 2006 330 qui
2036 291 2203 329 puram,
2248 277 2280 313 8(
2308 278 2458 330 simpli-

1344 345 1427 370 cem
1456 330 1579 368 b'ullae
1610 330 1925 384 subscriptionem
1955 331 2156 383 exigebat.
2194 330 2364 369 Ulterius
2395 343 2459 368 eo-

1344 397 1429 422 rum
1448 413 1458 432 ‚
1488 385 1557 435 qui
1583 383 1891 422 constitutionem
1921 383 2181 437 recipiebant,
2224 384 2346 436 aliqui
2375 386 2459 422 sine

1344 437 1425 474 ulla
1467 450 1618 489 prorsus
1660 436 1915 489 explicatione
1955 451 1993 475 se
2023 437 2223 475 humiliter
2259 437 2457 476 submitte-

1343 491 1462 537 bant,
1492 488 1561 526 alii
1576 490 1763 527 addebant
1782 490 1948 542 primam
1981 491 2276 544 explicationem
2305 491 2372 536 40.
2401 491 2455 530 E·

1344 545 1584 595 piscoporum
1616 543 1757 580 factam
1786 557 1848 580 au.
1876 544 2010 594 ¹7¹4·;
2039 545 2196 597 quidam
2227 555 2337 590 verO,
2367 557 2458 582 cum

1343 609 1483 647 corpus
1512 595 1706 633 doctrinae
1734 597 1969 645 reciperent,
2011 597 2164 636 Bullam
2193 596 2366 634 absolute
2395 609 2454 635 re-

1344 649 1553 701 pudiabant
1570 679 1581 697 ‚
1611 658 1792 701 tanquam
1810 653 1961 696 corpori
1979 649 2168 688 doctrinae
2201 650 2428 688 contrariam
2444 680 2457 700 ,

1342 703 1376 739 &
1405 703 1561 741 omnino
1588 702 1825 754 oppositam.
1865 700 2035 739 Demum
2064 703 2237 742 nonnulli
2266 712 2342 741 tam
2372 715 2459 742 cor-

1341 769 1413 807 pus
1433 755 1623 794 doctrinae
1640 785 1651 803 ,
1671 769 1787 806 quam
1809 752 1962 792 Bullam
1982 755 2151 807 recipere
2171 756 2457 806 detrectabant,

1342 810 1376 846 &
1405 808 1654 862 appellationi
1682 808 1930 860 ‘,interp0sitae
1973 810 2246 847 contumaciter
2288 809 2460 848 adhaere-

1341 862 1460 909 bant3
1489 875 1726 914 quamquam
1748 863 1808 899 isti
1838 862 2016 913 postremi
2038 862 2077 898 in
2107 861 2187 899 dies
2216 875 2365 914 semper
2392 863 2459 901 de-

1341 915 1583 961 crescebant5
1613 916 1647 952 δι
1667 915 1832 966 denique
1854 913 1935 951 hoec
1955 913 2178 952 Constitutio
2206 914 2320 952 tale'm
2338 944 2349 962 ,
2378 923 2462 955 tan-

1340 978 1497 1022 tamque
1538 969 1613 1007 sibi
1643 969 1682 1006 111
1712 967 1886 1006 Ecclesia
1914 968 2172 1005 auctoritatem
2216 967 2461 1018 conciliavit,

1342 1032 1409 1071 ut,
1443 1022 1767 1074 quemadmodum
1798 1021 1923 1073 inquit
1951 1021 2252 1072 sapientissimus
2281 1020 2458 1059 Pontifex

1342 1077 1568 1114 Benedictus
1588 1075 1697 1114 XIV.
1727 1079 1768 1112 in
1790 1073 2018 1125 Encyclica
2038 1073 2094 1111 ad
2113 1073 2330 1126 Episcopos
2361 1074 2462 1112 Gat-

1341 1130 1408 1168 liae
1434 1143 1495 1168 10.
1516 1128 1653 1167 Octob.
1681 1127 1795 1180 1756.
1814 1158 1825 1176 ,
1854 1126 1988 1165 Nemo
2004 1126 2194 1180 fidelium
2223 1131 2343 1179 possit
2371 1127 2462 1166 abs-

1342 1197 1415 1234 que
1442 1183 1583 1221 salutis
1611 1190 1780 1220 oeternae
1809 1180 2062 1229 discrimine,
2091 1194 2119 1219 a
2148 1180 2280 1219 debita
2300 1194 2400 1234 erga
2429 1185 2461 1219 ι’-

1341 1250 1459 1287 psam
1479 1235 1722 1288 subjectione
1741 1248 1784 1274 se
1812 1247 1856 1274 se
1884 1233 2125 1283 subducere,
2154 1243 2227 1273 aut
2253 1233 2383 1274 eidem
2402 1235 2463 1273 ul-

1339 1291 1378 1327 lo
1408 1289 1526 1328 modo
1556 1287 1792 1340 refragari.

1394 1356 1461 1395 90.
1491 1342 1618 1380 Nimis
1647 1341 1805 1393 longum
1835 1349 1960 1388 esset,
2004 1341 2037 1377 &
2074 1357 2096 1379 a
2126 1344 2304 1393 praesenti
2333 1351 2461 1382 nostro

1338 1396 1507 1433 instituto
1526 1393 1717 1441 alienum,
1746 1396 1875 1432 omnia
1897 1394 2060 1441 referre,
2090 1393 2125 1429 &
2154 1396 2340 1442 refutare,
2369 1409 2460 1447 quae

1338 1447 1585 1500 Appellantes
1613 1447 1879 1485 Constitutioni
1914 1446 2148 1499 Unigenitus
2176 1457 2457 1500 opposuerunt5

1337 1501 1492 1540 infinita
1512 1502 1614 1538 enim
1637 1502 1864 1553 scriptorum
1878 1531 1889 1548 ,
1921 1500 2223 1552 libellorumque
2243 1500 2342 1553 legio
2363 1513 2458 1553 quo-

1337 1555 1428 1593 tidie
1457 1553 1704 1606 pullulabat,
1734 1555 1774 1591 in
1804 1554 1948 1606 quibus
1968 1552 2028 1591 vel
2049 1554 2194 1592 eaedem
2212 1584 2224 1603 ,
2254 1553 2315 1592 vel
2345 1567 2458 1594 novae

1336 1607 1579 1645 difficultates
1610 1606 1902 1644 excitabantur.
1946 1606 2078 1644 Unum
2109 1615 2238 1645 tamen
2267 1615 2347 1655 est,
2375 1621 2460 1646 sur-

1335 1661 1392 1698 dis
1408 1660 1566 1697 auribus
1581 1660 1746 1698 minime
1766 1659 2072 1712 praetereundum
2091 1685 2102 1697 .
2118 1659 2228 1697 Nihil
2249 1659 2460 1701 solemnius

1335 1712 1450 1764 liujus
1479 1713 1760 1751 Constitutionis
1789 1711 1987 1760 hostibus,
2029 1726 2145 1764 quam
2176 1712 2349 1766 profiteri
2373 1743 2383 1762 ,
2413 1728 2458 1753 ea

1335 1767 1574 1818 potissimum
1618 1766 1665 1803 de
1706 1779 1820 1803 causa
1853 1766 2167 1803 Constitutionem
2210 1767 2458 1816 serecipere

1335 1819 1458 1867 nolle,
1480 1833 1528 1856 ne
1549 1827 1727 1870 cogantur
1747 1820 1941 1856 tutissimis
1958 1817 2024 1856 SS.
2043 1818 2267 1869 Augustini,
2298 1818 2332 1855 8t
2354 1818 2458 1857 Tho-

1336 1886 1409 1910 mae
1440 1872 1682 1923 dogmatibus
1712 1872 1758 1908 de
1786 1873 1905 1923 gratia
1935 1884 2004 1923 per
2032 1885 2070 1909 se
2089 1901 2099 1919 ,
2136 1871 2170 1907 ἃ
2199 1871 2249 1910 ab
2279 1873 2456 1911 intrinse-

1334 1939 1379 1963 co
1409 1925 1579 1973 efficaci,
1609 1939 1755 1963 necnon
1785 1927 1830 1962 de
1860 1925 2194 1977 praedestinatione
2207 1926 2370 1977 gratuita
2391 1940 2457 1965 va-

1336 1979 1501 2017 ledicere
1517 2004 1528 2016 .
1559 1979 1879 2030 Augustinianam
1893 2008 1904 2026 ,
1920 1977 1954 2014 &
1974 1977 2255 2017 Thomisticam
2276 1978 2457 2018 Scholam

1336 2046 1404 2085 per
1433 2032 1530 2070 latus
1559 2031 1758 2079 Quesnelli
1788 2032 1902 2069 fuisse
1930 2030 2124 2069 confixam
2168 2031 2367 2081 clamant,
2410 2046 2458 2071 ac

1335 2094 1538 2139 propterea
1567 2084 1890 2136 Augustinianos,
1933 2083 1967 2120 8<
1998 2083 2214 2122 Thomistas
2255 2098 2386 2124 omnes
2416 2087 2456 2124 in

1335 2154 1421 2178 suas
1449 2147 1570 2191 partes
1601 2152 1735 2178 vocare
1765 2151 1838 2176 non
1865 2138 2068 2175 desinunt.
2099 2137 2179 2175 Nec
2209 2151 2270 2176 eos
2298 2139 2456 2177 omnino

1335 2192 1471 2231 fefellit
1502 2201 1683 2238 eventus;
1712 2204 1787 2228 non
1819 2193 1932 2243 pauci
1955 2191 2057 2229 enim
2075 2189 2232 2228 hamum
2251 2201 2456 2230 vorarunt.

1335 2245 1551 2286 Accedebat
1578 2245 1832 2297 quorumdam
1864 2244 2190 2296 imprudentiam,
2221 2245 2288 2296 qui
2317 2254 2455 2284 nostrae

1336 2300 1520 2337 doctrinae
1550 2299 1639 2336 odio
1668 2299 1708 2336 iu
1738 2307 1991 2335 transversum
2022 2298 2094 2335 acti
2113 2326 2124 2345 ,
2154 2312 2240 2335 eam
2270 2311 2358 2336 cum
2388 2300 2454 2337 da-

1336 2354 1471 2392 mnatis
1499 2352 1667 2389 Jansenii
1685 2380 1696 2399 ,
1739 2365 1782 2388 ac
1813 2349 2011 2397 Quesnelli
2040 2350 2231 2388 erroribus
2260 2350 2456 2390 involvere

1336 2421 1411 2444 non
1442 2405 1696 2450 verebantur3
1726 2416 1891 2455 quorum
1921 2402 2137 2440 testimonio
2166 2403 2268 2441 dictu
2297 2417 2369 2441 non
2398 2406 2457 2444 fa-

1333 2459 1408 2498 cile
1438 2468 1521 2508 est,
1563 2465 1749 2510 quantum
1789 2456 2221 2495 Anti-Constitutionarii
2258 2458 2361 2509 apud
2398 2459 2456 2497 in-

1333 2522 1462 2552 cautos
1492 2512 1722 2564 proficerent
1743 2536 1755 2548 .

1388 2580 1453 2620 9¹·
1483 2565 1556 2604 Sed
1586 2564 1684 2604 hanc
1714 2564 2020 2603 criminationem
2041 2563 2327 2614 praeoccupavit
2349 2564 2452 2604 idem

1331 2620 1509 2658 Clemens
1538 2619 1607 2657 XI.
1645 2619 1684 2656 in
1713 2616 1825 2656 Bulla
1856 2615 2077 2654 Paszoralz‘s
2117 2614 2236 2663 officii
2277 2630 2313 2655 2.
2343 2616 2451 2670 Sept.

1338 2673 1453 2725 1718.
1485 2673 1551 2710 ubi
1583 2671 1667 2709 haec
1688 2671 1819 2710 habet:
1849 2698 1875 2717 „
1905 2670 2082 2706 Ceterum
2105 2669 2143 2706 in
2165 2667 2234 2707 hoc
2251 2671 2333 2721 ipso
2353 2685 2456 2723 prae-

1334 2756 1361 2776 „
1392 2735 1537 2779 postero
1566 2725 1712 2776 judicio
1747 2730 1968 2761 consuetum
2008 2720 2272 2761 calumniandi
2304 2737 2451 2763 morem

1389 2793 1464 2818 non
1494 2778 1787 2831 derelinquunt:
1816 2775 1890 2813 nisi
1921 2776 2026 2813 enim
2057 2785 2267 2813 excaecaret
2287 2790 2347 2814 eos
2369 2792 2450 2816 ma-

1389 2832 1474 2871 litia
1504 2845 1635 2870 eorum
1654 2861 1664 2878 ,
1694 2843 1738 2867 ac
1767 2829 1838 2866 nisi
1867 2829 1987 2879 magis
2016 2828 2216 2880 diligerent
2244 2830 2421 2869 tenebras
2441 2861 2454 2881 ,

1332 2917 1358 2936 „
1389 2901 1506 2938 quam
1537 2885 1688 2929 lucem,
1720 2883 1891 2932 ignorare
1920 2894 1994 2919 non
2015 2882 2220 2931 deberent,
2251 2886 2453 2923 sententias

1333 2970 1360 2990 ,‚
1390 2939 1504 2986 illas,
1533 2951 1578 2975 ac
1597 2936 1813 2982 doctrinas,
1843 2935 2026 2987 quasipsi
2054 2949 2143 2973 cum
2160 2937 2355 2976 erroribus
2384 2950 2453 2990 per

1333 3023 1360 3043 κ
1389 3006 1456 3030 nos
1484 2989 1670 3028 damnatis
1699 2988 1962 3036 confundunt,
1994 2988 2153 3040 palam,
2184 2989 2380 3037 &libere,
2411 2992 2452 3027 in

1333 3076 1359 3096 „
1389 3043 1584 3082 catholicis
1613 3039 1752 3079 scholis
1782 3043 1894 3079 etiam
1926 3050 2008 3093 post
2039 3043 2180 3080 editam
2203 3043 2345 3081 anobis
2365 3055 2450 3080 me-

1333 3130 1360 3149 „
1388 3104 1573 3135 moratam
1603 3094 1937 3143 Constitutionem,
1969 3095 2040 3134 sub
2068 3096 2188 3134 oculis
2217 3095 2353 3131 nostris
2381 3095 2449 3133 do-

1332 3182 1358 3201 „
1388 3150 1488 3197 ceri,
1517 3157 1630 3200 atque
1659 3148 1836 3196 defendi,
1867 3147 2032 3201 illasque
2061 3157 2257 3201 propterea
2286 3149 2452 3188 minime

1330 3234 1356 3255 „
1385 3215 1453 3255 per
1483 3216 1566 3240 eam
1596 3202 1710 3239 fuisse
1741 3202 1967 3255 proscriptas
1998 3206 2025 3224 ‘⁵
2056 3203 2151 3253 (a).

1333 2810 1359 2829 Ξ,

1332 2864 1359 2883 >2

2327 3269 2394 3309 92.

1330 3334 1438 3366 vinam
1462 3333 1610 3376 gratiam
1634 3333 1807 3371 pertinent
1825 3352 1835 3370 ,
1859 3332 2039 3364 notissimo
2063 3328 2223 3363 Jansenii
2252 3342 2352 3363 sensu
2370 3342 2449 3372 pro·

1331 3382 1500 3422 scripsit,
1537 3382 1591 3422 qui
1617 3376 1688 3410 Dei
1724 3381 1843 3422 gratiae
1876 3379 2117 3412 necessitatem
2153 3381 2314 3416 invexit,
2355 3379 2447 3410 inte-
