2562 3694
710 117 791 161 DE
827 116 1045 162 RELA'I'.
1078 115 1328 162 OPERUM
1362 118 1430 161 IN
1460 119 1634 168 DEUM
1655 152 1667 166 .

51 225 80 254 φ,
106 201 186 242 vita
212 198 417 254 cujuslibet
444 195 599 250 pessimi
628 194 794 236 hominis
825 198 1018 235 iuvenitur
1035 198 1055 213 ‘’
1073 223 1083 236 .
1114 197 1172 236 En

49 268 170 308 opera
196 254 295 294 bona
323 251 493 299 sterilia,
534 264 622 304 quae
654 251 774 302 impio
810 250 908 289 nihil
941 260 1094 303 prosunt
1123 251 1171 289 ad

48 310 168 349 vitam
188 316 369 347 eternam
386 330 398 344 .
428 303 512 342 Non
544 313 670 342 tamen
695 303 866 342 homines
894 306 1078 342 steriliter
1106 303 1169 342 bo-

47 365 91 399 m‘
119 376 199 401 esse
225 367 403 412 possunt3
433 366 498 396 aut
528 359 629 396 enim
658 356 749 408 justi
779 367 866 394 sunt
888 358 963 396 side
982 389 992 407 ‚
1024 358 1056 395 8<
1077 357 1167 396 cha-

49 416 160 454 ritate
186 412 386 460 instructi,
415 420 479 449 aut
509 412 561 449 im
594 411 620 448 ii
651 424 693 447 ea
721 410 910 458 destituti,
941 425 984 449 ac
1015 419 1168 464 peccato

45 466 312 518 coinquinati.
345 464 457 504 Unde
485 464 526 502 S.
587 472 688 501 octor
716 476 755 501 n.
780 477 843 502 22.
874 466 923 501 ita
953 464 1165 502 concludit:

43 516 167 558 Nullo
194 517 313 556 modo
342 521 459 571 igitur
486 515 664 554 homines
692 526 783 554 sunt
824 518 1007 563 steriliter
1043 516 1130 554 honi
1151 532 1166 562 ,-

42 570 116 610 sed
141 574 206 623 qui
233 570 322 609 boni
350 583 432 609 non
460 579 549 608 sunt
578 579 738 621 possunt
766 583 852 609 esse
893 571 963 609 alli
1005 574 1135 609 minus
1153 600 1163 619 ,

43 625 116 663 alii
145 627 280 677 magis
308 623 434 662 mali.

99 678 189 716 155.
218 675 419 729 Objicies.
447 675 490 715 S.
520 676 752 728 Augustinus
781 678 820 715 in
849 677 954 715 laud.
986 677 1073 716 Lib.
1095 675 1163 715 IV.

37 738 171 769 contra
197 729 398 769 Julianum
427 743 463 768 c.
485 729 522 768 5.
552 743 653 782 saepe
682 732 843 782 repetit,
874 731 1045 768 homiues
1074 743 1161 780 pec·

40 795 166 832 care,
193 795 270 822 nou
297 782 421 822 solum
449 783 605 836 quando
633 785 797 822 actiones
826 798 909 822 suas
931 785 1098 822 referunt
1115 783 1161 821 ad

38 835 133 875 fines
162 849 326 889 pravos,
354 836 421 876 sed
449 838 562 875 etiam
583 850 627 874 ex
651 837 720 875 hoc
741 837 1002 876 tantummodo
1018 868 1028 886 ,
1058 837 1161 889 quod

37 890 189 928 easdem
217 890 265 929 ad
294 890 422 929 Deum
452 889 632 928 ultimum
652 899 822 929 nostrum
854 891 971 929 finem
1003 903 1073 928 nou
1104 904 1162 928 re-

37 942 188 982 ferant:
231 972 258 993 „
287 943 476 992 Noveris,
519 947 641 995 inquit
670 957 712 982 n.
735 957 798 983 21.
827 944 1033 982 Iulianum
1063 943 1161 981 allo·

38 1024 67 1046 „
97 1009 242 1048 quens,
271 1009 345 1035 non
372 996 537 1046 officiis,
575 997 638 1036 sed
666 996 809 1036 finibus
837 1013 859 1036 a
890 999 991 1036 vitiis
1019 997 1160 1035 discer-

38 1075 67 1098 „
95 1050 237 1089 nendas
264 1064 341 1089 esse
371 1051 526 1090 virtutes
543 1076 599 1089 ....
640 1051 739 1090 Cum
771 1052 896 1103 itaque
928 1051 1018 1089 facit
1047 1050 1161 1087 homo

34 1130 64 1151 2,
93 1102 269 1156 aliquid,
299 1103 366 1142 ubi
397 1117 554 1156 peccare
583 1116 658 1142 non
689 1105 865 1152 videtur,
908 1105 937 1142 si
968 1117 1043 1142 non
1075 1116 1160 1155 pro-

38 1184 66 1204 „
95 1165 179 1208 pter
207 1156 278 1195 hoc
308 1157 397 1195 facit
415 1187 426 1206 ,
456 1165 609 1209 propter
636 1157 738 1208 quod
759 1158 884 1194 facere
904 1157 1042 1205 debet,
1073 1170 1159 1209 pec-

39 1237 66 1258 „
95 1223 184 1248 care
211 1210 477 1248 convincitur.
506 1206 562 1246 Ec
591 1221 725 1247 rursus
745 1223 759 1247 .·
802 1209 1004 1263 Quidquid
1032 1219 1159 1248 autem

38 1290 66 1310 „
94 1261 184 1300 boni
214 1260 281 1300 fiat
309 1261 359 1299 ab
388 1260 569 1310 homine,
614 1261 648 1298 8<
676 1275 753 1304 non
782 1272 935 1316 propter
964 1263 1035 1302 hoc
1065 1263 1158 1311 fiat,

41 1340 68 1362 „
95 1322 250 1367 propter
277 1314 380 1366 quod
409 1313 495 1352 fieri
523 1313 663 1353 debere
692 1329 781 1354 vera
810 1318 992 1370 sapientia
1022 1318 1160 1368 praeci-

35 1395 63 1415 „
92 1368 173 1420 pit,
203 1367 270 1406 etsi
297 1380 342 1405 ex
361 1366 490 1406 officio
508 1369 682 1407 videatur
701 1369 846 1408 bonum
864 1400 874 1420 ‚
905 1371 986 1422 ipso
1005 1383 1080 1408 non
1102 1384 1160 1408 re-

35 1447 64 1469 „
92 1428 152 1459 cto
180 1419 256 1458 fine
285 1429 484 1473 peccatum
515 1430 567 1460 est
583 1422 620 1461 ”.

93 1472 182 1512 156.
212 1472 323 1526 Resp.
353 1478 508 1525 primo,
538 1474 579 1514 S.
611 1475 812 1514 Doctorem
842 1478 983 1528 saepius
1013 1485 1159 1531 repete-

31 1539 100 1575 re,
143 1525 316 1566 homines
345 1529 482 1581 impios
512 1543 671 1581 peccare
702 1531 815 1568 etiam
860 1531 1017 1581 quando
1041 1545 1157 1582 opera

32 1579 178 1618 faciunt
205 1593 253 1618 ex
280 1580 408 1619 officio
437 1581 564 1631 bona,
608 1584 701 1634 quia
743 1585 954 1635 saepissime
983 1599 1026 1622 ea
1057 1585 1155 1623 refe-

31 1641 123 1671 runt
137 1633 184 1670 ad
199 1633 317 1672 finem
333 1635 681 1685 pravtun;-saltem
710 1637 757 1674 ad
787 1639 940 1675 inanem
970 1637 1156 1689 gloriain;

31 1685 283 1738 quamobrem
313 1686 446 1725 eodem
487 1685 571 1725 loco
599 1687 778 1738 subjicit:
822 1717 848 1735 ‚,
879 1689 1035 1727 Possunt
1067 1704 1156 1741 ergo

34 1767 62 1788 „
92 1738 223 1792 aliqua
251 1739 351 1778 bona
379 1738 464 1777 fieri
481 1768 492 1787 ‚
521 1752 603 1777 ηοη
621 1739 1000 1792 benefacientibus,
1031 1756 1052 1778 a
1073 1744 1159 1793 qui-

33 1820 62 1841 „
91 1791 162 1830 bus
190 1791 314 1830 fiunt.
343 1792 492 1831 Bonum
520 1801 573 1831 est
601 1794 727 1842 enim,
757 1802 797 1831 ut
827 1794 1076 1835 subveniatur
1094 1793 1160 1831 ho-

35 1873 63 1894 „
92 1846 188 1883 mini
219 1844 480 1897 periclitanti,
509 1848 722 1899 praesertim
753 1847 972 1886 innocenti.
1002 1847 1074 1884 Sed
1095 1846 1160 1884 ille

32 1926 61 1947 „
89 1899 158 1951 qui
187 1897 259 1936 hoc
287 1899 409 1947 facit,
451 1903 485 1937 si
526 1899 707 1938 amando
747 1900 920 1952 gloriam
953 1899 1159 1945 hominurn

32 1979 61 2000 „
90 1954 251 2004 magis,
280 1964 404 2003 quam
423 1951 502 1991 Dei
520 1983 531 2002 ,
561 1954 678 2002 facit,
707 1966 782 1991 uon
810 1952 908 1990 bene
936 1952 1078 1990 bonum
1103 1952 1158 1989 fa-

33 2033 62 2054 „
91 2005 170 2054 cit,
198 2005 291 2058 quia.
320 2017 403 2044 non
430 2004 551 2047 bonus
578 2007 700 2056 facit,
728 2006 831 2059 quod
859 2017 933 2045 non
961 2004 1063 2043 bona
1091 2017 1156 2045 vo-

87 2187 135 2225 (a)
164 2184 255 2219 Cum
282 2185 317 2216 S·
333 2181 550 2228 Augustinus
575 2181 692 2225 dicat,
719 2185 824 2218 solum
843 2187 977 2229 impium
995 2195 1064 2219 suae
1083 2196 1162 2218 sen-

33 2231 154 2265 tentiae
173 2228 373 2270 adversari,
398 2230 426 2264 si
443 2238 562 2268 nostra
577 2231 747 2264 sententia
766 2243 806 2265 ea
826 2232 898 2276 ipsa
913 2241 1002 2265 esset
1017 2253 1028 2272 ,
1054 2243 1160 2276 quam

35 2276 72 2309 S.
98 2276 229 2310 Doctor
253 2275 302 2310 ibi
327 2276 484 2315 refutat,
523 2285 727 2320 sequeretur
764 2290 828 2312 nos
862 2289 1000 2323 quoque
1035 2281 1159 2321 impios

35 2332 110 2355 esse
135 2320 356 2367 appellandos
372 2344 384 2363 ‚
407 2333 478 2366 quo
492 2322 666 2367 probroso
691 2325 830 2358 nomine
856 2335 957 2358 nemo
982 2333 1074 2358 certe
1101 2322 1162 2357 ad-

34 2370 272 2407 versariorum
298 2379 359 2401 nos
384 2368 554 2402 infamare
580 2368 741 2404 audebit.

85 2414 132 2454 (b)
159 2410 357 2449 Admodum
383 2413 530 2459 pulchra
555 2423 607 2448 est
645 2427 684 2449 ea
713 2416 852 2461 pictura
879 2416 1053 2450 virtutum
1082 2415 1160 2449 infi-

34 2455 193 2501 delium,
229 2461 349 2506 quam'
371 2472 414 2495 ex
439 2461 609 2495 Cicerone
636 2462 742 2495 refert
771 2464 805 2496 S.
834 2464 1050 2507 Augustinus
1079 2462 1157 2497 Lib·

32 2506 79 2541 V.
105 2505 163 2541 De
188 2507 262 2540 Civ-
289 2506 360 2540 Dei
388 2518 463 2552 cap.
483 2518 539 2540 20.
577 2529 602 2548 „
628 2508 745 2541 Solent
773 2509 970 2554 Philosophi
992 2531 1002 2549 ‚
1030 2509 1089 2553 qui
1118 2508 1159 2541 fi-

30 2568 60 2596 „
84 2565 165 2587 nem
187 2553 270 2588 boni
296 2552 440 2588 humani
468 2555 502 2586 in
529 2554 602 2598 ipsa
622 2555 751 2587 virtute
769 2557 1009 2596 constituunt,
1035 2554 1078 2588 ad
1106 2556 1159 2588 in-

30 2620 63 2641 „
87 2598 278 2644 gerendum
303 2599 471 2645 pudorem
496 2599 708 2645 quibusdam
735 2600 953 2646 Philosophis
968 2623 979 2641 ‚
1004 2602 1066 2646 qui
1085 2602 1158 2634 vir-

34 2666 62 2688 „
85 2653 180 2681 tutes
204 2644 345 2691 quidem
372 2647 544 2692 probant,
583 2645 643 2680 sed
668 2659 725 2680 eas
751 2647 941 2692 voluptatis
967 2648 1157 2692 corporalis

33 2712 64 2734 ‚,
88 2691 156 2726 fine
181 2693 401 2734 metiuntur,
428 2696 459 2726 δι
487 2693 583 2726 illam
602 2704 664 2738 per
682 2694 831 2738 seipsam
849 2702 974 2738 putant
994 2703 1159 2739 appeten-

31 2759 60 2780 „
85 2736 192 2780 dam,
217 2739 302 2773 istas
319 2748 462 2784 propter
481 2740 616 2784 ipsam,
642 2738 800 2774 tabulam
826 2739 1014 2785 quamdam
1043 2741 1158 2774 verbis

32 2804 60 2826 „
84 2782 250 2829 pingere,
276 2785 336 2820 ubi
363 2786 524 2831 voluptas
550 2786 586 2818 in
611 2786 696 2820 sella
722 2787 856 2831 regali,
881 2787 979 2831 quasi
1009 2786 1159 2820 delicata

33 2850 62 2871 „
87 2829 249 2880 quaedam
271 2832 392 2877 regina
416 2830 600 2872 considat3
628 2833 728 2877 eique
747 2833 895 2866 virtutes
915 2834 1054 2866 famnlae
1075 2833 1160 2866 sub-

33 2897 64 2918 „
89 2876 260 2919 Jiciantur
275 2899 287 2919 ,
310 2878 536 2913 observantes
561 2877 637 2924 ejus
656 2888 804 2920 nutum,
830 2888 868 2912 ut
887 2879 1040 2921 saciant,
1063 2877 1159 2923 quod

35 2943 64 2963 „
89 2921 151 2956 illa
176 2922 422 2968 imperaverit:
450 2937 527 2970 quae
553 2924 749 2970 prudentia?
774 2926 919 2970 jubeat,
943 2934 982 2958 ut
1009 2926 1158 2969 vigilan-

35 2989 66 3009 „
92 2977 146 3002 ter
170 2969 351 3014 inquirat,
375 2970 549 3016 quomodo
566 2973 726 3017 voluptas
739 2981 859 3017 regnet
875 2994 887 3013 ,
911 2975 941 3004 δι
967 2973 1063 3005 salva
1091 2973 1157 3004 sit:

33 3035 63 3057 „
87 3013 234 3058 justitiae
259 3015 406 3061 jubeat,
441 3026 480 3051 ut
505 3027 648 3062 praestet
672 3018 839 3052 beneficia
857 3041 867 3059 ‚
903 3030 980 3064 quae
1018 3027 1129 3063 potest
1150 3038 1161 3057 ,

33 3081 62 3103 ῃ
86 3059 130 3093 ad
165 3061 416 3106 comparandas
453 3064 657 3105 amicitias,
693 3065 932 3110 corporalibus
969 3063 1160 3098 commodis

37 3126 66 3146 „
88 3107 320 3141 necessarias:
360 3109 448 3142 nulli
476 3109 581 3143 saciat
616 3110 805 3154 injuriam,
841 3123 883 3144 ne
910 3111 1047 3145 offensis
1075 3110 1162 3155 legi-

35 3172 65 3192 „
87 3149 177 3194 bus,
202 3155 464 3189 vivere'secure
490 3167 557 3190 non
574 3158 708 3200 possit:
735 3157 933 3191 fortitudini
951 3158 1074 3202 jubeat
1089 3178 1100 3197 ‚
1126 3165 1164 3190 ut

37 3218 69 3238 ῃ
95 3196 125 3230 si
149 3197 247 3234 dolor
271 3202 425 3247 corporis
463 3201 654 3242 acciderit,
685 3203 755 3248 ·qui
798 3216 865 3237 non
905 3205 1094 3248 compellat
1129 3204 1164 3235 in

43 3264 71 3286 „
95 3252 275 3288 mortem,
302 3256 415 3281 teneat
441 3245 620 3285 dominam
645 3261 770 3289 suam,
807 3248 897 3283 idest
923 3251 1166 3294 voluptatem,

43 3310 70 3331 ,‚
93 3288 235 3324 fortiter
253 3293 288 3326 in
306 3294 413 3328 animi
435 3295 672 3339 cogitatione,
697 3303 735 3328 ut
761 3306 824 3339 per
850 3296 1080 3341 pristinarum
1105 3293 1166 3329 de-

153 3334 393 3394 Gazzaniga
424 3339 552 3383 Theoi.
582 3341 699 3383 Tom.
718 3340 807 3381 Vn.

2219 141 2301 192 ¹95

1241 228 1267 247 „
1297 197 1439 235 luntate
1471 200 1585 239 facit.
1637 203 1743 241 Absit
1773 206 1875 245 enim
1895 237 1904 255 ‚
1949 213 1988 247 ut
2017 210 2082 259 sit,
2120 213 2177 250 vel
2209 215 2358 254 dicatur

1241 280 1267 300 ‚‚
1298 250 1585 312 fronimus-bona
1604 284 1614 300 ,
1643 270 1731 307 quae
1750 260 1786 296 in
1811 259 1922 308 aliis,
1954 262 2011 300 vel
2046 266 2081 302 in
2102 268 2250 318 seipsa,
2279 281 2356 308 non

1239 334 1265 353 ‚‚
1296 318 1334 342 iu
1364 304 1528 343 Domino
1556 306 1736 356 gloriatur
1754 312 1800 349 '’.
1834 312 1881 350 Et
1911 315 2143 355 coliaerenter
2174 320 2264 357 huic
2292 323 2359 360 do-

1237 358 1371 396 ctrinae
1392 358 1505 398 n.50.
1534 358 1688 398 Juliano
1715 368 1927 414 quaerenti,
1957 373 1988 406 sc'
2012 370 2180 409 Gentilis
2209 374 2360 412 nudum.

1237 415 1408 462 operuit,
1439 412 1655 462 numquid,
1685 421 1778 465 quia.
1808 432 1886 455 non
1915 431 1970 458 est
2001 437 2054 460 ec
2072 425 2184 476 file,
2214 440 2357 476 pecca-

1240 474 1323 501 tum
1355 475 1410 502 est
1429 463 1461 501 ?.
1495 468 1714 518 respondet:
1757 499 1783 517 ‚‚
1815 469 1966 511 Prorsus
1997 477 2033 513 in
2066 490 2253 529 quantuni
2285 493 2360 519 non

1236 547 1262 566 „
1291 528 1342 556 est
1372 532 1416 555 ex
1447 518 1548 567 fide,
1590 531 1787 572 peccatum
1819 534 1898 569 est;
1942 541 2014 564 nou
2043 533 2133 580 quia
2165 546 2230 583 per
2258 547 2295 569 se
2325 534 2357 571 i-

1235 601 1262 620 „
1294 586 1402 622 psum
1435 573 1575 610 sactum
1594 603 1603 620 ,
1634 575 1733 626 quod
1764 584 1817 614 est
1847 578 1990 616 nudum
2019 585 2191 632 operire,
2221 599 2356 636 pocca-

1234 654 1259 673 „
1289 634 1370 662 tum
1402 634 1475 663 est:
1506 625 1575 663 seat
1603 626 1650 664 <le
1679 629 1750 666 talc·
1779 643 1896 680 opere
1917 645 1995 669 ηοη
2017 638 2056 669 ist
2082 634 2252 674 Domino
2271 639 2356 687 glo-

1235 708 1259 725 „
1290 681 1388 715 νέαν-ι’
1406 708 1416 726 ,
1446 679 1548 717 solus
1578 683 1720 729 impius
1741 692 1851 734 negat
1871 697 1948 722 esse
1969 697 2166 736 peccatum
2186 692 2205 704 ''
2223 718 2233 728 .
2267 691 2358 728 Vult

1230 744 1318 783 ergo
1349 746 1505 783 magnus
1535 733 1717 772 Ecclesia:
1752 736 1918 785 Doctor,
1964 740 2046 777 ideo
2088 739 2189 779 bona
2220 744 2355 781 infide-

1231 783 1327 822 lium
1357 798 1472 837 θρα-ιι
1502 800 1578 831 esge
1609 798 1783 838 peccata,
1813 791 1905 842 quia
1937 791 2002 829 illa
2034 806 2105 831 uon
2130 796 2166 831 in
2183 795 2255 832 Dei
2277 797 2355 846 glo-

1230 840 1357 886 riam,
1387 839 1448 876 sed
1481 840 1517 876 in
1544 839 1707 891 gloriani
1739 857 1844 880 suani
1878 846 2070 896 propriam
2104 861 2277 897 perverse
2300 864 2357 886 re-

1230 891 1432 929 feruutur.
1464 894 1518 929 Ac
1546 894 1725 942 demum,
1758 905 1796 933 ut
1827 895 1937 947 plura
1967 899 2043 936 ulia
2072 902 2246 939 omittam
2265 932 2274 949 ‚
2307 904 2358 940 ita

1229 958 1270 982 n.
1292 945 1356 983 32.
1385 944 1561 996 colligit,
1605 947 1780 986 infideles
1808 951 1922 988 etiam
1954 954 1992 989 in
2024 952 2133 991 bouis
2176 955 2358 1007 operibus

1228 1012 1414 1050 peccare,
1444 1000 1536 1051 quia
1565 1014 1607 1037 ea
1625 1031 1635 1048 ‚
1667 1016 1742 1040 non
1760 1002 1863 1041 fideli
1883 1034 1893 1051 ,
1924 1005 2180 1058 sedinfitlelss
2211 1007 2280 1047 hoc
2297 1017 2359 1047 est

1230 1052 1351 1089 stulta
1370 1082 1380 1099 ‚
1409 1051 1458 1091 ὼ
1488 1057 1639 1102 noxia,
1659 1054 1827 1106 ficiunt
1858 1058 2057 1096 voluntate
2084 1061 2150 1109 (ιι)
2168 1087 2178 1098 .

1291 1106 1377 1155 157.
1409 1103 1621 1155 Praeterea,
1650 1108 1727 1145 alii
1758 1111 1871 1148 etiam
1902 1111 1948 1148 de
1977 1126 2089 1150 causa
2120 1127 2205 1150 vere
2226 1113 2266 1152 S.
2288 1114 2359 1153 Pa-

1229 1167 1284 1196 ter
1312 1166 1444 1196 contra
1460 1159 1656 1198 Julianum
1687 1163 1903 1210 asserebat,
1932 1178 2047 1217 opera.
2069 1166 2282 1205 infidelium
2303 1183 2360 1206 es·

1229 1224 1264 1249 se
1296 1221 1447 1263 peccata
1467 1241 1476 1259 ‚
1507 1227 1581 1251 non
1612 1227 1655 1250 ex
1677 1228 1719 1251 eo
1740 1218 1926 1268 praecise,
1955 1221 2048 1271 quia
2072 1221 2122 1258 ad
2142 1221 2267 1259 Deum
2298 1222 2362 1259 ul-

1229 1266 1367 1302 timum
1399 1265 1515 1302 finem
1548 1280 1621 1304 non
1653 1269 1942 1317 referebantur3
1987 1273 2048 1310 scd
2080 1287 2122 1310 ex
2153 1287 2224 1321 e0,
2254 1276 2358 1326 quod

1230 1318 1404 1356 infideles
1435 1320 1473 1356 in
1503 1319 1578 1357 fine
1608 1324 1808 1372 proximo,
1840 1323 1926 1362 licet
1958 1324 2136 1375 honesto,
2167 1329 2360 1378 sistentes,

1229 1373 1411 1409 creaturis
1433 1373 1753 1423 nonuselmnmr,
1784 1376 2124 1428 sedsrtaelnzntur,
2156 1382 2195 1418 in
2224 1383 2363 1420 iisdem

1228 1424 1412 1463 ultimum
1443 1426 1561 1464 finem
1595 1440 1837 1478 reponentes.
1869 1432 2129 1479 Quamobrem
2162 1434 2360 1486 prolixum

1228 1477 1326 1516 illud
1356 1493 1442 1530 cap·
1475 1482 1626 1518 tertium
1662 1482 1881 1533 concludit,
1926 1486 2154 1535 observans,
2201 1518 2227 1536 „
2257 1488 2362 1540 quod

1227 1561 1253 1581 „
1284 1545 1391 1570 amor
1407 1533 1563 1581 mundi,
1593 1548 1669 1586 quo
1686 1537 1848 1588 quisque
1869 1540 2015 1577 amicus
2037 1551 2086 1577 est
2109 1539 2223 1591 liujus
2244 1555 2359 1579 inun-

1228 1615 1255 1634 ‚‚
1280 1585 1350 1632 di,
1394 1599 1469 1623 nou
1499 1594 1551 1624 est
1580 1602 1601 1624 a
1633 1588 1740 1636 Deo,
1785 1604 1969 1643 amorque
2014 1594 2165 1631 fruendi
2196 1595 2358 1647 quibus-

1229 1668 1255 1687 „
1286 1652 1453 1691 cumque
1473 1642 1655 1678 creaturis
1672 1671 1682 1689 ‚
1714 1644 1795 1679 sine
1817 1658 1945 1682 amore
1965 1646 2151 1684 creatoris
2168 1676 2179 1694 ,
2211 1661 2282 1685 non
2305 1655 2360 1686 est

1229 1721 1255 1740 „
1285 1706 1306 1729 a
1338 1691 1441 1729 Deo:
1486 1706 1593 1730 amor
1636 1702 1765 1733 autem
1796 1693 1897 1743 Dei,
1941 1711 2018 1749 quo
2060 1701 2282 1748 pervenitur
2310 1701 2362 1738 ad

1230 1773 1256 1791 „
1288 1744 1444 1790 Deum,
1488 1758 1563 1782 non
1607 1754 1660 1782 est
1703 1749 1778 1782 nisi
1819 1762 1841 1783 a
1872 1748 1954 1785 Deo
1982 1749 2091 1787 Patre
2134 1764 2203 1801 per
2231 1752 2363 1791 Jesuin

1231 1823 1258 1843 „
1287 1794 1509 1843 Christum,
1539 1810 1628 1834 cum
1658 1795 1803 1849 Spiritu
1825 1799 1992 1838 Sancto.
2024 1801 2094 1839 Per
2124 1802 2226 1841 huuc
2256 1818 2362 1843 amo-

1231 1876 1259 1896 „
1288 1861 1368 1885 rem
1389 1849 1575 1885 Creatoris
1605 1849 1701 1886 bene
1724 1851 1888 1901 quisquc
1920 1855 2036 1891 utitur
2067 1856 2178 1894 etiam
2209 1867 2360 1895 creatu-

1228 1928 1255 1946 „
1285 1900 1363 1947 ris,
1409 1900 1488 1936 sine
1526 1899 1597 1937 hoc
1626 1914 1756 1939 amore
1784 1903 1971 1942 Creatoris
1999 1907 2119 1946 nullis
2155 1911 2362 1964 quisquam

1229 1980 1254 2001 ,‚
1284 1951 1383 1989 bene
1413 1952 1531 1990 utitur
1560 1955 1744 1991 creaturis
1776 1954 1832 2005 (b)
1855 1958 1898 1993 ''.

1285 2004 1374 2044 158.
1404 2005 1584 2058 Denique
1615 2005 1648 2043 ἃ
1677 2006 1775 2046 illud
1805 2010 2020 2052 addendum
2051 2022 2135 2065 est,
2177 2016 2278 2068 quod
2308 2015 2356 2056 li-

2246 2077 2305 2108 cet

1231 2204 1256 2226 „
1282 2182 1444 2218 liciarum
1472 2194 1614 2218 suarum
1640 2183 1922 2222 recordationem
1940 2189 2078 2234 mitiget
2098 2191 2280 2236 praesentis
2298 2190 2360 2226 do·

1230 2252 1256 2272 ,‚
1282 2231 1368 2263 loris
1388 2231 1547 2274 aciiieos:
1577 2233 1816 2276 temperantiae
1840 2235 1987 2278 jubeat,
2013 2245 2049 2269 ut
2077 2236 2213 2271 tantum
2239 2239 2358 2282 capiat

1231 2298 1257 2319 „
1283 2278 1553 2318 alimentorum,
1579 2281 1610 2310 δε
1636 2279 1664 2311 si
1690 2291 1766 2323 ‹111ae
1792 2278 1990 2322 delectant,
2029 2293 2070 2315 ne
2097 2295 2157 2328 per
2183 2283 2358 2318 immode-

1231 2344 1257 2364 ,‚
1282 2323 1454 2356 rationem
1482 2325 1627 2357 noxiam
1653 2324 1784 2370 aliquid
1812 2324 2049 2362 valetudinem
2077 2331 2215 2370 turbet,
2240 2334 2273 2362 ἀ
2298 2342 2361 2364 vo-

1230 2391 1257 2410 „
1281 2369 1418 2413 luptas,
1444 2381 1549 2414 quam
1574 2371 1681 2404 etiam
1701 2373 1734 2404 in
1754 2375 1908 2417 corporis
1926 2375 2077 2408 sanitate
2098 2376 2261 2420 Epicurei
2280 2388 2357 2409 ma-

1229 2437 1256 2456 „
1282 2417 1413 2449 ximam
1440 2425 1601 2461 ponunt,
1627 2419 1781 2462 grhviter
1799 2418 2014 2453 offendatur.
2044 2423 2093 2454 lta
2110 2424 2258 2456 virtutes
2277 2433 2359 2455 cum

1229 2484 1254 2503 ,‚
1279 2470 1356 2495 tota
1383 2473 1452 2495 suae
1480 2464 1597 2507 gloriae
1624 2463 1818 2508 dignitate,
1855 2475 2035 2511 tamqnam
2062 2468 2255 2512 imperiosa!
2282 2469 2357 2501 cui-

1229 2530 1255 2548 ‚,
1282 2507 1387 2547 dam,
1422 2511 1454 2540 δι
1483 2509 1671 2543 inhonesta²
1698 2512 1913 2545 mulierculae
1942 2514 2092 2546 servient
2120 2515 2292 2558 voluptati
2312 2517 2356 2545 ''.

1227 2556 1415 2598 Postquam
1442 2566 1525 2588 vero
1549 2554 1663 2596 dixit,
1689 2557 1778 2590 niliil
1805 2558 1871 2592 hac
1897 2560 2036 2603 pictura
2063 2561 2357 2603 ignominiosum,

1232 2604 1264 2633 ἀ
1289 2600 1477 2634 deformius
1503 2613 1576 2634 esse
1600 2613 1722 2646 posse,
1750 2605 1835 2637 bene
1855 2605 2018 2638 observat
2035 2627 2046 2646 ‚
2073 2605 2269 2640 indecoram
2296 2618 2360 2650 pa-

1227 2647 1314 2680 riter
1339 2658 1412 2680 esse
1440 2648 1638 2691 picturam,
1676 2649 1735 2682 ubi
1761 2651 1912 2684 virtutes
1946 2651 2105 2685 humanae
2132 2653 2255 2696 gloriae
2281 2663 2356 2685 scr·

1227 2694 1344 2726 viant.
1372 2715 1397 2733 „
1415 2694 1511 2726 Licet
1539 2694 1632 2726 enirn
1661 2694 1723 2727 ista
1751 2697 1859 2740 gloria
1886 2696 2034 2731 delicata
2055 2699 2183 2731 mulier
2203 2710 2268 2731 non
2287 2699 2356 2738 sit,

1230 2760 1255 2780 „
1281 2739 1402 2773 inflata
1430 2748 1545 2773 tamen
1572 2749 1648 2781 est,
1685 2744 1716 2773 ἀ
1741 2743 1892 2776 multum
1920 2744 2099 2777 inanitatis
2126 2744 2255 2778 hahet:
2293 2756 2358 2777 un-

1227 2806 1254 2826 „
1278 2785 1318 2819 de
1346 2798 1416 2820 non
1441 2787 1471 2818 ei
1498 2785 1600 2830 digne
1638 2789 1744 2821 servit
1779 2787 1935 2822 soliditas
1967 2789 2155 2834 quaedam,
2192 2791 2358 2823 firmitas-

1230 2853 1257 2872 „
1279 2844 1348 2910 {pie
1373 2833 1574 2872 virtutum,
1612 2841 1649 2866 ut
1677 2834 1763 2867 nihil
1790 2835 1982 2880 praevideat
2017 2835 2199 2880 prudentia
2217 2859 2227 2877 ,
2266 2835 2358 2870 nihil

1231 2899 1256 2921 „
1310 2879 1473 2913 istribuat
1496 2878 1659 2923 justitia,
1686 2881 1774 2914 nihil
1803 2882 1925 2914 toleret
1943 2882 2112 2917 fortitudo
2127 2883 2251 2923 „nihil
2270 2890 2357 2916 tem-

1231 2946 1257 2964 „
1282 2927 1438 2969 perantia
1466 2924 1690 2966 moderetur,
1717 2928 1783 2960 nisi
1810 2926 1900 2960 unde
1929 2929 2106 2972 placeatur
2131 2926 2355 2966 hominibus,

1231 2992 1257 3011 „
1283 2974 1313 3002 ἀ
1340 2981 1493 3005 ventosa?
1520 2972 1638 3015 gloriae
1664 2974 1863 3006 serviatur.
1892 2973 1964 3007 Nec
1989 2976 2040 3008 illi
2067 2987 2102 3009 se
2125 2976 2169 3009 ab
2196 2975 2260 3007 ista
2287 2975 2353 3005 {oe-

1231 3038 1257 3058 „
1282 3016 1390 3050 ditate
1416 3017 1659 3057 defenderint,
1687 3020 1747 3063 qui
1775 3031 1853 3052 cum
1879 3020 1991 3053 aliena
2018 3029 2181 3066 spernant
2210 3017 2350 3056 iudicia»

1230 3084 1258 3105 „
1283 3064 1378 3096 velut
1405 3065 1523 3108 gloria·
1551 3072 1833 3109 contemptores,
1875 3066 1942 3099 sibi
1968 3068 2137 3112 sapientes
2164 3063 2348 3102 videntur,

1233 3131 1258 3151 ‚‚
1285 3112 1316 3142 &
1342 3110 1406 3142 sibi
1436 3112 1572 3154 placent
1590 3134 1598 3141 .
1641 3111 1731 3144 Nam
1758 3124 1878 3146 eorum
1904 3113 2042 3152 virtus,
2079 3114 2105 3145 si
2139 3120 2250 3142 tamen
2278 3109 2353 3141 ulls

1233 3178 1260 3196 „
1283 3164 1334 3188 est
1351 3177 1361 3196 ,
1400 3157 1468 3189 alio
1503 3156 1604 3190 motio
1628 3156 1777 3202 quodam
1804 3158 1964 3192 humanae
1989 3157 2148 3191 subditur
2181 3152 2274 3187 laudi
2302 3157 2322 3171 ''
2341 3176 2351 3183 ·

1235 3202 1339 3235 Tales
1364 3211 1488 3242 erant,
1523 3202 1639 3247 judice
1665 3204 1699 3236 S.
1727 3205 1944 3249 Augustino,
1985 3203 2211 3237 Ethnicorum
2238 3201 2351 3232 virtu-

1234 3257 1284 3283 tes
1298 3269 1311 3289 ,
1335 3261 1395 3283 seu
1419 3249 1538 3294 potius
1559 3250 1644 3283 falsa
1664 3250 1837 3284 virtutum
1854 3251 2062 3291 simulacra,
2089 3251 2120 3280 ἃ
2137 3258 2218 3282 vera
2237 3247 2324 3280 vitis.
2339 3266 2349 3276 -

1766 3341 1816 3381 25
