2570 3745
857 108 936 152 DE
971 104 1230 150 GRATIAE
1266 104 1580 148 NECESSIT.

89 226 116 251 „
144 196 271 246 illud,
312 191 458 243 inquit,
487 189 588 242 quod
616 201 817 242 possumus
845 202 933 226 cum
964 188 1110 227 auxilio
1136 189 1195 227 di-

90 283 116 303 „
146 254 252 298 vino,
281 260 356 286 non
385 253 435 282 est
463 243 572 282 nobis
601 244 756 281 omniuo
774 243 1033 292 impossibile,
1064 256 1195 281 secun-

88 335 116 357 „
144 305 235 343 dum
264 299 361 340 illud
392 295 608 349 Philosophi
639 296 709 345 (in
732 296 796 333 iil.
815 295 987 342 Ethic.)·.
1017 309 1106 349 quae
1129 309 1196 349 per

84 379 115 409 ‚·‚
141 357 283 395 arnicos
312 365 530 405 possumus.
561 349 615 387 Et
648 363 682 388 2.
716 363 752 387 2.
782 364 818 400 q.
843 363 878 387 2.
909 349 1043 396 (ιντ.4.
1072 349 1126 388 ati
1163 363 1193 388 t.

87 439 114 462 „
145 408 202 448 Ad
232 406 380 454 multa,
410 408 554 456 inquit,
584 412 730 442 tenetur
761 402 892 450 thO,
923 404 969 442 ad
999 417 1086 456 quae
1118 416 1193 442 non

89 491 116 514 ,‚
145 469 263 515 potest
293 461 375 499 sine
402 460 522 512 gratia
553 466 751 510 reparante
773 487 782 504 ‚
827 458 921 495 sicut
962 457 1006 494 ad
1035 457 1198 509 diligen-

87 545 115 567 „
143 515 236 554 dum
267 514 419 561 Deum,
449 511 483 548 &
514 512 732 564 proximum
753 542 762 555 ,
794 510 826 546 8<
857 511 1033 549 similiter
1051 511 1097 549 ad
1117 524 1200 548 cre-

88 599 117 619 „
145 568 310 608 dentium
339 565 518 605 articulos
547 564 669 610 fidei3
712 565 774 602 sed
814 574 937 603 tamen
977 564 1045 603 hoc
1085 573 1201 617 potest

89 653 118 673 „
144 636 233 662 cum
262 619 408 661 auxilio
422 620 581 672 gratias:
610 619 712 670 quod
728 618 884 671 quidem
904 619 1091 656 auxilium
1114 619 1200 670 qui-

90 706 117 727 „
143 676 306 716 buscum
335 674 519 713 divinitus
556 672 692 720 datur,
738 673 1030 710 misericorditer
1057 672 1168 712 datur
1190 702 1200 719 ,

89 759 115 780 ,‚
143 728 285 783 quibus
312 737 438 766 autem
471 739 542 764 non
573 726 710 772 datur,
740 738 783 762 ex
815 724 959 775 justitia
989 738 1064 764 non
1093 726 1204 764 datur
1242 758 1245 762 .

88 812 116 833 ‚,
145 785 186 822 in
205 797 360 835 poenam
382 779 629 831 praecedentis
645 792 654 822 3
672 786 735 815 aut
756 777 887 817 saltem
903 778 1095 832 originalis
1118 793 1204 832 pec-

89 866 117 886 „
147 837 221 875 cati
251 839 278 859 “
301 862 311 874 .
362 835 463 872 Hinc
492 835 603 871 etiam
641 830 709 868 illa
738 831 898 870 celebris
928 834 967 871 S.
1001 835 1204 884 Augustini

88 891 236 938 oratio,
264 903 340 942 qua
369 888 462 926 adeo
488 885 651 922 offensus
682 884 752 920 fuit
784 884 985 936 Pelagius:
1030 885 1206 925 Domine

90 943 146 982 da
164 974 174 992 ,
204 942 307 994 quod
331 940 470 994 jubes,
500 937 549 978 (J
572 934 666 988 jube
680 936 782 987 quod
810 941 864 975 ιϊς
893 939 1016 989 (Lib.
1034 939 1083 977 V.
1104 939 1204 977 Con-

88 996 188 1088 sess.
204 1011 290 1050 cap.
312 994 402 1040 51.)
420 1018 431 1030 .
462 990 703 1028 Immol)eus
733 990 813 1040 ipse
829 1019 840 1038 ,
872 1000 1070 1043 postquam
1088 994 1205 1031 israe-

78 1042 86 1050 ·
107 1052 168 1090 itis
185 1049 356 1089 mandata
370 1044 498 1090 dedit,
531 1043 728 1081 manifeste
749 1041 979 1095 significavit
994 1074 1003 1091 ‚
1035 1058 1072 1081 se
1093 1047 1207 1083 etiam

89 1105 249 1157 gratiam
277 1113 386 1139 suam
424 1096 586 1146 largiri,
629 1103 669 1134 nt
710 1110 754 1134 ea
783 1095 983 1134 observent
1013 1096 1127 1136 Dent.
1160 1098 1208 1136 V.

89 1167 183 1209 29*
215 1153 312 1206 Quis
340 1152 407 1190 det
435 1150 566 1188 talem
596 1149 682 1188 illos
701 1148 846 1188 habere
867 1159 1044 1188 mentem
1061 1181 1071 1197 ‚
1101 1160 1140 1188 ut
1161 1158 1208 1189 tt·-

88 1216 229 1248 meant
258 1219 351 1255 me,
379 1205 430 1246 <9³
461 1202 685 1242 custodiant
714 1203 917 1241 mandata
947 1217 1041 1242 mea
1059 1203 1084 1240 ?

149 1275 213 1301 21.
243 1261 333 1300 inst.
362 1258 502 1297 Poterit
530 1256 663 1295 saltem
703 1256 816 1295 homo
846 1271 889 1296 ex
920 1259 1086 1310 propriis
1116 1259 1208 1298 viri-

87 1313 159 1355 bus
187 1315 316 1355 Deum
345 1326 481 1361 orare,
524 1311 572 1348 ad
603 1311 892 1361 impetrandum
922 1310 1112 1350 auxilium
1143 1327 1209 1352 ne-

88 1370 324 1412 cessarium3
367 1365 468 1404 unde
509 1365 636 1415 regius
666 1363 804 1403 Psaltes
847 1365 996 1404 dicebat
1041 1367 1080 1404 in
1111 1365 1208 1410 Psal,

89 1420 336 1461 LXXXVH.
366 1418 499 1458 Mane
528 1421 657 1456 oratt'o
687 1431 782 1456 mea
809 1422 1022 1467 praeveniet
1052 1428 1123 1456 te:
1167 1434 1207 1457 a-

86 1474 234 1527 deoque
262 1473 397 1526 poterit
425 1471 559 1512 saltem
588 1470 745 1524 aliquod
776 1472 930 1510 initium
967 1471 1064 1510 boni
1082 1474 1208 1525 operis

91 1542 114 1566 a
142 1541 180 1567 se
208 1527 349 1565 habere
370 1552 381 1566 .

147 1593 210 1620 22.
241 1580 353 1632 Resp.
381 1593 470 1617 curn
500 1578 540 1616 S.
572 1578 671 1629 Aug.
709 1580 808 1629 (ep.
845 1578 933 1630 194.
963 1578 1014 1616 al.
1049 1580 1140 1617 205.
1171 1592 1207 1617 c.

91 1633 194 1683 4.),
224 1663 251 1682 ,,
281 1634 394 1670 etiarn
426 1632 547 1683 ipsam
576 1632 784 1668 orationem
816 1632 911 1668 inter
942 1645 1103 1668 munera
1123 1646 1208 1683 gra-

89 1718 116 1737 „
146 1688 208 1725 tiae
236 1685 428 1738 reperiri.
477 1683 579 1731 Quid
612 1685 714 1721 enirn
758 1697 910 1722 oremus
932 1714 942 1732 ,
988 1686 1039 1722 ait
1071 1685 1210 1722 Doctor

91 1770 118 1790 „
147 1739 315 1793 gentium
358 1736 444 1790 (act
474 1736 590 1775 Rom.
614 1735 724 1775 VIII.
749 1737 843 1785 26.)
864 1768 873 1785 ,
913 1739 1008 1775 sicut
1038 1747 1208 1790 oportet,

94 1823 122 1843 „
150 1793 358 1838 nescimus3
400 1791 464 1829 secl
493 1792 575 1843 ipse
603 1789 772 1842 Spiritus
801 1791 1016 1843 interpellat
1046 1804 1115 1844 pro
1145 1804 1208 1830 no-

47 1891 50 1895 ,
94 1875 122 1896 „
150 1846 210 1885 bis
237 1844 443 1897 gemitibus
472 1843 825 1883 inenarrabilibus.
865 1844 971 1893 Quid
1002 1855 1053 1883 est
1083 1855 1210 1884 autem

92 1929 120 1949 ‚‚
151 1897 395 1951 interpellat,
424 1898 498 1936 nisi
528 1897 775 1950 interpellare
805 1911 868 1937 nos
890 1898 1011 1938 facit?
1042 1897 1151 1937 Hinc
1181 1902 1212 1936 z·-

95 1982 123 2002 ‚‚
151 1951 243 1990 dem
264 1951 483 1990 Psalmista
512 1955 571 1989 ait
600 1955 642 1989 in
663 1951 728 1990 Ps.
749 1950 924 1991 LVIII.:
958 1952 1060 1991 Deus
1082 1967 1212 2001 meus,

96 2035 123 2054 „
156 2005 417 2044 misericordia
444 2003 528 2056 ejus
558 2007 768 2057 praeveniet
798 2019 860 2043 me
888 2009 915 2028 ‘⁵
933 2032 944 2044 .

151 2059 214 2098 25.
244 2058 319 2098 Oh.
338 2072 374 2098 2.
406 2058 606 2111 Apostolus
622 2058 763 2098 Paulus
778 2060 828 2110 fid
846 2059 957 2098 Rom.
976 2060 1024 2099 ΙΙ.
1047 2073 1079 2099 t.
1104 2060 1211 2099 Gen-

94 2119 181 2160 tes,
212 2112 363 2165 inquit,
392 2125 480 2163 qttoe
509 2112 637 2166 Iegem
666 2125 746 2151 non
767 2112 910 2151 habent
928 2144 938 2161 ‚
968 2115 1212 2152 naturaliter

94 2177 146 2203 ea
163 2195 174 2214 ,
203 2178 291 2217 quoe
311 2166 407 2218 legis
427 2174 517 2203 sunt
534 2197 543 2214 ‚
563 2165 730 2218 faciunt
746 2180 760 2204 .·
790 2180 877 2220 ergo
898 2169 978 2206 siue
997 2169 1121 2219 gratia
1143 2181 1213 2220 per

97 2217 216 2255 solam
245 2227 421 2257 naturam
451 2228 604 2271 possunt
639 2221 771 2259 divina
798 2222 975 2260 mandata
1004 2222 1210 2273 adimpleri

98 2271 186 2322 (ita
215 2269 389 2323 Pelagius
419 2271 456 2309 in
477 2273 690 2312 Comment.
720 2274 767 2312 ad
798 2273 898 2312 hunc
929 2275 1054 2313 locum
1074 2306 1084 2321 ‚
1115 2276 1213 2313 acin

95 2324 206 2376 epist.
223 2325 268 2363 ad
286 2325 568 2363 Demetriadem
587 2355 598 2374 ‚
627 2326 660 2363 ἃ
675 2328 873 2366 Cassianus
893 2328 1030 2367 Collat.
1051 2328 1210 2377 Xiii.).

154 2376 219 2421 24.
249 2376 362 2427 Resp.
383 2377 481 2414 Dist.
510 2380 771 2428 naturaliter,
801 2382 894 2420 idest
922 2383 1043 2434 gratia
1070 2383 1211 2434 seposi-

100 2436 139 2466 ta
155 2458 166 2475 ‚
187 2441 308 2480 nego;
338 2429 456 2480 gratia
472 2438 670 2480 reparante
685 2461 696 2479 ‚
711 2431 745 2468 ἃ
765 2435 992 2473 confortante
1013 2443 1209 2484 naturam,

103 2494 212 2520 conc.
244 2482 296 2518 lta
324 2493 368 2517 ex
401 2481 490 2518 licat
519 2481 636 2519 verba
668 2484 832 2535 Apostoli
861 2487 901 2524 S.
924 2487 1091 2526 Thomas
1108 2489 1211 2527 Lect-

99 2535 141 2574 3.
174 2534 213 2571 in
243 2531 345 2571 hunc
374 2495 502 2571 lbeum
521 2563 531 2581 ,
571 2535 771 2587 inquiens:
814 2566 839 2585 „
869 2541 1130 2590 exponendum
1161 2550 1213 2580 est

96 2616 127 2637 ‚,
156 2586 421 2634 naturaliter,
451 2585 550 2624 idest
578 2601 647 2638 per
674 2598 869 2628 naturam
887 2584 1077 2643 gratia.
1089 2594 1211 2644 refor-

96 2669 125 2690 ,‚
155 2648 347 2681 matam.·
390 2639 559 2692 loquitur
602 2643 704 2680 enim
742 2643 788 2681 de
817 2645 990 2695 gentibus
1019 2647 1064 2684 ad
1095 2640 1211 2686 fidem

92 2722 124 2744 2,
155 2694 373 2741 conversis,
401 2707 490 2745 quae
520 2693 667 2732 auxilio
694 2698 825 2743 gratim
846 2696 985 2738 Christi
1015 2710 1210 2752 coeperant

98 2775 129 2798 „
160 2746 321 2787 moralia
348 2746 443 2799 legis
472 2761 648 2789 servare.
693 2749 763 2788 Vel
795 2759 909 2803 potest
938 2752 1012 2792 dici
1041 2763 1209 2794 natura-

94 2934 98 2938 -
147 2918 196 2954 (a)
222 2915 270 2951 lta
284 2916 439 2952 sentiunt
454 2919 658 2954 Ambrosius
673 2943 684 2963 ,
704 2921 850 2969 Prosper
865 2946 874 2964 ,
894 2922 1096 2970 Fulgentius
1110 2947 1120 2966 ‚
1135 2923 1209 2959 Hu-

94 2972 141 3007 go
157 2984 167 3002 ‚
196 2963 411 2998 Lomhardns
427 2986 438 3005 ‚
453 2967 618 3001 Her-veens
634 2990 646 3008 ‚
673 2969 928 3004 Carthusianus
945 2994 954 3010 ‚
973 2973 1100 3016 aliique
1115 2985 1209 3006 eom-

95 3009 214 3053 plures
241 3009 341 3042 latini
367 3011 457 3055 apud
483 3013 621 3047 Estiurn
648 3017 845 3051 Comment.
884 3018 917 3050 in
946 3018 1037 3050 hunc
1064 3019 1176 3051 locum
1199 3042 1206 3050 .

90 3054 145 3089 Ex
174 3056 308 3088 Graecis
347 3066 462 3090 autem
491 3060 524 3091 S.
550 3055 604 3093 Jo.
629 3061 901 3106 Chrysostomus
931 3065 1059 3098 iiomil.
1087 3065 1129 3097 V.
1168 3066 1202 3098 in

89 3102 191 3146 epist.
221 3100 263 3135 atl
291 3103 391 3136 Rom.
420 3103 607 3147 Gentiles,
634 3109 779 3153 inquit,
815 3111 871 3144 hic
896 3114 1048 3156 appellat
1080 3113 1204 3157 (Apo-

88 3148 222 3185 stolus)
251 3160 315 3181 nnn
340 3158 423 3190 eos,
460 3155 515 3195 qni
541 3154 730 3188 idololatrae
755 3165 897 3197 essent,
937 3160 998 3191 sed
1023 3171 1081 3191 eos
1097 3181 1106 3197 ‚
1146 3162 1200 3198 ‹stli

88 3190 197 3248 Deam
221 3197 399 3237 colerent,
423 3202 478 3242 qtn‘
504 3207 624 3233 natura
649 3203 720 3245 legi
744 3214 930 3246 parentes,
955 3208 1110 3247 exceptis
1137 3204 1198 3237 Ju-

90 3239 204 3274 doceis
228 3246 459 3285 caementis,
483 3257 522 3278 ea
547 3254 674 3280 tantum
693 3270 703 3288 ,
729 3263 794 3294 ‹711ae
821 3253 866 3284 ad
881 3255 1043 3294 pietatem
1061 3253 1196 3295 conjer-

89 3293 192 3339 rentt,
221 3288 462 3337 observarent,
499 3294 610 3336 qualis
636 3303 706 3328 erat
735 3296 999 3331 Melchisedech
1026 3311 1097 3332 cnm
1124 3302 1195 3331 suis

87 3331 265 3374 ⁰⁷7⁸⁷¹¹⁶¹¹⁸s
289 3338 399 3378 qualis
423 3346 498 3373 erat
524 3338 588 3373 Joh
603 3361 614 3381 ‚
639 3343 754 3387 quales
780 3353 878 3379 erant
901 3342 1092 3387 Nimim-t,
1117 3358 1196 3390 qua-

2248 124 2300 162 29

1263 215 1290 235 „
1319 184 1431 232 liter,
1462 183 1500 222 id
1529 193 1585 222 est
1614 195 1682 233 per
1712 184 1838 237 legem
1868 186 2128 235 naturalem,
2166 184 2376 222 ostenden-

1265 268 1291 288 „
1321 248 1403 275 tem
1434 241 1516 285 eis,
1546 237 1637 289 quint
1666 242 1714 274 sit
1745 239 1946 289 agentium
2062 239 2109 278 Et
2139 248 2266 277 tamen
2299 251 2375 275 nou

1264 321 1290 341 „
1320 290 1535 329 excluditur
1553 320 1564 338 ‚
1593 291 1688 343 quin
1718 293 1929 328 necessaria
1958 295 2002 330 sit
2024 294 2143 343 gratia
2163 293 2208 330 ad
2227 304 2382 330 moven-

1265 374 1292 394 ‚,
1321 345 1415 382 dum
1445 345 1650 382 affectum:
1693 345 1789 382 sicut
1828 345 1942 381 etiam
1987 360 2052 396 per
2084 347 2206 396 legem
2237 354 2288 383 est
2319 356 2383 382 co-

1265 429 1290 448 „
1319 398 1440 450 guitio
1469 399 1613 449 peccati
1646 400 1716 447 (ut
1746 397 1885 435 dicitur
1908 396 2016 435 Rom.
2041 399 2103 435 ill.
2127 412 2189 436 2ο.
2210 401 2246 447 ),
2277 398 2310 434 ἃ
2328 407 2381 434 ta-

1267 482 1294 502 „
1325 465 1414 489 men
1445 450 1604 488 ulterius
1633 452 1840 502 requiritur
1867 452 1987 502 gratia
2018 451 2063 488 ad
2082 454 2309 489 movendum
2326 451 2383 488 af-

1268 535 1296 555 „
1326 504 1467 542 fectum
1498 508 1553 542 “0
1591 504 1700 542 Hanc
1729 504 1941 542 doctrinam
1973 504 2096 542 hausit
2128 505 2333 556 Angelicus
2363 518 2386 542 a

1267 558 1309 597 S.
1341 558 1498 610 August.
1517 588 1527 606 ‚
1557 559 1623 610 qui
1655 557 1775 596 Libro
1803 557 1850 594 tle
1880 557 2009 608 Spin,
2037 558 2086 598 <9¹
2104 555 2199 594 Lite.
2216 570 2299 608 cap.
2319 572 2385 608 27.

1268 611 1372 651 hunc
1402 611 1573 664 Apostoli
1604 610 1733 650 locum
1763 611 1984 664 explicans:
2029 642 2055 661 „
2086 625 2159 649 nou
2188 612 2287 663 quod
2320 624 2387 661 per

1273 696 1299 716 „
1329 675 1529 714 naturam,
1573 669 1724 717 inquit,
1754 674 1889 717 negata
1919 667 1966 704 sit
1993 666 2140 717 gratia,
2170 663 2231 701 sed
2265 665 2387 713 potius

1274 749 1301 768 ,‚
1330 734 1399 773 per
1427 720 1589 772 gratiam
1620 728 1794 772 reparata
1824 728 1979 757 natura.
2011 717 2065 756 Et
2095 731 2147 756 ex
2164 717 2204 755 S,
2224 716 2388 767 Prospe-

1275 803 1301 822 ‚,
1330 787 1395 822 ro,
1424 778 1489 825 qui
1517 782 1645 812 contra
1674 772 1906 811 Collatorem
1936 785 2026 824 cap.
2054 786 2114 810 ιο.
2144 774 2266 820 iuquit
2284 784 2296 806 .·
2333 770 2387 806 lle

1275 857 1301 875 ‚,
1332 826 1391 865 his
1408 825 1606 879 Apostolus
1627 826 1818 879 loquitur,
1849 828 1888 865 in
1908 839 2072 880 quorum
2089 825 2268 863 cordibus
2285 823 2390 860 Deus

1275 909 1300 928 „
1331 881 1448 931 digito
1476 892 1570 928 suo,
1614 880 1706 918 idest
1735 879 1882 932 Spiritu
1913 881 2051 918 sancto
2086 878 2218 918 scribit
2248 889 2389 915 novum

1275 962 1302 982 „
1331 942 1620 981 tvstamenturri,
1664 943 1702 972 ut
1732 933 1825 986 legis
1864 933 2142 986 plenitudinem
2161 962 2171 980 ,
2214 930 2246 966 &
2275 943 2389 983 opera

1276 1016 1301 1035 ‚‚
1331 987 1524 1026 charitatis
1554 986 1775 1026 naturaliter
1804 997 2066 1040 exequantur,
2097 987 2300 1024 reformata
2321 985 2390 1022 sci·

1278 1068 1306 1087 „
1338 1039 1452 1086 licet,
1482 1050 1737 1094 renovataque
1767 1050 1902 1079 natura
1932 1045 1958 1063 “
1977 1067 1987 1078 .

1335 1093 1398 1129 25.
1429 1093 1508 1131 Nec
1539 1107 1627 1131 vero
1656 1096 1705 1132 ab
1735 1094 1805 1132 hac
1834 1095 2144 1147 interpretatione
2158 1092 2393 1145 amplecten-

1277 1143 1353 1193 da>
1398 1160 1484 1197 quie
1523 1160 1598 1184 non
1627 1146 1748 1185 solum
1780 1147 1837 1186 Ss.
1869 1150 2066 1201 Augustini
2085 1178 2094 1196 ,
2138 1148 2171 1184 ἃ
2201 1148 2221 1184 Ἰ
2240 1147 2363 1183 homae
2382 1175 2392 1192 ,

1278 1198 1342 1235 sed
1372 1198 1545 1249 plurium
1575 1198 1739 1236 aliorum
1769 1199 1827 1238 Ss.
1859 1201 2010 1238 Patrum
2030 1232 2039 1248 ,
2077 1202 2110 1238 δε
2141 1203 2391 1252 interpretum

1279 1261 1330 1288 est
1361 1252 1425 1299 (a)
1443 1282 1453 1299 ,
1497 1265 1560 1290 nos
1604 1251 1810 1290 absterreat
1839 1253 2102 1291 condemnatio
2131 1253 2394 1305 propositionis

1279 1304 1344 1343 25.
1375 1304 1499 1344 Mich.
1530 1304 1639 1357 Baji:
1673 1304 1771 1342 Cum
1793 1305 1956 1355 Pelagio
1985 1310 2157 1344 sentiunt
2177 1335 2187 1352 ‚
2216 1309 2279 1355 qni
2308 1315 2396 1339 tec-

1277 1367 1361 1395 tum
1385 1359 1559 1409 Apostoli
1587 1357 1643 1396 acl
1659 1357 1845 1397 RomJI.
1878 1359 2029 1397 Gentes
2057 1359 2144 1400 &aa
2175 1358 2395 1409 intelligunt

1279 1411 1326 1449 tie
1354 1412 1535 1465 gentibus
1551 1412 1658 1465 fidei
1685 1417 1867 1465 gmtz'am
1897 1427 1978 1451 non
2008 1411 2235 1451 habentibus
2253 1439 2262 1450 .
2305 1412 2396 1447 (Ier-

1277 1474 1359 1503 tum
1389 1475 1441 1504 est
1471 1467 1571 1504 enim
1590 1495 1601 1514 ‚
1640 1465 1829 1505 Romanos
1859 1466 2056 1505 Pontifices
2085 1476 2249 1505 nostram
2281 1466 2395 1504 inter—

1278 1520 1529 1571 pretationem
1560 1529 1607 1558 tot
1627 1519 1853 1558 Sanctorum
1876 1519 2029 1558 Patrum
2048 1550 2058 1569 ‚
2089 1520 2122 1555 ἃ
2144 1520 2311 1558 melioris
2332 1531 2396 1555 no—

1278 1582 1326 1610 tae
1357 1573 1612 1626 interpretum
1642 1573 1831 1625 suffragiis
1873 1574 2138 1612 confirmatam
2158 1604 2168 1622 ‚
2211 1574 2395 1611 damnare

1279 1639 1477 1678 nunquam
1514 1625 1709 1674 voluisse,
1754 1628 1816 1665 sed
1847 1627 1930 1679 Baji
1973 1628 2174 1677 audaciam
2218 1627 2397 1664 duntaxat

1279 1690 1521 1730 compescere
1551 1680 1820 1728 intenderunt,
1863 1682 1931 1733 qui
1972 1677 2089 1719 ‘aliam
2122 1681 2395 1730 interpretatiu-

1280 1745 1367 1769 nem
1397 1730 1582 1770 haereseos
1611 1731 1825 1785 Pelagianae
1863 1736 1952 1790 noth(
1988 1733 2177 1772 infamare
2206 1732 2366 1770 audebat
2385 1761 2395 1778 ,

1281 1784 1439 1823 dicens:
1483 1798 1574 1823 cum
1605 1786 1779 1839 Pelagio
1799 1791 1972 1842 sentiunt
2001 1795 2088 1828 <vc-
2116 1802 2124 1828 ,·
2168 1786 2266 1838 quod
2299 1797 2397 1821 cvm:

1280 1841 1490 1878 temeritate
1519 1853 1593 1878 nou
1613 1849 1748 1890 vacat,
1779 1854 1901 1894 neque
1921 1843 2023 1880 enim
2045 1841 2174 1878 desunt
2195 1840 2316 1892 aliqui
2337 1839 2396 1877 su.

1278 1891 1428 1942 Patres,
1458 1893 1736 1947 &interpretes
1765 1908 1836 1935 non
1867 1895 2052 1947 ignobiles
2070 1925 2080 1943 ‚
2110 1895 2177 1946 qui
2207 1893 2323 1931 verba
2348 1894 2396 1930 A-

1282 1946 1417 1999 postoli
1448 1960 1523 1987 non
1554 1947 1768 2000 intelligunt
1810 1943 1857 1987 de
1892 1950 2069 2000 gentibus
2098 1948 2146 1985 ad
2176 1947 2291 1986 fidem
2324 1960 2398 1984 non

1280 2003 1501 2047 conversis3
1530 2002 1568 2039 in
1600 2016 1644 2040 eo
1673 2010 1799 2041 tamen
1827 2017 1850 2040 a
1879 2001 2031 2054 Pelagio
2060 2001 2398 2054 quamlongissiine

1281 2055 1488 2103 recedunt,
1518 2055 1619 2107 quod
1649 2065 1825 2095 censeant
1855 2065 1978 2107 gentes
2007 2058 2085 2093 sine
2115 2055 2217 2102 fide,
2255 2054 2287 2089 ὅ(
2318 2055 2396 2090 sine

1281 2109 1401 2159 gratia
1430 2121 1502 2145 non
1530 2109 1684 2156 omnia,
1715 2111 1776 2147 sed
1806 2108 1936 2161 aliqua
1966 2109 2145 2146 duntaxat
2175 2106 2266 2157 legis
2296 2120 2396 2158 pra?-

1278 2170 1391 2213 cepta
1420 2175 1608 2208 servasse,
1640 2176 1760 2214 eaque
1787 2170 1971 2214 quantum
2003 2161 2049 2198 ad
2071 2161 2316 2198 substantiam
2339 2174 2396 2196 so-

1281 2214 1364 2252 lum
1389 2245 1399 2264 ,
1430 2215 1462 2252 8(
1492 2215 1622 2253 ordine
1651 2229 1747 2268 pure
1775 2214 1965 2263 naturali,
1995 2228 2070 2254 non
2100 2224 2227 2252 autem
2257 2212 2395 2251 saluts-

1279 2270 1398 2317 riter,
1428 2278 1492 2307 aut
1521 2269 1712 2307 meritorie
1743 2268 1799 2321 (b)
1817 2296 1828 2308 .

1338 2322 1402 2361 26.
1431 2322 1572 2361 Dices.
1602 2322 1802 2375 Apostolus
1831 2321 2000 2374 loquitur
2028 2321 2074 2360 de
2101 2320 2276 2373 gentibus
2305 2334 2393 2373 quae

1279 2375 1404 2428 legem
1434 2389 1506 2415 nou
1537 2375 1754 2423 habebant5
1781 2377 1843 2415 sed
1872 2374 2028 2427 gentiles
2056 2375 2102 2412 ad
2124 2375 2238 2413 fidem
2254 2376 2394 2412 Christi

1280 2431 1452 2468 conversi
1483 2430 1614 2482 utique
1643 2429 1765 2482 legem
1796 2428 2010 2468 habebant:
2053 2441 2140 2479 ergo
2168 2428 2214 2466 de
2245 2430 2289 2467 iis
2318 2442 2393 2467 non

1279 2482 1476 2535 loquitur,
1506 2485 1569 2522 sed
1597 2483 1644 2521 de
1674 2483 1892 2523 Gentilibus
1923 2482 2149 2521 idololatris.

1336 2551 1401 2589 27.
1434 2536 1544 2589 Resp.
1563 2567 1573 2585 ,
1612 2537 1726 2576 fuisse
1755 2536 1963 2588 gentiles,‘
1984 2537 2051 2588 qui
2081 2535 2222 2573 Christi
2253 2534 2390 2571 adven-

1280 2599 1360 2628 turn
1391 2600 1691 2643 praecesserunt,
1720 2591 1815 2640 Job‚
1859 2588 2170 2635 Melchisedech,
2201 2587 2391 2625 Ninivitas

1280 2643 1374 2692 &c.‚
1404 2644 1438 2681 &
1458 2645 1526 2698 qui
1547 2653 1645 2684 certe
1666 2645 1815 2683 nullam
1838 2644 1958 2694 legem
1975 2643 2152 2692 scriptam
2175 2641 2388 2688 habebant,

1280 2711 1324 2735 ea
1352 2707 1508 2747 tamen,
1537 2713 1626 2750 quae
1657 2698 1747 2748 legis
1776 2707 1884 2743 suut,
1913 2695 2068 2733 salutari
2098 2694 2238 2733 Christi
2267 2697 2388 2746 gratia

1275 2751 1399 2804 adjuti
1429 2751 1620 2792 faciebant
1638 2779 1648 2792 .
1678 2751 1864 2790 Praeterea
1893 2749 2006 2787 etiam
2035 2748 2082 2787 de
2110 2747 2195 2787 aliis
2215 2748 2388 2840 gentipus

2285 2817 2303 2840 ἃ

1276 2927 1323 2962 tis
1348 2935 1421 2961 erat
1440 2924 1621 2958 Cornelius
1635 2944 1643 2953 .
1671 2920 1738 2963 Qui
1753 2920 1852 2965 plura
1870 2917 2042 2954 desiderat
2064 2918 2217 2963 inhujus
2236 2918 2284 2952 rei
2304 2929 2380 2951 con-

1277 2975 1530 3010 firmationem,
1558 2969 1656 3002 adeat
1685 2968 1824 3001 Estium
1849 2969 1914 3001 loc.
1942 2967 2000 3001 cit.
2018 2989 2028 3007 ,
2054 2969 2086 2998 &
2112 2966 2193 3009 Nat.
2222 2967 2321 2999 Alex.
2348 2965 2384 2998 in

1276 3022 1359 3053 Srec.
1387 3021 1430 3052 V.
1460 3019 1548 3050 Dios.
1576 3016 1692 3049 XXll.

1319 3068 1364 3105 (h)
1396 3067 1428 3098 S.
1450 3065 1592 3107 Prosper
1611 3070 1718 3095 contr·-
1733 3061 1824 3095 Coll-
1844 3072 1919 3105 cap.
1937 3061 1981 3094 X.
2008 3071 2222 3104 quamquam
2247 3057 2381 3093 ‘lictum

1272 3111 1428 3157 Apostoli
1454 3110 1537 3141 velit
1566 3107 1828 3152 intelligendum
1855 3119 1927 3140 esse
1954 3105 1994 3139 (le
2021 3107 2072 3139 his
2094 3128 2103 3146 ‚
2145 3111 2199 3150 qni
2233 3119 2274 3138 er
2300 3118 2385 3147 prs·

1271 3163 1365 3201 pntio
1393 3164 1468 3190 sunt
1494 3159 1630 3195 vocati,
1656 3154 1758 3188 facile
1786 3163 1901 3187 tamen
1929 3151 2108 3194 concedit,
2146 3153 2252 3185 etiam
2280 3152 2384 3184 intei-

1266 3205 1325 3247 ligi
1354 3215 1450 3247 posse
1477 3203 1520 3235 cte
1545 3203 1674 3235 alienis
1702 3214 1721 3234 a
1747 3204 1861 3245 gratia
1888 3200 2056 3238 Christi,
2094 3200 2152 3243 qui
2196 3199 2312 3242 aliqua
2338 3199 2383 3231 acl

1265 3252 1462 3291 temporalis
1488 3253 1559 3282 vit-e
1583 3250 1770 3282 utilitatem
1794 3249 1840 3281 ‹ul
1854 3248 2118 3280 similitudinem
2145 3247 2376 3279 mandatorum

1263 3297 1426 3340 legalium
1449 3299 1586 3341 proprio
1607 3296 1747 3341 judicio
1776 3295 1976 3328 sanciebant
1993 3315 2000 3324 .
