2562 3694
782 105 864 150 DE
898 102 1214 148 NECESSIT.

71 190 300 239 debuerint,
330 201 447 242 quam
477 186 656 231 virtutes3
685 185 830 224 similes
860 186 906 222 iis
936 184 1136 232 Sodomae,
1166 183 1199 220 St

74 245 305 284 Gomorrhae
335 240 524 281 fructibus
542 270 552 287 ‚
581 240 648 292 qui
682 241 720 278 in
749 241 923 277 exteriori
946 240 1085 277 cortice
1116 236 1200 290 pul·

75 297 188 348 chri,
218 298 316 336 intus
344 295 488 333 noninisi
509 296 677 332 cinerem
693 292 908 332 habebant.
936 292 1201 340 Quamobrem

76 351 248 404 apposite
272 347 452 387 Julianus
481 347 675 386 l‘omerius
717 362 784 386 nos
828 356 953 384 monet
986 345 1073 384 Lib.
1095 344 1201 382 Vlll.

73 404 126 444 de
152 407 232 441 vim
247 401 460 452 contempl.
477 416 563 453 cap.
590 415 622 440 i.
640 430 665 447 „
688 410 726 437 ut
756 400 978 439 infidelibus
995 397 1088 436 nihil
1113 411 1201 449 pro-

77 485 106 506 „
135 455 251 495 fuisse
279 455 480 493 credamus
499 485 508 502 ‚
547 456 696 493 etiamsi
728 464 812 492 sunt
844 453 992 505 aliquas
1023 465 1089 504 per
1118 464 1201 488 cor-

70 537 101 558 „
131 522 203 561 pus
223 509 378 547 virtutes
404 510 572 560 operati,
602 509 704 560 quod
734 522 794 546 eas
825 520 890 544 uec
921 522 942 544 a
973 507 1054 543 Deo
1082 518 1202 541 suose

72 591 102 611 „
130 562 322 614 accepisse
349 563 578 611 crederent,
607 576 678 599 nec
709 562 755 599 ad
785 575 873 598 eum
893 591 903 607 ‚
932 561 999 612 qui
1030 567 1082 595 est
1114 558 1200 595 finis

70 644 99 664 ‚,
127 617 302 654 omnium
332 615 519 654 bonorum
539 646 550 663 ‚
581 617 724 654 referre
754 614 950 653 voluerant
972 613 991 627 ''
1011 639 1021 650 .
1051 611 1099 649 Et
1131 614 1198 648 ite-

69 680 182 706 rum:
212 667 267 706 Ec
295 668 453 720 quidem
483 667 592 719 dico,
621 669 717 706 nihil
746 673 802 707 eis
830 666 1059 718 prosuerunt
1083 668 1098 716 (
1121 667 1197 703 vir-

66 730 165 760 tutes
194 721 208 770 )
232 752 243 771 ,
273 727 398 761 immo
427 726 553 761 eciam
583 731 798 761 nocuerunt
822 747 832 759 .
877 720 968 758 Vid.
1002 719 1195 757 Francis-c.

65 773 366 814 ColliusDoctor
379 776 541 827 Collegii
560 777 733 816 Ambros.
749 774 908 813 Nlediol.
927 775 964 811 in
981 771 1133 820 Libade
1150 785 1195 808 ‹z-

67 827 254 867 nt'mabus
286 828 571 881 Pnganorum.
601 829 676 869 Sed
692 830 918 868 accedamus
947 827 993 864 ad
1011 824 1160 875 singula
1183 850 1194 861 .

122 880 189 934 39·
220 883 278 922 Ad
306 887 482 933 primum
512 883 708 935 respondet
731 882 772 921 S.
791 882 960 920 Thomas
990 893 1026 917 2.
1060 894 1096 917 2.
1126 892 1194 929 qu.

66 947 108 973 2.
137 945 209 974 art.
239 950 275 986 7.
305 937 352 974 ad
383 937 448 984 5.,
479 936 520 975 S.
551 937 783 986 Dionysium
806 966 817 983 ,
853 933 914 973 vel
944 933 1120 985 quisquis
1149 932 1194 969 sit

64 991 210 1028 Auctor
239 990 329 1029 Lib.
349 989 398 1029 de
426 989 586 1029 Eccles.
616 989 753 1038 Hiera,
782 989 889 1040 loqui
918 987 965 1025 de
995 987 1041 1024 iis
1060 985 1195 1024 Genti-

64 1039 197 1091 libus,
239 1043 382 1096 quibus
411 1044 512 1083 facta
541 1052 593 1082 est
629 1042 812 1082 revelatio
851 1041 898 1079 de
926 1040 1077 1078 Christo
1097 1069 1107 1086 ,
1156 1047 1195 1076 ut

61 1104 166 1147 patet
195 1109 241 1134 ex
260 1095 780 1148 Melcliisedechiexemplo,
809 1094 910 1147 quod
941 1093 1086 1131 ibidem
1109 1106 1195 1144 cap.

64 1161 107 1199 9.
137 1150 319 1198 adducit,
355 1154 421 1200 qui,
463 1162 724 1200 nequaquam
765 1151 950 1187 inanium
983 1145 1160 1184 Deorum
1183 1175 1194 1193 ,

64 1200 136 1238 sed
163 1202 375 1250 altissimi,
418 1206 573 1254 verique
601 1201 682 1241 Dei
710 1201 900 1241 sacerdos
918 1199 1003 1253 fuit
1021 1228 1031 1238 .
1081 1199 1195 1238 Addit

66 1263 196 1292 autem
218 1284 230 1302 ,
259 1265 423 1294 cunctos
453 1254 634 1295 homines
663 1255 719 1294 ad
747 1257 918 1294 salutem
949 1254 1194 1307 Angelorum

63 1304 242 1346 (luctibus
270 1308 439 1348 traditos
467 1323 554 1348 esse
577 1309 863 1360 promovendos
878 1324 893 1354 ;
921 1309 1061 1346 docens
1089 1305 1194 1346 scili-

60 1370 121 1400 cet
141 1391 153 1408 9
182 1361 363 1401 omnibus
392 1364 550 1411 omnino
578 1362 802 1402 hominibus
832 1361 995 1413 Angelos
1023 1361 1194 1399 custodes

63 1413 183 1452 fuisse
211 1414 409 1456 destinatos
427 1446 438 1465 ,
467 1430 544 1455 non
574 1418 686 1470 quasi
714 1419 839 1469 reipsa
858 1416 987 1454 cuncti
1018 1413 1194 1452 homines

60 1467 239 1510 eamdem
269 1466 431 1508 salutem
461 1481 738 1523 assequantur,
768 1469 832 1508 sed
861 1469 962 1522 quod
993 1467 1097 1507 Deus
1126 1482 1193 1505 au·

60 1519 160 1559 xilia
178 1522 227 1560 ad
257 1524 432 1562 eamdem
452 1524 758 1575 consequendam
779 1523 956 1561 omnibus
977 1522 1190 1560 misericor-

58 1573 159 1611 diter
189 1578 465 1628 praeparaverit
476 1591 487 1622 ;
518 1578 618 1615 unde
647 1579 761 1615 etiam
783 1576 939 1619 subdiu
969 1574 1083 1612 Solus
1099 1574 1192 1625 fer—

59 1639 130 1664 me
159 1627 288 1667 Israel
314 1642 400 1680 prae
428 1629 612 1667 omnibus
631 1630 686 1667 ml
706 1633 785 1667 veri
808 1628 885 1666 Dei
907 1627 1191 1678 notititimj'iaic

55 1692 297 1722 conversus.
326 1682 473 1721 Eodem
501 1696 612 1721 sensu
643 1681 835 1721 Minutius
865 1680 976 1719 Felix
1005 1682 1044 1718 in
1067 1680 1192 1718 Octa·

58 1737 119 1772 νίο
148 1748 346 1788 ιιιιω.ᾳο.
362 1745 565 1789 postquam
584 1736 827 1784 ostendisset,
857 1732 1106 1785 Philosophos
1122 1747 1188 1785 pe-

54 1799 108 1823 ne
121 1799 251 1827 omues
269 1789 344 1828 Dei
374 1791 554 1828 unitatem
579 1791 776 1842 agnovisse
792 1819 803 1838 ‚
832 1786 1117 1834 concludebat,
1148 1795 1189 1825 ut

54 1841 185 1892 quivis
213 1842 448 1892 arbitretur,
478 1854 542 1881 aut
566 1857 670 1883 nunc
685 1842 920 1882 Christianos
939 1837 1188 1893 Philosoplios

53 1906 159 1941 esse,
190 1905 255 1933 aut
285 1895 531 1947 Philosophos
561 1896 641 1948 jam
671 1906 760 1935 tunc
791 1895 907 1934 fuisse
926 1895 1185 1934 Christianos.

106 1946 174 1992 40.
205 1949 320 1988 Addit
347 1949 388 1989 S·
419 1949 589 1989 Thomas
627 1951 795 1990 ibidem:
831 1979 858 1997 „
879 1947 921 1987 Si
950 1949 1019 2001 qui
1057 1957 1184 1985 tamen

56 2029 85 2049 „
114 1999 250 2041 salvati
279 2003 461 2052 fuerunt,
489 2004 633 2057 quibus
649 2003 832 2043 revelatio
860 2016 935 2040 non
953 2002 1025 2039 fuit
1056 2000 1155 2039 facta
1173 2030 1184 2048 ,

55 2084 83 2103 „
112 2066 187 2094 non
216 2055 374 2095 fuerunt
401 2056 535 2096 salvati
556 2058 701 2111 absque
720 2057 797 2105 fide
814 2055 1064 2099 Mediatoris3
1093 2055 1186 2106 quia

52 2136 82 2157 „
111 2108 179 2146 etsi
207 2121 282 2148 non
313 2109 663 2150 habueruntfidem
685 2111 908 2162 explicitam
927 2138 937 2156 ,
966 2107 1186 2146 habuerunt

53 2189 81 2209 ‚,
112 2169 240 2201 tamen
282 2163 517 2214 implicitam
548 2165 586 2201 in
614 2164 749 2202 divina
791 2162 1057 2214 providentia,
1101 2175 1184 2198 cre-

49 2242 79 2264 „
109 2214 265 2264 dentes,
295 2215 423 2254 Deum
454 2230 533 2254 esse
559 2215 804 2255 liberatorem
826 2215 1027 2253 hominum
1048 2228 1184 2254 secun-

50 2297 79 2316 „
108 2267 201 2306 dum
218 2268 349 2308 modos
377 2269 452 2308 sibi
470 2270 628 2322 placitos
645 2300 656 2319 ,
686 2270 719 2307 ἃ
736 2269 948 2308 secundum
978 2269 1080 2320 quod
1109 2268 1182 2307 ali-

47 2351 77 2370 „
107 2320 252 2373 quibus
280 2323 478 2362 veritatem
499 2323 809 2376 cognoscentibus
823 2323 990 2375 Spiritus
1017 2321 1180 2360 revelas-

47 2403 77 2423 „
106 2383 188 2422 set,
216 2376 427 2415 secundum
448 2375 546 2415 illud
565 2376 639 2415 Job
654 2376 825 2416 XXXV.
862 2375 939 2428 Qui
973 2374 1086 2414 docet
1105 2389 1179 2415 nos

48 2457 78 2477 „
107 2439 224 2478 super
244 2430 438 2482 jumenta
467 2438 590 2469 terroe
608 2430 630 2447 ’'
648 2456 660 2470 .

101 2481 169 2527 4¹·
200 2482 327 2535 Atque
355 2483 525 2535 idipsum
554 2483 732 2523 docuerat
761 2492 872 2522 antea
899 2482 940 2522 S.
963 2483 1178 2522 Bernartius

43 2534 88 2573 in
120 2534 243 2588 Epist.
259 2535 466 2576 LXXVII.
494 2538 541 2576 ad
562 2537 783 2590 Hugonem,
814 2538 1014 2590 inquiens:
1036 2567 1062 2585 „
1083 2536 1174 2574 Pro-

45 2617 73 2637 „
102 2587 229 2641 phetoe
250 2619 262 2639 ,
290 2589 326 2627 &
345 2592 413 2643 qui
446 2591 667 2630 illustriores
696 2591 923 2631 videbantur
951 2592 990 2629 in
1011 2590 1078 2628 illo
1105 2603 1174 2643 po-

41 2669 71 2690 „
101 2641 194 2694 pulo
223 2644 238 2694 (
267 2643 437 2684 ludaico
458 2645 496 2694 )‚
525 2659 603 2685 nou
632 2659 761 2684 omues
787 2645 920 2684 omnia
949 2643 1100 2697 liquido
1119 2657 1171 2682 ae-

39 2722 72 2743 ‚‚
97 2696 266 2748 qualiter
294 2711 496 2750 agnoscere
523 2699 728 2739 valuerunt
748 2729 759 2747 ,
789 2698 851 2737 sed
879 2698 948 2737 alii
980 2697 1065 2750 plus
1087 2728 1097 2747 ‚
1128 2712 1168 2736 a-

39 2775 70 2797 „
101 2747 144 2786 lii
164 2751 317 2788 miuus:
345 2762 488 2805 quanto
516 2755 638 2805 magis
656 2752 912 2804 simpliciores
939 2754 1084 2804 quique
1105 2750 1168 2804 ju-

40 2828 70 2849 „
97 2802 142 2840 sti
164 2831 175 2850 ,
217 2804 301 2842 sine
328 2805 555 2845 detrimento
583 2806 714 2845 salutis
741 2805 962 2845 salvationis
989 2815 1167 2858 tempus,

39 2882 68 2902 ‚,
97 2856 281 2906 modum,
309 2857 344 2895 ἃ
372 2860 544 2899 ordinem
576 2862 723 2900 nescire
752 2868 975 2912 potuerunt:
1004 2873 1094 2910 quae
1112 2867 1167 2897 ta·

36 2935 67 2956 ‚‚
98 2922 184 2948 rnen
213 2919 315 2949 certa
342 2927 439 2966 spe,
477 2914 511 2952 ἃ
542 2914 645 2962 fide,
689 2915 742 2952 uti
773 2915 956 2966 promissa
987 2913 1165 2961 fueraut,

36 2991 68 3012 ‚‚
96 2961 320 3002 firmissime
346 2967 576 3007 tenuerunt?
603 2967 660 3007 Et
674 2966 786 3020 infra
801 2981 816 3006 .·
845 2966 964 3006 Multi
995 2980 1164 3019 ergoan-

37 3044 68 3064 „
97 3025 132 3054 te
151 3016 357 3057 Salvatoris
386 3020 615 3071 adventum,
645 3022 772 3061 Deum
792 3023 1089 3074 omnipotentem
1110 3029 1164 3059 te-

37 3096 68 3118 „
95 3081 247 3120 nentes,
285 3071 318 3108 ἃ
345 3071 543 3125 diligentes
571 3089 650 3114 suae
679 3075 810 3114 salutis
837 3077 1045 3126 gratuitum
1075 3087 1163 3127 pro-

37 3148 67 3169 „
95 3125 316 3165 missorem:
346 3128 540 3167 credentes
557 3130 593 3166 in
610 3130 859 3180 promissione
879 3127 1057 3176 fidelem,
1079 3142 1164 3179 spe-

39 3202 69 3222 „
97 3187 221 3218 rantes
247 3181 502 3219 certissimum
534 3182 812 3234 redemptorem
830 3210 840 3227 ‚
886 3182 926 3220 in
956 3180 1027 3219 hac
1057 3180 1163 3229 fide,

38 3255 68 3276 2,
96 3227 131 3265 ἃ
160 3235 419 3284 expectatione
459 3233 595 3274 salvati
624 3244 732 3280 sunt,
774 3233 862 3272 licet
907 3234 1086 3286 quandO,
1129 3235 1162 3272 δε

37 3309 66 3329 ,,
94 3282 279 3342 qualiter,
309 3287 344 3324 Bt
371 3302 450 3342 quo
476 3289 610 3329 ordine
637 3287 739 3328 salus
766 3289 996 3341 repromissa
1024 3286 1134 3328 fieret
1149 3318 1162 3339 ,

39 3362 72 3385 „
96 3348 311 3388 ignorarent
329 3341 352 3358 ”
367 3367 382 3384 .

1246 100 1406 145 rimu
1439 102 1522 145 AD
1557 103 1688 146 SAL.
2258 106 2338 161 139

1323 181 1387 227 42.
1422 181 1477 219 Ad
1522 182 1737 220 secunlum
1775 181 1815 220 S.
1846 181 2014 222 Jtntinus
2056 195 2115 221 eos
2145 181 2392 236 philosophos

1268 237 1336 288 qui
1378 235 1533 285 exploso
1575 237 1829 325 polytheismo
1872 251 1988 274 unum
2033 237 2233 276 nobiscum
2267 237 2394 275 Deum

1269 289 1573 334 confitebimur,
1653 289 1865 326 'tristamus
1895 291 2024 343 aliqua
2054 293 2226 339 raticne,
2256 291 2289 327 ἀ
2322 293 2394 328 im-

1270 344 1423 394 proprie
1455 342 1647 388 ztuuellat3
1680 351 1717 378 ut
1747 344 1773 378 si
1806 345 1891 393 quis
1921 354 2087 381 nostruin
2121 345 2354 382 lsutlieranos
2378 376 2389 392 ,

1270 396 1326 433 vel
1345 397 1570 433 Calvztnstas
1599 396 1644 432 de
1661 394 1859 432 Trinitatis
1877 399 2057 447 mysterio
2084 397 2288 436 orthodoxe
2309 413 2392 437 sen-

1270 451 1400 486 tit-utus
1419 480 1428 497 ,
1470 447 1686 486 Czitliolicos
1717 449 1754 485 in
1788 447 1857 485 hac
1888 459 1991 499 parte
2020 451 2215 501 appellare
2244 451 2392 500 vellet,

1273 503 1329 540 vel
1357 503 1562 540 lloereticos
1590 516 1613 539 a
1644 502 1805 553 puritate
1835 501 1923 539 fidei
1954 503 2184 542 discedentes
2201 504 2392 558 Pagiznos

1269 556 1435 605 diceret,
1479 554 1806 608 quemadmodum
1849 556 2111 594 Constantinus
2141 557 2199 595 M.
2234 560 2391 596 Atianos

1268 610 1455 662 appellari
1487 610 1593 660 jussit
1617 606 1948 661 Porphyritznos;
1992 621 2064 646 non
2095 613 2186 661 quia
2218 610 2391 664 Porphy-

1267 665 1312 700 rii
1347 665 1385 701 in
1414 663 1593 701 omnibus
1627 663 1840 701 doctrinam
1883 672 2158 714 sequerentur,
2195 665 2256 700 sed
2298 667 2392 716 quia.

1264 716 1404 755 Christi
1435 717 1675 754 divinitatem
1693 746 1703 764 ,
1733 728 1808 754 non
1841 717 1970 754 minus
1997 730 2113 768 quam
2138 715 2391 768 Porphyrius,

1264 770 1475 821 negabant.
1506 769 1651 808 Eodem
1681 784 1788 806 sensu
1820 768 2080 807 Tertullianus
2102 767 2267 821 paganos
2286 800 2294 816 ,
2325 774 2393 821 qui

1265 825 1303 861 iu
1342 824 1475 861 subitis
1499 854 1508 870 ,
1542 825 1825 875 repentinisque
1866 822 2017 861 casibus
2048 823 2175 861 Deum
2204 823 2393 874 singulari

1263 890 1426 914 numero
1469 878 1723 924 invocabant,
1767 876 2008 913 naturaliter
2041 876 2288 914 Christianos
2324 891 2392 928 ap-

1263 927 1445 982 pellavit,
1468 931 1645 982 inquiens
1664 931 1825 982 Apolog.
1842 944 1926 981 cap.
1950 944 2007 981 ¹7·
2026 942 2033 965 τ
2066 930 2103 967 Ο
2118 934 2392 968 testimonium

1262 988 1417 1020 animoe
1447 985 1686 1022 naturaliter
1719 983 1958 1022 Chrzstmnae
1979 985 1996 1019 .'
2037 983 2134 1031 Quis
2163 993 2288 1022 tamen
2317 984 2392 1023 fin-

1265 1047 1352 1089 gat,
1397 1036 1683 1076 Tertullianum
1715 1052 1777 1075 eus
1807 1051 1875 1088 pro
1902 1036 2128 1076 Christianis
2170 1037 2393 1076 naturaliter

1266 1092 1360 1129 natis
1382 1090 1560 1128 habuisse
1581 1121 1592 1140 ,
1622 1105 1709 1129 cum
1735 1091 1876 1128 ibidem
1896 1090 2031 1129 subdat
2046 1105 2130 1143 cap.
2159 1090 2219 1129 18.
2250 1089 2389 1141 Fiunt,

1264 1157 1345 1182 non
1375 1153 1597 1183 nascuntur
1629 1143 1884 1182 Christiani?
1920 1142 1954 1179 &
1984 1144 2078 1182 alibi
2110 1144 2159 1182 de
2187 1149 2389 1184 testimon.

1263 1203 1419 1236 ‹zuimae
1450 1208 1528 1249 post
1559 1199 1736 1236 initium:
1770 1197 1891 1244 Fieri,
1922 1210 2000 1234 non
2030 1202 2146 1235 nasci
2175 1200 2271 1237 solet
2300 1202 2389 1236 ‹zut-

1263 1265 1336 1290 maez
1368 1252 1597 1290 Christiana
1616 1278 1625 1289 .
1657 1252 1737 1290 Hoc
1769 1254 1894 1304 itaque
1924 1265 2030 1289 seusu
2047 1251 2089 1288 S.
2106 1251 2258 1304 Martyr
2277 1266 2388 1304 quos·

1261 1307 1350 1344 dam
1394 1315 1537 1344 veteres
1580 1305 1824 1357 l’liilosoplios
1872 1304 2082 1357 appellavit
2123 1305 2388 1355 Christianos,

1261 1359 1406 1398 scilicet
1435 1373 1479 1397 ex
1510 1368 1616 1412 parte
1645 1367 1824 1404 tantum3
1855 1359 1953 1396 unde
1984 1360 2097 1396 etiam
2128 1359 2286 1408 subdit,
2317 1358 2390 1397 So-

1261 1424 1418 1452 cratem
1449 1427 1502 1451 ex
1531 1421 1646 1462 parte
1679 1411 1877 1450 Christum
1907 1415 2163 1465 cognovisse,
2202 1412 2272 1451 hoc
2303 1423 2388 1461 est,

1260 1469 1476 1518 cognovisse
1505 1466 1647 1506 Christi
1679 1465 1900 1517 religionem
1934 1467 1970 1504 in
2015 1465 2211 1518 aliquibus
2253 1467 2389 1518 capiti-

1258 1520 1330 1559 bus
1347 1551 1358 1569 ,
1389 1523 1586 1574 praecipue
1607 1528 1733 1557 autem
1751 1521 1787 1557 in
1809 1519 1881 1557 Dei
1906 1520 2048 1557 unitate
2064 1549 2074 1566 ,
2100 1520 2241 1557 ratione
2258 1550 2268 1568 ,
2299 1533 2389 1572 quae

1260 1590 1280 1613 a
1304 1575 1385 1612 Deo
1415 1583 1495 1622 est,
1526 1575 1598 1625 ipsi
1631 1574 1752 1611 facem
1785 1575 2038 1625 prael'erente.
2067 1573 2244 1610 Ceterum
2277 1574 2314 1609 in
2335 1574 2387 1610 A·

1258 1629 1387 1678 polog.
1418 1628 1583 1666 secunda
1612 1641 1650 1665 u.
1673 1627 1712 1664 8.
1742 1626 1775 1663 &
1812 1640 1870 1664 ιο.
1902 1640 1961 1664 eos
2003 1626 2182 1664 duntaxat
2220 1627 2388 1677 perfecte

1259 1680 1495 1718 Christianos
1523 1694 1603 1718 esse
1630 1681 1827 1726 declarat,
1864 1683 1928 1728 qui
1957 1692 2037 1716 non
2068 1678 2122 1716 ad
2150 1688 2309 1729 partem
2340 1693 2387 1717 a·

1260 1733 1413 1782 liquam
1435 1733 1713 1770 disseminatae
1728 1735 1897 1769 rationis
1913 1735 2035 1770 vitam
2057 1736 2261 1769 instituere
2278 1762 2288 1779 ,
2318 1731 2389 1770 sei

1256 1785 1312 1824 ad
1341 1791 1486 1835 totius,
1515 1785 1616 1824 idest
1639 1783 1781 1823 Christe·
1810 1788 2078 1837 cognitionem
2098 1814 2108 1832 ,
2138 1784 2188 1826 <9¹
2208 1793 2387 1823 contem-

1254 1840 1477 1891 plationem
1494 1866 1504 1878 .
1535 1839 1608 1878 Illa
1637 1848 1764 1876 autem
1794 1839 2016 1876 commixtio
2035 1838 2200 1876 Socratis
2217 1869 2227 1888 ,
2257 1839 2290 1875 8(
2308 1839 2384 1878 He-

1255 1893 1380 1932 racliti
1410 1907 1499 1931 cum
1531 1890 1781 1939 AbrahamO,
1812 1890 1928 1939 Elia,
1970 1891 2133 1943 aliisque
2161 1891 2278 1930 Justis
2307 1903 2384 1932 vet.

1254 1946 1357 1984 Test.
1375 1976 1386 1994 ,
1416 1959 1491 1984 non
1521 1955 1573 1983 est
1601 1944 1825 1997 accipienda
1854 1954 2038 1996 quantum
2068 1944 2115 1981 ad
2144 1946 2301 1994 omnia,
2331 1947 2385 1985 ita.

1254 2008 1295 2036 ut
1325 1999 1413 2047 illi,
1445 2011 1517 2037 non
1545 2012 1652 2037 secus
1680 2011 1726 2035 ac
1756 1999 1842 2046 isti,
1873 1997 1919 2035 ad
1951 2007 2103 2035 aeternae
2133 1997 2264 2036 salutis
2292 2011 2382 2051 por-

1254 2061 1335 2090 tum
1367 2053 1636 2105 pervenerint3
1667 2051 1730 2090 sed
1759 2060 1945 2105 quantum
1976 2051 2024 2090 ad
2052 2051 2210 2105 aliqua,
2241 2055 2381 2105 prasci-

1255 2120 1330 2159 pue
1358 2115 1486 2144 autern
1516 2118 1705 2158 quantum
1734 2106 1782 2144 ad
1812 2105 1886 2144 Dei
1917 2107 2099 2144 unitatem
2123 2136 2133 2154 ,
2163 2120 2281 2159 quam
2310 2107 2380 2146 So-

1254 2170 1373 2199 crates
1389 2191 1400 2209 ,
1422 2159 1639 2198 Heraclitus
1655 2190 1665 2208 ,
1686 2158 1831 2211 aliique
1846 2159 2013 2198 saniores
2029 2158 2273 2213 Philosophi,
2302 2174 2380 2200 non

1251 2227 1358 2252 secus
1387 2228 1430 2252 ac
1462 2212 1658 2252 Abraham
1677 2243 1687 2260 ,
1717 2211 1825 2251 Elias
1845 2243 1856 2262 ,
1885 2211 2032 2266 aliique
2061 2213 2177 2263 Justi,
2215 2227 2379 2266 agnove-

1250 2276 1360 2306 runt.
1403 2268 1544 2307 Confer
1573 2265 1690 2306 Prud.
1719 2266 1931 2306 Maranum
1980 2266 2168 2309 instans.
2197 2268 2244 2307 ad
2272 2268 2379 2322 Opp-

1248 2321 1291 2359 S.
1320 2321 1483 2360 Justini.
1528 2320 1614 2359 Nat.
1646 2320 1755 2359 Alex.
1787 2320 1946 2359 Dissert.
1969 2319 2036 2359 Vl.
2067 2321 2109 2360 in
2137 2321 2309 2360 Saec.11.
2340 2323 2376 2360 δε

1249 2374 1464 2414 Arnaldum
1486 2372 1694 2412 Necessite'
1726 2374 1762 2412 le
1781 2373 1899 2427 Iafoi
1920 2386 1970 2412 en
1989 2373 2025 2413 J.
2045 2373 2088 2412 C.
2105 2389 2144 2427 p.
2163 2388 2201 2414 2.
2230 2389 2315 2428 cap.
2338 2389 2373 2415 1.

1301 2428 1367 2473 45.
1399 2429 1456 2467 Ad
1485 2432 1645 2466 tertium
1663 2454 1674 2466 .
1704 2428 1879 2466 Clemens
1901 2428 2182 2467 Alexandrinus
2210 2429 2288 2466 vim
2310 2427 2372 2480 ju-

1244 2481 1432 2521 stificandi
1462 2480 1720 2534 Philosophiae
1749 2481 1886 2520 tribuit
1913 2495 2021 2520 sensu
2038 2483 2200 2520 omnino
2227 2482 2373 2534 impro-

1244 2537 1331 2587 prio
1351 2567 1361 2585 ,
1392 2544 1578 2590 quatenus
1607 2545 1740 2585 recta,
1771 2548 1940 2587 sanaque
1970 2535 2215 2588 Philosophia
2245 2534 2371 2574 homi-

1241 2602 1306 2627 nes
1349 2590 1400 2629 ab
1442 2588 1698 2638 idololatriae,
1734 2587 2086 2642 superstitionisque
2130 2586 2372 2641 praejudiciis

1239 2641 1428 2692 liberans,
1459 2657 1519 2682 eos
1547 2643 1830 2698 quodammodo
1850 2642 1897 2680 ad
1926 2642 2185 2694 suscipiendas
2202 2641 2370 2694 Religio-

1236 2698 1295 2735 nis
1315 2698 1541 2736 Christianae
1571 2699 1746 2735 veritates
1765 2694 2017 2747 disponebat,
2047 2708 2286 2748 quamquam
2308 2710 2368 2735 re·

1235 2761 1338 2789 inote
1366 2751 1516 2799 solum,
1554 2751 1587 2788 δι
1620 2760 1658 2787 ut
1689 2752 1740 2787 ita
1768 2750 1894 2787 dicam
1926 2752 2135 2800 negative.
2175 2749 2225 2787 Se
2254 2748 2368 2789 lucu-

1235 2802 1358 2843 lenter
1401 2805 1570 2858 explicat
1600 2802 1883 2841 Alexandrinus
1926 2800 2175 2854 Philosophus
2215 2801 2365 2842 ibidem

1232 2857 1365 2898 dicens
1386 2887 1396 2897 .
1431 2889 1456 2906 ‚‚
1478 2857 1562 2896 Non
1591 2855 1881 2908 comprehendit
1918 2854 2075 2907 quidem
2107 2855 2246 2894 Grae'ca
2275 2854 2365 2896 Phi.

1235 2941 1261 2960 „
1292 2912 1465 2965 losophia
1494 2910 1660 2950 veritatis
1682 2909 1987 2962 magnitudinem
2004 2908 2038 2945 ἃ
2060 2918 2111 2947 est
2139 2908 2266 2948 adhuc
2290 2912 2364 2949 im-

1232 2994 1259 3014 „
1288 2966 1443 3005 berillis
1471 2965 1518 3003 ad
1550 2964 1728 3002 mandata
1759 2963 1914 3004 Domini
1944 2963 2165 3016 exequenda
2186 2993 2198 3012 ,
2235 2962 2269 2999 ἃ
2298 2977 2358 3001 re-

1231 3047 1259 3067 „
1288 3019 1366 3071 gali
1396 3020 1580 3057 doctrinas
1609 3019 1781 3056 maxime
1822 3018 1926 3056 viani
1970 3025 2104 3070 parat,
2150 3025 2358 3069 utcumque

1231 3095 1258 3121 ‚,>
1287 3074 1470 3126 castigans
1486 3103 1496 3120 ,
1526 3071 1559 3108 Bt
1582 3084 1704 3109 mores
1725 3072 1891 3110 formans
1912 3072 2038 3124 prius.
2071 3067 2170 3108 Tum
2185 3078 2322 3120 postea
2341 3083 2356 3106 .-

1235 3154 1261 3174 ,,
1291 3127 1538 3178 Quamquam
1572 3139 1638 3176 per
1666 3139 1704 3162 se
1719 3137 1872 3177 quoque
1900 3121 2352 3177 aliquandoGraecosju-

1232 3208 1256 3228 ,‚
1290 3180 1478 3218 stificabat
1508 3177 1779 3230 Philosophia,
1825 3178 1887 3217 sed
1916 3191 1989 3217 non
2018 3178 2064 3216 ad
2105 3179 2318 3214 universam
2340 3204 2352 3223 ,

1231 3261 1256 3280 „
1286 3248 1331 3272 ac
1359 3231 1577 3285 generalem
1607 3231 1824 3283 justitiam,
1865 3231 1913 3270 ad
1942 3245 2059 3284 quam
2088 3229 2351 3280 cooperatrix,

1230 3316 1256 3335 „
1287 3285 1320 3322 &
1341 3285 1509 3337 adjutrix
1540 3286 1756 3334 invenitur,
1785 3287 2071 3338 sicutprisnis,
2103 3283 2134 3319 ἃ
2163 3281 2352 3321 secundus

1230 3369 1258 3390 ‚‚
1286 3341 1423 3393 gradus
1439 3341 1502 3392 ei,
1531 3341 1600 3394 qui
1617 3339 1784 3382 ascendit
1802 3341 1845 3383 in
1863 3336 2132 3386 coenatulunb
2162 3334 2195 3370 ἃ
2223 3347 2351 3385 gram·

2173 3416 2201 3438 „
2217 3401 2298 3426 ma-
