2562 3694
255 157 335 196 ¹70

193 248 218 269 „
249 222 427 258 charitas
456 227 665 270 estamor,
704 221 766 260 sed
796 237 869 262 non
899 239 919 262 e
948 235 1102 264 contra.
1134 228 1247 265 Addit
1276 242 1312 264 e-

194 301 220 321 „
251 275 333 310 nitu
362 274 515 313 dilectio
542 289 657 327 supra
687 289 871 316 amorem
914 278 1132 318 electionem
1171 294 1312 330 praece-

193 356 220 374 „
252 328 399 366 dentem
418 358 429 376 ,
473 337 511 366 ut
541 331 667 380 ipsum
698 342 836 368 nomen
867 342 995 378 sonat;
1027 333 1124 369 unde
1154 332 1306 370 dilectio

192 407 219 427 „
250 394 321 417 non
351 391 401 420 est
432 383 469 420 in
500 381 814 433 concupiscibili,
848 386 911 423 sed
942 388 979 424 in
1013 385 1200 422 voluntate
1230 395 1309 422 tan-

191 461 219 479 „
250 441 329 471 tum
349 465 358 482 ,
402 434 436 471 8(
467 444 518 473 est
547 437 585 474 in
613 435 692 474 sola
722 438 897 476 rationali
927 446 1089 476 natura.
1123 435 1308 477 Charitas

191 514 216 533 „
247 496 372 526 autem
402 489 505 526 addit
533 503 648 541 supra
669 503 851 528 umorem
873 490 1142 542 perfectionem
1172 505 1307 543 qnam-

189 567 215 586 „
245 541 331 578 dam
364 545 530 591 amoris,
561 545 785 595 inquantum
804 545 868 588 id,
898 543 998 593 quod
1021 552 1196 591 amatur,
1226 558 1306 582 ma-

187 620 212 645 „
241 595 303 645 gni
335 597 445 646 pretii
467 598 696 643 (estimatur,
729 606 766 632 ut
783 598 907 646 ipsum
925 608 1062 633 nomen
1079 596 1248 648 designat
1263 599 1308 637 '’.

186 644 234 682 Et
266 647 348 686 llaec
377 660 564 701 quantum
594 650 640 686 ad
668 661 833 685 nomen.

238 700 276 739 3.
307 702 503 749 Quantum
533 711 657 739 autem
675 701 720 737 ad
738 701 955 752 rensipsam
973 731 983 749 ,
1012 715 1076 740 seu
1105 703 1152 741 ad
1182 704 1306 756 ipsam

182 751 377 794 eharitatis
408 757 627 802 essentiam,
657 762 840 804 quatenus
856 757 974 793 virtus
990 765 1064 804 est,
1094 768 1167 794 non
1198 768 1304 796 uatu-

180 807 296 856 ralis,
326 808 360 845 δε
390 808 571 859 acquisita
590 836 601 855 ,
643 807 706 843 sed
735 808 1061 859 supernaturalis,
1103 809 1136 846 &
1167 825 1190 847 a
1219 811 1302 849 Deo

180 860 333 908 infusa,
377 862 510 897 muttae
542 860 789 898 inveniuntur
827 861 932 913 apud
961 861 1116 901 Sanctos
1147 861 1298 914 Patres,

179 913 213 949 8<
233 915 334 966 apud
350 913 559 965 Theologos
575 913 744 965 ejusdem
761 914 1021 961 definitione33
1044 917 1107 953 sed
1123 919 1298 956 omnium

176 967 462 1004 accuratissima
492 964 560 1005 illa
590 967 737 1006 videtur
755 998 764 1016 ,
795 983 912 1021 quam
941 979 1064 1007 noster
1092 969 1133 1007 S.
1151 970 1298 1010 Praece-

176 1030 257 1070 ptor
287 1021 437 1058 tradidit
461 1033 496 1058 2.
521 1034 556 1058 2.
586 1034 652 1073 qu.
671 1021 735 1059 23.
757 1031 825 1059 art.
855 1036 914 1070 i.,
944 1023 1044 1074 quod
1073 1024 1119 1060 sit
1148 1023 1297 1063 Amici-

172 1076 230 1109 ἴω
260 1073 448 1123 ᾳαωλιιιη
479 1073 648 1112 hominis
677 1074 733 1111 acl
760 1074 921 1123 Deum,
964 1076 1071 1127 juxta
1114 1075 1210 1115 illud
1239 1079 1296 1118 Jo-

173 1125 264 1164 XV.
292 1129 351 1165 15,
381 1127 475 1165 Jtzm
505 1141 585 1166 non
614 1127 749 1166 dicam
778 1143 842 1167 νος
871 1142 1002 1168 servos
1023 1156 1064 1168 ...
1093 1129 1165 1168 sed
1193 1137 1297 1170 ‹zmi-

171 1193 238 1217 cos
255 1207 265 1218 .
295 1181 358 1219 Sic
382 1180 578 1220 Abraham
608 1181 822 1234 appellatus
852 1193 904 1222 est
924 1188 1081 1221 amicus
1098 1182 1197 1233 Dei,
1226 1186 1296 1224 Ju-

169 1233 250 1271 dith
268 1234 372 1272 Vlll.
397 1248 458 1273 22.
477 1265 486 1283 ,
531 1236 639 1273 Isaiae
657 1233 761 1274 XLI.
778 1235 817 1275 8.
834 1267 844 1285 ,
875 1237 908 1274 8(
938 1237 1068 1275 Jacobi
1087 1238 1134 1275 ll.
1152 1238 1189 1277 5.
1205 1268 1216 1286 ,
1259 1241 1293 1277 St

169 1287 216 1324 de
245 1288 424 1326 omnibus
454 1288 560 1340 justis
589 1288 772 1328 charitate
789 1291 965 1342 perfectis
984 1292 1074 1329 dicit
1091 1291 1218 1330 David
1234 1292 1293 1333 Ps.

167 1341 534 1393 CXXXV111.17.:
563 1341 698 1381 Nimis
725 1343 907 1383 honorati
935 1355 1028 1383 sunt
1056 1348 1181 1382 amici
1210 1351 1291 1396 tui,

163 1391 301 1434 Deus.

220 1448 258 1494 4.
289 1448 426 1496 Qualis
453 1458 579 1488 autem
595 1452 668 1499 sit,
700 1450 734 1487 8t
765 1452 803 1489 in
833 1465 910 1504 quo
939 1453 1090 1505 proprie
1119 1454 1292 1492 consistat

164 1499 248 1540 haec
278 1501 442 1541 hominis
471 1505 640 1543 amicitia
670 1505 717 1542 ad
747 1505 903 1553 Deum,
934 1509 987 1543 sic
1016 1507 1180 1557 explicat
1213 1509 1291 1546 An-

165 1554 309 1606 gelicus
339 1556 421 1595 loeo
451 1556 553 1595 laud.
586 1559 785 1610 inquiens:
818 1589 843 1607 „
875 1559 959 1597 Non
991 1560 1153 1611 quilibet
1181 1574 1290 1599 amor

164 1637 191 1657 „
222 1607 334 1647 habet
366 1611 548 1649 rationem
580 1613 792 1661 amicitiae,
837 1613 901 1650 sed
943 1627 1051 1651 amor
1072 1643 1082 1662 ,
1125 1618 1190 1665 qui
1229 1624 1290 1652 est

162 1689 190 1710 „
220 1674 312 1699 cum
340 1662 639 1710 benet·oler'tti‹z;
680 1666 831 1718 quando
860 1665 1003 1705 scilicet
1033 1668 1086 1707 sic
1115 1682 1289 1706 amamus

164 1745 192 1762 ,,
222 1717 416 1767 aliquem,
437 1726 477 1752 ut
507 1722 542 1753 ei
572 1718 714 1755 bonum
747 1721 935 1756 velimus.
965 1720 1006 1757 Si
1027 1730 1153 1758 autem
1175 1722 1288 1759 rebus

163 1797 191 1817 π
220 1770 355 1806 amatis
383 1782 459 1806 non
490 1768 631 1806 bonum
663 1771 853 1817 velimus,
890 1771 960 1807 seii
987 1776 1114 1820 ipsum
1143 1787 1287 1811 earnm

162 1850 191 1870 „
221 1820 364 1858 bonum
396 1820 503 1859 nobis
532 1823 720 1871 velimus,
752 1825 846 1861 sicut
875 1837 964 1860 cum
996 1826 1160 1863 dicimus
1182 1842 1286 1864 ama-

219 1888 259 1912 re
289 1876 423 1912 vinum
442 1905 452 1922 ,
482 1883 546 1912 aut
576 1890 746 1926 equum,
776 1886 840 1913 aut
869 1876 1016 1927 aliquid
1040 1877 1257 1926 hujusmodi
1276 1910 1285 1926 ,

161 1957 189 1976 „
220 1941 289 1964 non
320 1935 371 1965 est
400 1940 508 1964 amor
536 1930 745 1976 amicitiae,
781 1929 844 1966 sed
873 1929 1072 1978 cujusdam
1103 1933 1286 1981 concupi-

159 2009 185 2029 „
215 1982 395 2019 scentiae.
437 1978 659 2028 Ridiculum
691 1983 792 2020 enim
821 1989 873 2018 est
901 1982 1055 2029 dicere,
1084 1985 1185 2034 quod
1215 1984 1288 2022 ali-

160 2063 187 2083 „
217 2036 301 2087 quis
324 2034 436 2072 habet
456 2035 667 2072 amicitiam
683 2037 730 2073 ad
751 2036 885 2074 viuum
903 2065 913 2082 ,
945 2033 1005 2073 vel
1021 2036 1069 2073 ad
1087 2038 1286 2088 equum''.

215 2089 251 2126 5.
284 2119 309 2136 „
339 2088 414 2126 Sed
443 2101 514 2125 nec
544 2087 806 2127 benevolentia
836 2091 851 2139 (
884 2090 1003 2140 pergit
1035 2088 1238 2140 Angelicus
1269 2092 1284 2140 )

160 2170 187 2191 9,
217 2142 355 2181 sufficit
371 2142 418 2181 ad
434 2143 617 2180 rationem
632 2143 815 2181 amicitiae
833 2172 843 2190 ,
874 2143 937 2180 sed
956 2145 1286 2197 requiriturquae-

160 2218 186 2245 i:
216 2196 305 2233 dam
334 2205 474 2234 mutua
496 2200 678 2245 amatio,
707 2197 800 2249 quia
828 2199 986 2234 amicus
1006 2205 1063 2234 est
1083 2202 1218 2236 amico
1240 2212 1286 2236 a·

159 2278 188 2297 e>
217 2253 366 2288 micus.
398 2249 504 2288 Talis
534 2258 661 2288 autem
693 2261 826 2289 mutua
853 2248 1120 2289 benevolentia
1150 2251 1286 2291 funda·

160 2331 188 2351 2,
216 2312 278 2340 tur
307 2317 421 2356 super
449 2302 581 2355 aliqua
609 2306 951 2342 communicatione
973 2305 994 2320 '’
1012 2331 1023 2342 .

214 2355 253 2394 6.
284 2356 397 2394 Unde
426 2357 575 2395 tandem
606 2358 820 2396 concludit:
851 2359 991 2406 „Cum
1023 2372 1111 2410 ergo
1140 2359 1186 2396 sit
1215 2358 1285 2398 ali-

215 2424 292 2462 qua
318 2411 618 2449 communicatio
647 2410 810 2450 heminis
826 2412 872 2450 ad
889 2412 1015 2450 Deum
1033 2442 1042 2460 ,
1074 2413 1285 2452 secundum

216 2463 316 2516 quod
345 2464 455 2504 nobis
484 2478 592 2502 suam
613 2464 890 2503 beatitudinem
913 2467 1192 2513 communicat,
1224 2482 1285 2505 su·

214 2531 283 2569 per
312 2516 412 2556 hanc
440 2519 828 2557 communicationem
857 2529 1001 2571 oportet
1043 2519 1214 2572 aliquam
1244 2536 1285 2559 a-

215 2572 403 2609 micitiam
434 2572 612 2609 fundari:
655 2572 702 2610 de
731 2587 808 2624 qua
835 2573 993 2624 quidem
1024 2575 1285 2613 communica-

159 2654 184 2672 „
214 2626 310 2662 tione
338 2625 479 2663 dicitnr
514 2639 548 2663 ι.
576 2626 624 2663 ad
639 2627 856 2664 Corintl1.l.
885 2639 923 2678 9.
968 2625 1112 2664 Fide-{ts
1142 2626 1252 2665 Deus
1274 2658 1285 2677 ,

157 2707 184 2726 „
212 2691 282 2728 per
308 2691 427 2729 quem
457 2684 585 2717 vocati
613 2683 706 2717 estis
734 2684 777 2717 ιή
805 2685 1035 2718 societatem
1070 2680 1155 2718 Filii
1175 2683 1285 2734 ejus.

157 2762 184 2779 ἲ,
217 2733 335 2770 Amor
364 2741 490 2771 autem
521 2745 635 2786 super
665 2732 763 2772 lianc
779 2735 1166 2772 communicationem
1195 2736 1286 2774 fun-

159 2812 184 2831 „
212 2785 346 2833 datus,
376 2796 428 2824 est
457 2787 646 2833 cliaritas3
680 2788 776 2826 unde
806 2787 1050 2826 manifestum
1082 2797 1159 2834 est,
1183 2789 1287 2841 quod

158 2865 187 2883 ,‚
216 2839 392 2877 charitas
406 2844 588 2878 amicitia
603 2841 790 2892 quoedtzm
801 2851 857 2880 est
872 2840 1041 2879 hominis
1050 2841 1105 2879 ad
1114 2841 1288 2881 Deum’'.

158 2889 252 2927 Haec
286 2894 405 2932 fusius
443 2893 637 2947 explicare
674 2909 764 2933 cum
805 2894 988 2948 Angelico
1030 2907 1102 2933 non
1136 2897 1285 2947 piguit;

157 2941 268 2980 nullo
297 2950 398 2986 enim
427 2949 540 2986 modo
569 2957 686 3000 potest
705 2948 842 2988 melius
858 2959 994 2988 natura
1014 2948 1208 2988 charitatis
1228 2951 1284 2989 in-

157 2994 278 3048 telligi
297 3024 307 3035 .

215 3063 251 3099 7.
282 3049 450 3091 Celebris
481 3064 533 3094 est
564 3056 678 3094 etiam
695 3056 866 3095 definitio
896 3056 1119 3106 charitatis,
1161 3071 1282 3108 quam

154 3103 314 3142 tradidit
343 3104 384 3143 S.
414 3107 645 3158 Augustinus
674 3111 763 3149 Lib.
782 3111 847 3148 ΙΙΙ,
885 3110 950 3149 De
981 3110 1107 3149 doctr.
1141 3110 1282 3150 Christ.

156 3169 315 3205 cap-¹0·
336 3159 534 3210 inquiens:
570 3163 819 3203 Charitatem
850 3178 941 3202 “oco
971 3169 1100 3202 animi
1130 3174 1283 3202 motum

157 3208 459 3262 adfruendum
488 3211 574 3250 Deo
602 3228 757 3268 propter
788 3223 941 3267 ipsum,
970 3219 1020 3259 (9-
1050 3232 1118 3266 se,
1162 3227 1282 3270 atque

156 3268 339 3313 proximo
367 3273 522 3316 propter
539 3265 668 3306 Deum
687 3298 696 3308 .
726 3271 831 3319 Quid
859 3281 984 3310 autem
1016 3272 1204 3324 significet
1234 3273 1281 3310 il—

157 3315 195 3354 ta
225 3331 296 3356 vox
313 3318 432 3370 frui,
462 3319 628 3373 explicat
657 3324 756 3363 idem
786 3325 826 3365 S.
848 3326 990 3365 Doctor
1019 3327 1060 3364 in
1086 3326 1221 3366 eodem
1241 3339 1281 3365 o-

161 1904 188 1923 θ’

158 2599 167 2618 ιι
158 2548 167 2565 υ
159 2493 169 2511 ιι
158 2438 171 2465 ,ιι-

174 2600 184 2618 v
174 2547 185 2567 ν
176 2494 185 2511 υ
174 2440 185 2461 ν

784 143 864 187 DE
900 143 1059 188 VJRT.
1093 145 1320 192 THEOL.
1353 147 1617 191 DISSERT.
1650 149 1726 192 III.
1761 153 1888 196 CAP.
1918 153 1950 198 Ι.

1381 241 1470 278 pere
1500 228 1588 265 Lib.
1621 229 1648 265 Ι.
1679 243 1763 281 cap.
1795 230 1831 268 5.
1862 232 1919 269 his
1949 232 2098 272 verbis:
2149 233 2240 272 Frui
2269 244 2327 273 est
2355 249 2493 277 amore

1379 280 1499 317 alicui
1535 286 1592 318 vei
1621 281 1841 332 inhaerere,
1883 297 2037 335 propter
2074 292 2278 338 seipsum,-
2322 291 2422 328 unde
2451 292 2493 330 S.

1379 332 1546 371 Thomas
1578 347 1613 372 2.
1637 348 1674 373 2.
1704 350 1743 387 q.
1775 348 1839 387 ¹27.
1869 347 1939 375 art.
1961 338 1998 376 5.
2029 351 2124 378 recte
2153 343 2290 389 infert,
2325 355 2369 379 ex
2399 344 2487 381 cha-

1376 386 1484 424 ritate
1506 386 1637 425 Deum
1668 387 1912 440 diligendum
1941 404 2028 428 esse
2046 404 2199 442 propter
2220 399 2413 446 seipswn.
2444 396 2493 434 Et

1382 451 1414 476 1.
1447 453 1483 477 2.
1513 454 1579 492 qu.
1601 454 1660 478 11.
1691 450 1761 480 art.
1783 441 1841 482 3..
1872 442 1959 488 &lt⁸
1987 444 2069 495 jam
2100 448 2347 498 probaverat,
2377 450 2493 487 etiarn

1375 504 1420 529 ex
1449 493 1489 530 S.
1514 495 1720 546 Augustino
1736 525 1746 542 ,
1765 494 2007 546 fruitionem
2040 501 2189 549 proprie
2210 514 2282 539 nnn
2301 516 2377 540 esse
2394 532 2404 549 ,
2435 504 2492 539 ni-

1375 546 1406 583 si
1436 545 1561 585 ultimi
1592 547 1700 595 finis,
1736 551 1803 600 qui
1833 551 2044 601 appetitur,
2084 563 2155 588 non
2187 564 2331 605 propter
2367 554 2490 593 alium

1378 598 1595 637 ulteriorem
1627 601 1767 649 finem,
1805 603 1868 640 sed
1897 614 2049 654 propter
2078 606 2270 655 seipsum.
2309 607 2418 654 Quod
2449 607 2491 646 S.

1377 650 1515 690 Doctor
1545 654 1846 706 frequentissime
1877 659 2029 708 repetit,
2062 666 2100 694 ut
2130 658 2288 708 proinde
2316 673 2490 698 commu—

1374 706 1431 742 nis
1460 709 1618 744 evaserit
1646 707 1966 748 scholasticorum
1996 709 2173 761 loquela;
2201 710 2344 749 scilicet
2367 713 2492 754 chari-

1373 766 1485 797 tatem
1514 772 1592 798 esse
1619 759 1868 800 dilectionem
1889 761 1965 801 Dei
1984 767 2279 815 superomnia,
2309 777 2372 802 seu
2402 778 2490 817 pro-

1371 821 1453 864 pter
1485 814 1611 865 ipsum
1641 814 1794 853 Deum.

1424 864 1463 903 8.
1494 867 1566 904 Sed
1595 868 1792 906 redeamus
1830 867 1877 906 ad
1916 868 2080 921 primam
2118 868 2405 908 definitionem.
2447 869 2490 909 S.

1370 917 1537 958 'Thomas
1565 934 1596 959 ι.
1620 934 1657 958 2.
1686 931 1753 974 qu.
1777 920 1840 960 26.
1860 932 1931 960 art.
1953 924 1990 969 4.
2021 937 2190 961 amorem
2210 927 2406 961 amicitiae
2437 924 2487 962 ita

1366 972 1563 1024 distinguit
1590 974 1641 1012 ab
1670 989 1800 1013 amore
1827 978 2145 1027 concupiscentiae
2164 1005 2174 1015 .
2206 1004 2232 1025 ,‚
2261 976 2368 1014 Sicut
2397 976 2489 1015 Phi-

1366 1054 1393 1073 „
1423 1026 1598 1079 losoplrus
1627 1028 1719 1066 dicit
1748 1031 1765 1080 (
1796 1031 1834 1066 in
1856 1027 1903 1067 ΙΙ.
1926 1028 2083 1068 Rhetor.
2106 1045 2140 1069 c.
2161 1030 2199 1076 4.
2223 1031 2238 1079 )
2275 1043 2405 1068 amare
2435 1037 2487 1068 est

1367 1108 1393 1128 ,,
1423 1079 1522 1119 velle
1551 1081 1670 1119 alicui
1698 1082 1866 1120 bonum:
1908 1084 1962 1121 sic
1991 1096 2079 1134 ergo
2115 1093 2237 1122 motus
2273 1084 2412 1121 amoris
2443 1084 2486 1122 in

1366 1161 1392 1181 „
1423 1133 1497 1170 duo
1526 1134 1668 1181 tendit·‚
1710 1135 1856 1174 scilicet
1886 1137 1924 1174 in
1953 1137 2096 1175 bonum
2114 1167 2125 1185 ‚
2154 1137 2255 1189 quod
2285 1138 2371 1190 quis
2402 1135 2485 1174 vult

1364 1215 1391 1234 ‚‚
1420 1186 1560 1236 alicui,
1591 1188 1661 1228 Vel>
1680 1188 1774 1237 sibi,
1807 1188 1867 1227 vel
1896 1189 1991 1235 alii3
2023 1188 2056 1224 ἆ
2085 1191 2123 1228 in
2153 1191 2250 1228 illud
2269 1220 2279 1238 ,
2309 1191 2373 1228 cui
2404 1189 2486 1226 vult

1362 1268 1388 1288 ‚,
1420 1239 1591 1278 bonum.
1623 1243 1681 1279 Ad
1710 1241 1808 1280 illud
1839 1256 1926 1294 ergo
1954 1242 2123 1291 bonum,
2153 1243 2255 1294 quod
2285 1245 2371 1295 quis
2401 1242 2484 1280 vult

1360 1322 1387 1342 „
1417 1293 1552 1342 alteri,
1583 1293 1745 1332 liabetur
1774 1307 1880 1332 amor
1909 1300 2270 1345 concupiscentiae5
2307 1297 2353 1333 ad
2384 1294 2482 1333 illud

1361 1375 1388 1395 „
1419 1355 1574 1395 autem,
1604 1349 1667 1385 cui
1697 1346 1838 1400 aliquis
1868 1347 1950 1386 vult
1978 1348 2153 1396 bonum,
2183 1348 2345 1386 habetur
2374 1360 2482 1385 amor

1361 1428 1387 1447 „
1417 1404 1631 1439 amicitiae,
1662 1399 1756 1438 Haec
1773 1410 1898 1439 autem
1913 1401 2052 1440 divisio
2071 1410 2122 1438 est
2137 1402 2486 1452 secundumprius‚

1360 1481 1387 1502 „
1420 1452 1451 1488 8(
1473 1455 1678 1505 posterius.
1710 1454 1809 1492 Nam
1828 1456 1887 1503 id,
1917 1455 2018 1506 quod
2046 1463 2195 1492 amatur
2224 1467 2351 1492 amore
2379 1456 2485 1491 ami-

1360 1536 1386 1555 „
1416 1511 1522 1544 citioe
1539 1538 1549 1555 ,
1580 1508 1827 1558 simpsicz'ter,
1856 1509 1905 1549 (θ’
1934 1521 2004 1558 per
2031 1521 2073 1546 se
2093 1517 2267 1553 amatum
2294 1507 2396 1559 quod
2411 1520 2481 1544 au·

1355 1589 1382 1607 „
1413 1570 1489 1598 tem
1519 1571 1668 1600 amatur
1698 1575 1826 1600 amore
1846 1566 2196 1612 concupiscentiae,
2227 1573 2301 1598 uon
2331 1560 2480 1610 simpli-

1357 1642 1385 1662 „
1414 1618 1512 1652 citer
1528 1645 1538 1663 ,
1567 1615 1617 1655 (9¹
1645 1614 1864 1653 secundum
1884 1629 1927 1653 se
1947 1624 2094 1653 amatur
2109 1644 2121 1664 ,
2151 1615 2212 1653 sed
2233 1622 2398 1651 amatur
2418 1613 2479 1650 al-

1357 1695 1385 1715 „
1414 1671 1487 1705 teri
1504 1694 1515 1706 .
1544 1668 1652 1706 Sicut
1673 1669 1778 1706 enim
1799 1683 1864 1706 ens
1878 1681 1948 1718 per
1965 1681 2010 1705 se
2029 1668 2255 1719 simpliciter
2274 1675 2346 1716 est,
2375 1666 2480 1719 quod

1357 1747 1383 1767 „
1415 1719 1527 1758 habet
1554 1733 1659 1766 esse3
1703 1734 1768 1757 ens
1797 1731 1923 1758 autem
1961 1720 2178 1759 secundum
2214 1720 2332 1772 quid,
2374 1720 2479 1772 quod

1358 1800 1383 1818 „
1413 1781 1464 1810 est
1495 1774 1531 1810 in
1561 1773 1661 1818 ali03
1705 1774 1756 1811 ita
1787 1774 1956 1822 bonum,
1994 1775 2097 1826 quod
2126 1771 2356 1812 convertitur
2385 1787 2480 1811 cum

1355 1853 1382 1872 ,‚
1412 1834 1521 1871 ente,
1559 1826 1787 1873 simpliciter
1817 1828 1974 1878 quidem
2004 1835 2084 1875 est,
2123 1826 2225 1878 quod
2257 1828 2379 1877 ipsam
2411 1825 2477 1863 lia<

1355 1905 1381 1924 „
1412 1878 1474 1916 bet
1502 1879 1729 1925 bonitatem3
1759 1880 1861 1931 quod
1891 1889 2017 1917 autern
2048 1888 2100 1917 est
2128 1880 2275 1921 bonum
2296 1878 2474 1927 alterius,

1357 1958 1382 1977 ‚,
1412 1940 1464 1968 est
1492 1932 1635 1969 bonnm
1664 1931 1882 1971 secundum
1911 1932 2030 1985 quid:
2073 1932 2107 1969 8<
2151 1946 2218 1984 per
2247 1945 2477 1983 consequens

1356 2010 1382 2029 ‚‚
1413 1997 1546 2031 amor,
1580 1999 1655 2037 quo
1684 1997 1833 2024 amatur
1863 1987 2038 2039 aliquid,
2081 1994 2122 2023 ut
2159 1989 2195 2023 ei
2223 1989 2272 2022 sit
2301 1985 2444 2026 bonum
2462 2015 2474 2032 ‚

1357 2062 1383 2082 ‚,
1413 2045 1464 2073 est
1493 2050 1600 2074 amor
1627 2040 1887 2090 simpliciter:
1916 2053 2022 2079 amor
2043 2049 2192 2087 autem,
2222 2051 2299 2090 quo
2319 2049 2469 2076 amatur

1355 2116 1381 2136 „
1411 2090 1556 2141 aliquid
1574 2121 1584 2138 ,
1617 2101 1655 2129 ut
1683 2094 1729 2130 sit
1757 2093 1903 2132 bonum
1932 2093 2108 2142 alterius,
2137 2101 2190 2130 est
2210 2105 2318 2130 amor
2337 2105 2474 2130 secun=

1354 2171 1380 2190 „
1411 2141 1506 2180 (lum
1534 2143 1650 2194 quial·

1407 2210 1446 2249 9.
1479 2197 1531 2234 lta
1562 2197 1772 2249 profunde,
1803 2195 1837 2233 8(
1857 2207 2032 2238 accurate
2052 2197 2093 2237 S.
2114 2198 2282 2237 Thomas
2301 2211 2346 2236 ex
2368 2198 2477 2250 prin-

1355 2250 1468 2300 cipiis
1497 2264 1600 2288 sante
1631 2250 1908 2303 Philosophiae;
1954 2253 2022 2304 qui
2050 2251 2210 2290 subinde
2239 2252 2286 2289 ad
2317 2252 2355 2290 5.
2384 2262 2476 2290 cum

1354 2303 1429 2342 sibi
1459 2303 1684 2356 objecisset,
1728 2305 1921 2356 triplicem
1952 2320 2030 2344 esse
2059 2306 2270 2344 amicitiam
2289 2335 2299 2353 ,
2336 2318 2477 2356 nempe

1354 2358 1513 2406 utilem,
1543 2357 1840 2409 delectabilem,
1870 2357 2152 2408 &honestam,
2183 2360 2233 2396 ita
2255 2358 2476 2409 respondet·

1354 2440 1382 2459 ‚,
1411 2412 1454 2449 ln
1485 2412 1656 2450 amicitia
1685 2414 1795 2462 utili,
1825 2413 1858 2450 ἃ
1879 2411 2122 2462 delectabili,
2153 2411 2235 2451 vult
2255 2411 2412 2464 quidem
2433 2426 2475 2449 aa

1353 2494 1381 2514 „
1411 2464 1528 2517 liquis
1556 2465 1713 2518 aliquod
1742 2466 1887 2506 bonum
1903 2469 2047 2513 amic03
2077 2466 2111 2503 ἃ
2131 2475 2314 2519 quantum
2336 2465 2383 2502 ad
2399 2463 2472 2502 hoc

1354 2547 1380 2566 ,‚
1411 2519 1577 2557 salvatur
1606 2520 1662 2559 ibi
1691 2521 1786 2558 ratio
1815 2522 2023 2561 amicitiae.
2052 2520 2126 2559 Sed
2155 2521 2247 2572 quia
2277 2518 2374 2557 illud
2403 2518 2474 2556 bo-

1353 2600 1380 2620 „
1411 2586 1502 2610 num
1535 2573 1647 2611 refert
1676 2574 1834 2613 ulterius
1863 2575 1910 2613 ad
1947 2589 2054 2613 suam
2092 2572 2400 2619 delectationem,
2438 2570 2474 2607 δε

1355 2654 1381 2673 „
1411 2625 1638 2675 utilitatem,
1668 2629 1756 2666 inde
1784 2637 1836 2666 est
1865 2629 1966 2681 quod
1995 2629 2172 2668 amicitia,
2186 2627 2289 2664 utilis
2307 2655 2317 2673 ,
2348 2624 2382 2660 &
2401 2623 2468 2662 de-

1353 2707 1380 2727 „
1410 2679 1623 2729 Iectczbz'lis,
1645 2684 1685 2718 in
1701 2691 1896 2733 quantum
1916 2681 2087 2720 trahitur
2106 2680 2160 2718 ad
2175 2692 2358 2718 amorem
2379 2691 2474 2716 con-

1354 2761 1381 2780 „
1410 2738 1662 2783 cupiscentz‘oe
1683 2765 1694 2784 ,
1724 2734 1857 2789 deficit
1876 2749 1905 2773 a
1924 2740 2080 2776 ratione
2099 2747 2202 2773 verce
2222 2735 2414 2770 amicitiae
2430 2732 2476 2769 ''.

1355 2786 1411 2824 Ita
1440 2789 1519 2826 veri
1549 2791 1716 2829 nominis
1744 2790 1956 2828 amicitiam
1985 2789 2165 2828 describit
2193 2787 2333 2825 Doctor
2355 2785 2477 2838 Aqui·

1355 2853 1444 2889 nas,
1477 2842 1574 2880 unde
1596 2857 1757 2894 pronum
1779 2851 1830 2882 est
1847 2843 2077 2896 intelligere,
2105 2842 2351 2888 charitatem,
2383 2852 2473 2891 quae

1357 2903 1410 2932 est
1439 2900 1622 2934 amicitia
1651 2895 1822 2935 hominis
1851 2897 1906 2935 ad
1921 2897 2053 2935 Deum
2072 2927 2082 2943 ,
2111 2908 2186 2934 non
2208 2902 2285 2934 esse
2305 2905 2477 2932 amorem

1353 2954 1712 3001 concupiscentiae,
1741 2964 1818 3004 quo
1846 2951 2157 2998 a1namr,Deus‚
2189 2958 2228 2987 ut
2256 2949 2379 2987 bonus
2407 2959 2474 2984 uo-

1350 3001 1437 3051 bis,
1467 3004 1529 3041 sed
1559 3017 1729 3042 amorem
1759 3008 1978 3054 amicitiae,
2009 3003 2045 3041 &
2064 3002 2368 3048 berzet’olentiae,
2396 3010 2472 3051 quo

1349 3064 1499 3094 amatur
1518 3058 1624 3095 Deus
1646 3067 1797 3111 propter
1817 3060 1984 3111 seipsum
2002 3088 2013 3108 ,
2042 3072 2107 3097 seu
2137 3067 2177 3096 ut
2207 3058 2328 3096 bonus
2347 3057 2387 3091 in
2401 3064 2444 3089 se
2460 3080 2471 3099 ‚

1352 3108 1386 3145 ἃ
1415 3111 1666 3161 simpliciter.
2367 3159 2374 3166 .

1411 3177 1471 3202 10.
1500 3164 1704 3218 Explicata
1732 3166 1883 3206 notione
1897 3165 2126 3215 Charitatis,
2154 3176 2257 3203 nunc
2273 3157 2471 3211 explican-

1349 3216 1442 3255 dum
1481 3229 1647 3271 superest
1676 3218 1847 3271 ejusdem
1877 3221 2070 3259 charitatis
2105 3218 2325 3267 objectum3
2367 3211 2470 3273 qupd

1349 3274 1606 3310 communiter
1625 3273 1766 3325 duplex
1788 3276 1961 3313 statuitur
1977 3305 1989 3322 ,
2007 3272 2113 3311 aliud
2133 3267 2346 3317 materiale
2363 3295 2374 3313 ,
2393 3278 2469 3302 cir-

1349 3337 1394 3365 ca
1421 3326 1523 3379 quod
1552 3329 1670 3367 virtus
1699 3327 1894 3369 charitatis
1922 3335 2092 3369 versatur
2107 3337 2119 3369 ;
2139 3321 2243 3363 aliud
2254 3318 2439 3375 formale
2454 3346 2467 3367 φ

2308 3386 2415 3413 nem-
