2562 3694
216 164 292 202 152

214 250 280 274 uus
309 234 538 273 decisionem
558 232 810 284 Apostolicam
841 234 965 270 addito
993 233 1167 279 decreto,
1198 244 1273 283 quo

209 290 258 326 ab
276 290 455 326 universis
473 286 554 338 ejus
572 286 849 325 observantiam
862 287 1037 338 exigebat
1052 286 1115 337 (ιι)
1132 312 1143 322 .
1173 286 1271 322 Cum

211 350 337 379 autem
367 340 476 379 illam
507 349 704 378 tentassent
732 340 912 388 eludere,
956 342 1146 390 variisque
1189 339 1271 373 ina-

209 396 324 432 nibus
354 393 564 432 rationibus
593 393 759 446 effugere
789 394 844 440 ii,
874 395 942 445 qui
972 393 1145 430 Siueuses
1176 390 1270 425 ritus

209 457 403 499 tamquam
434 446 632 499 politiCOS,
677 462 720 485 ac
751 461 854 485 inere
882 445 1014 483 civiles
1051 455 1268 493 propugna-

208 511 362 548 veraut,
408 501 613 551 praedictus
640 499 813 539 Pontifex
843 500 1015 536 Clemens
1035 495 1104 532 XI.
1134 495 1264 532 decre-

208 563 269 602 to,
317 556 418 606 quod
460 568 527 606 per
556 554 683 592 Sacrae
716 551 970 604 Inquisitionis
1001 550 1260 600 Congregatio-

205 620 294 646 nem
324 610 517 646 emanavit
542 622 654 658 ¹7¹0·
687 606 867 658 przecepit
908 603 1168 639 omnimodam
1187 632 1197 649 ⁷
1228 601 1261 638 Sc

206 661 471 700 inviolabilem
500 662 720 698 earumdem
752 657 1035 706 responsionum
1066 655 1115 692 ab
1145 670 1182 692 se
1214 656 1261 693 Α·

205 716 386 767 postolica
405 715 622 752 auctoritate
650 710 962 749 confirmatarum
978 708 1261 747 observantiam

146 798 174 818 ‚‚
287 770 330 805 At
360 782 447 807 vero
475 780 543 804 nec
572 766 764 802 decretum
797 762 1014 813 hujusmodi
1046 762 1092 799 ad
1122 761 1262 799 diffiei-

145 852 172 871 „
202 821 255 859 les
283 823 424 859 animos
452 817 707 869 subijciendos
737 816 884 855 valuit.
927 817 1057 867 Itaque
1084 816 1262 854 Clemens

205 877 305 912 idem
322 874 421 922 Papa
442 870 511 910 XI.
540 884 617 922 quo
646 869 731 908 illos
761 870 913 907 tandem
943 869 1151 921 aliquanlo
1173 870 1260 906 frae-

203 936 330 972 naret,
360 925 668 962 Constitutionem
698 938 758 961 an.
793 924 907 974 1715.
938 923 1157 974 evulgavit,
1189 922 1260 960 Ex

200 982 268 1017 illic
297 979 382 1025 (lle,
413 992 490 1030 qua
519 977 735 1016 solemniter
764 978 902 1014 iterum
926 977 1167 1014 confirmtvit
1189 991 1256 1014 an-

200 1035 352 1070 tedictas
366 1031 493 1069 Sacrae
516 1032 776 1083 Inquisitionis
806 1033 1090 1082 responsiones,
1121 1044 1259 1082 easque

198 1096 350 1134 exacte,
381 1086 414 1122 ὅ(
434 1086 667 1124 adamussim
695 1085 885 1123 observari
914 1085 1129 1131 mandavit,
1162 1097 1258 1134 prae-

195 1140 309 1177 clusis
329 1140 505 1177 omuibus
530 1140 575 1176 iis
595 1138 744 1189 effugiis
759 1168 770 1187 ,
800 1139 941 1189 quibus
972 1138 1175 1186 perfectam
1197 1152 1258 1175 ea-

195 1206 281 1232 rum
321 1193 604 1231 observantiam
646 1201 887 1229 contumaces
925 1191 1098 1229 homiues
1126 1190 1258 1243 aliquo

197 1256 305 1298 pacto
333 1247 493 1284 evadere
523 1247 729 1298 potuissent
749 1245 796 1283 ³².

197 1300 284 1338 130.
307 1330 333 1348 „
354 1299 424 1337 Per
451 1301 761 1338 Constitutionem
793 1297 1048 1350 Apostolicam
1079 1298 1171 1336 adeo
1200 1311 1257 1336 so-

194 1352 388 1397 lemnem3
417 1368 494 1406 qua
508 1353 682 1391 Clemens
702 1352 804 1405 Papa
824 1351 894 1390 XI.
924 1367 961 1389 se
992 1352 1081 1389 huic
1110 1362 1256 1391 coutro-

197 1408 330 1445 versiae
350 1407 464 1444 finem
483 1407 627 1450 dedisse
646 1415 818 1454 testatur,
847 1405 1013 1457 justum,
1045 1405 1078 1440 δε
1100 1420 1256 1457 εειμῑίιη

195 1460 420 1508 videbatur,
463 1474 545 1509 eos,
587 1461 654 1512 qui
684 1461 725 1498 S.
753 1459 861 1497 Sedis
890 1461 1150 1497 auctoritatem
1181 1473 1258 1495 sese

194 1529 311 1566 quam
342 1516 506 1552 maxime
537 1514 699 1551 revereri
743 1512 1039 1564 profiterentur,
1085 1512 1257 1559 humili,

195 1568 228 1603 δε
257 1567 479 1620 obsequenti
507 1570 635 1605 auimo
663 1566 768 1605 illius
797 1566 942 1616 judicio
962 1566 1078 1603 semel
1103 1567 1259 1603 omuino

195 1621 413 1672 subjicere,
442 1635 512 1659 nec
543 1620 698 1659 ulterius
726 1621 938 1672 quidquam
955 1619 1130 1658 cavillari
1149 1646 1159 1657 .
1191 1619 1259 1657 Ni-

194 1673 404 1713 hilominus
433 1674 718 1721 inobedientes,
762 1673 795 1709 &
825 1674 981 1725 captiosi
1020 1673 1191 1711 homiues
1221 1688 1259 1710 e-

197 1737 345 1765 xactam
387 1727 559 1777 ejusdem
588 1728 869 1764 Constitutionis
911 1727 1190 1764 observantiam
1221 1740 1260 1762 se

197 1780 361 1831 effugere
391 1792 495 1831 posse
538 1788 718 1830 putarunt
762 1792 805 1815 ea
837 1779 1005 1824 ratione,
1053 1779 1153 1830 quod
1192 1778 1260 1816 illa

227 1835 383 1884 raecepti
413 1832 568 1869 titulum
601 1833 819 1883 praeferret,
851 1833 1068 1882 quasivero
1098 1844 1171 1868 uon
1204 1831 1259 1868 in·

195 1885 428 1924 dissolubilis
456 1884 549 1935 legis
569 1914 580 1931 ,
610 1884 673 1921 sed
705 1887 887 1936 praecepti
918 1897 1020 1920 mere
1051 1883 1260 1923 Ecclesias-

197 1941 262 1977 tici
293 1940 374 1977 vim
405 1937 582 1981 liaberet3
627 1945 708 1974 tum
737 1939 853 1977 etiam
882 1937 982 1987 quod
1014 1935 1122 1972 illam
1151 1936 1258 1976 debi-

195 1991 338 2030 litatem
369 1992 631 2030 existimarent
659 2002 703 2026 ex
742 1989 1058 2040 permissionibus
1099 1988 1256 2039 quibus-

194 2047 281 2083 dam
304 2076 315 2094 ,
344 2059 438 2098 quas
468 2056 580 2096 super
610 2044 742 2082 iisdem
774 2041 1000 2081 Siuensibus
1030 2041 1166 2079 ritibus
1188 2055 1258 2092 pu-

196 2099 355 2138 blicavit
385 2096 544 2136 Carolus
573 2097 759 2135 Antonius
788 2095 1065 2134 Mediobarbus
1095 2094 1258 2132 Patriar-

196 2153 268 2191 clia
300 2151 601 2197 Alexandrinus,
631 2164 719 2188 cum
749 2150 1064 2187 Commissarium
1083 2178 1092 2196 ,
1124 2149 1157 2185 ἃ
1188 2148 1256 2185 Vi-

139 2237 166 2257 „
195 2209 386 2246 sitatorem
416 2203 644 2243 Generalem
674 2203 934 2257 Apostolicum
976 2203 1017 2243 in
1049 2203 1093 2241 iis
1137 2202 1258 2256 regio-

138 2291 166 2311 „
196 2261 311 2303 nibus
341 2261 479 2299 faceret
508 2256 565 2310 (b)
587 2257 609 2274 ''
628 2266 653 2298 .‚·

157 268 183 286 ³,

154 319 179 338 22

153 372 180 391 ’⁴'

152 426 179 443 9²

151 478 177 497 θ’

149 531 177 551 9,

149 585 177 604 ’2

147 638 175 657 22

147 692 175 711 92

147 745 175 764 θ’

145 906 173 926 99

144 959 172 978 2²

144 1012 169 1031 22

142 1065 169 1084 97

141 1118 167 1136 θ’)

139 1170 166 1189 ’3

136 1223 165 1242 ³²

138 1277 166 1295 22

137 1384 165 1403 2,

136 1437 165 1455 a,

139 1488 164 1509 5,

138 1544 165 1563 22

136 1597 164 1617 ’Β

138 1652 166 1670 Ἠ

137 1704 163 1724 ³2

137 1757 165 1776 2²

138 1810 166 1830 2>

138 1864 166 1882 :2

137 1917 165 1936 ²9

140 1970 166 1989 99

137 2023 166 2043 99

138 2078 165 2096 :²

138 2130 166 2150 ³²

138 2183 165 2203 99

183 2386 231 2422 (a)
262 2382 483 2415 Tournonius
509 2388 585 2426 post
622 2379 726 2424 hujus
763 2379 895 2414 decreti
937 2379 1257 2425 promulgationem

137 2430 303 2462 maximis
341 2428 514 2462 molestiis
539 2427 680 2461 affectus
712 2436 786 2467 est,
828 2439 868 2460 ac
893 2426 1036 2461 demum
1073 2428 1107 2460 in
1134 2436 1256 2468 arcta,

137 2486 208 2519 qua
234 2474 482 2515 detinebatur,
519 2472 680 2507 custodia
707 2474 741 2506 in
766 2474 851 2507 urbe
879 2476 1003 2508 Macao
1032 2486 1124 2506 anno
1156 2486 1255 2527 1713.

135 2522 288 2565 gloriose
326 2521 488 2555 occubit.
521 2520 591 2563 Qui
618 2518 660 2553 de
684 2521 823 2553 eximiis
856 2520 962 2564 hujus
989 2520 1054 2553 viri
1091 2521 1227 2553 meritis
1248 2542 1259 2561 ,

136 2569 408 2613 ingentibusque
435 2580 499 2612 pro
525 2566 601 2601 fidei
627 2567 782 2612 puritate
821 2566 947 2600 tuenda
974 2566 1130 2610 ejusdem
1160 2567 1260 2600 labo-

134 2615 260 2656 ribus,
286 2619 318 2647 &
343 2615 509 2647 aerumnis
535 2614 634 2658 plura
660 2613 747 2646 scire
774 2614 895 2657 cupit,
921 2612 1019 2646 adeat
1046 2612 1258 2646 Polidorium

137 2660 194 2693 De
215 2665 297 2701 vita,
312 2666 352 2694 Θ
371 2662 589 2704 rebusgestt's
603 2660 791 2694 Clementis
809 2661 868 2692 XI.
883 2660 1010 2693 Urbini
1025 2672 1115 2693 anno
1134 2670 1235 2703 1727.
1248 2683 1259 2702 ,

137 2710 170 2739 δε
194 2708 223 2740 le
249 2708 417 2741 Μεηιονίε
445 2707 610 2740 Storz'che
645 2708 732 2739 clell'
750 2706 979 2739 Emineiztiss.
1006 2705 1120 2739 lllons.
1149 2707 1257 2740 Card-

137 2755 175 2786 di
202 2753 366 2787 Tournon.
395 2754 472 2787 Vol.
491 2755 524 2787 8.
553 2755 587 2786 in
615 2753 765 2787 Venezia
784 2752 885 2795 1761.

185 2802 228 2837 (b)
254 2801 399 2835 Carolus
438 2800 644 2834 Ambrosius
683 2797 932 2832 Mediobarbus
959 2798 1157 2831 Ticinensis
1196 2799 1259 2832 Pa-

140 2845 291 2880 triarclia
319 2846 488 2881 Alexand.
526 2847 592 2880 fuit:
620 2859 639 2880 a
664 2846 848 2879 Clemente
875 2846 937 2878 XI.
964 2854 1002 2878 ut
1029 2845 1258 2889 Apostolicus

139 2890 332 2933 visitator,
359 2906 439 2927 cum
463 2894 630 2928 facultate
649 2892 775 2935 Legati
798 2894 841 2925 de
867 2894 974 2926 latere
1001 2890 1043 2924 ad
1070 2892 1258 2935 imperium

140 2937 304 2970 Sinarum
340 2941 466 2974 missus
492 2952 582 2973 anno
615 2950 717 2983 ¹7¹9·
755 2946 793 2972 ut
821 2939 1081 2971 pontificiarum
1118 2939 1259 2971 Consti-

140 2984 318 3016 tutionuin
352 2987 591 3020 executionem
618 2994 782 3030 urgerett
811 2984 869 3018 sed
893 2984 1001 3029 paulo
1028 2991 1104 3028 post
1129 2985 1257 3018 iterum

142 3029 351 3063 transmisso
375 3033 462 3063 mari
489 3044 524 3066 re
552 3033 681 3066 insecta
707 3032 741 3065 in
768 3032 907 3065 Italiam
933 3031 1126 3063 remeavit.
1168 3030 1256 3074 Ejus

142 3076 281 3109 itineris
296 3096 306 3114 ,
333 3077 364 3105 &
390 3075 568 3117 legationis
588 3078 749 3112 Dz'arium
773 3086 870 3111 extat
892 3090 909 3110 a
925 3078 959 3110 P.
981 3077 1106 3109 Vianio
1130 3088 1169 3109 ex
1191 3078 1260 3110 Or-

140 3121 220 3155 dine
247 3121 438 3154 Servorum
463 3122 572 3157 Beatae
609 3126 732 3158 Mariae
767 3123 925 3170 ejusdem
952 3121 1133 3167 Tlieologo
1170 3123 1259 3155 scri-

141 3178 243 3214 PUUU
263 3189 271 3198 ο

189 3219 238 3252 (c)
264 3212 514 3246 permissiones
538 3225 634 3249 erant
662 3218 756 3250 istm.
786 3218 810 3249 1.
837 3217 1060 3250 Permittitur
1086 3215 1260 3249 Christia-

143 3261 197 3294 nis
217 3260 420 3293 Sinensibus
447 3259 483 3291 in
501 3259 571 3291 suis
597 3264 741 3303 privatis
766 3263 927 3296 domibus
953 3264 1003 3296 uti
1026 3262 1182 3296 Tabellis
1197 3260 1257 3293 de-

142 3309 345 3340 functorum
364 3328 374 3346 ,
400 3304 576 3349 inscriptis
603 3308 680 3337 solo
707 3310 842 3342 nomine
868 3309 1056 3348 defuncti,
1097 3308 1254 3352 apposita

145 3352 187 3386 ad
217 3354 307 3385 latus
333 3351 565 3386 declaratione
591 3349 729 3391 debita,
754 3357 925 3389 &omissa
951 3367 1172 3400 quacumque
1199 3366 1258 3386 su-

144 3399 348 3444 perstitione
371 3398 410 3434 in
434 3409 555 3434 earum
579 3399 835 3434 constructione
850 3422 862 3441 ,
903 3414 1038 3438 necnon
1062 3401 1196 3440 secluso
1220 3412 1257 3436 o·

612 154 692 198 DE
729 153 887 198 VIRT.
921 152 1148 196 THEOL.
1182 150 1505 195 DJSSEitT.1.
1539 152 1667 194 CAP·
1690 153 1768 195 JV.
1800 154 1924 196 APP.
1948 155 1984 196 Ι.

1401 230 1487 268 131·
1510 259 1535 278 ,‚
1559 230 1631 267 Vix
1648 230 1824 268 Siuarum
1842 247 1995 283 regnum
2013 231 2230 271 Patriarcha
2249 233 2454 276 Alexandr..

1343 313 1369 331 7,
1400 283 1613 333 ingressus,
1645 284 1745 321 iniis
1773 288 1953 335 angustiis
1981 301 2018 324 se
2048 289 2209 338 positum
2241 289 2453 337 intellexit,

1343 366 1368 384 3,
1400 346 1438 372 ut
1467 346 1616 373 coactus
1647 338 1759 374 suerit
1789 338 1827 374 iu
1858 338 2054 387 publicum
2085 342 2253 378 emittere
2277 368 2347 379 .....
2370 356 2454 393 per-

1340 418 1366 437 „
1397 390 1591 427 missiones
1611 400 1692 426 octo
1708 390 1789 440 (c):
1820 388 1889 427 sed
1917 401 2096 440 cumtot,
2125 394 2341 446 talibusque
2356 408 2453 432 cau·-

1338 472 1363 491 „
1393 441 1583 490 tionibus,
1613 441 1983 490 &conditionibus,
2015 454 2052 480 ut
2080 449 2226 496 omnis,
2256 449 2301 485 ad
2332 463 2450 501 quein

1335 525 1361 543 ‚,
1392 495 1589 533 l'astoralis
1632 496 1699 533 illa
1740 497 2000 547 dirigebatur,
2042 510 2086 533 ex
2131 499 2194 537 tali
2226 503 2451 552 procedendi

1334 579 1360 597 ‚,
1391 549 1503 586 modo
1533 549 1632 586 haud
1661 550 1820 592 obscure
1851 550 1992 587 inferre
2021 549 2194 598 deberet,
2223 557 2373 604 quantis
2404 555 2452 592 il-

1331 632 1357 650 „
1389 601 1423 638 le
1452 604 1570 639 animi
1609 604 1787 653 augustiis
1816 602 1984 640 obsessus
2004 633 2015 650 ‚
2064 603 2097 638 &
2126 618 2242 655 quam
2285 622 2420 660 anceps
2438 638 2449 655 ,

1333 685 1358 704 ‚,
1388 670 1432 692 ac
1462 655 1664 708 perplexus
1695 658 1732 693 iu
1764 656 2074 707 permissionibus
2115 656 2332 707 hujusmodi
2365 675 2450 712 pro-

1333 739 1358 757 „
1390 710 1572 761 ponendis
1601 710 1803 756 extitisset,
1846 710 1938 746 adeo
1969 719 2005 747 ut
2036 711 2247 747 oecouomia
2283 715 2451 764 quadam

1333 792 1359 810 „
1392 776 1477 800 usus
1509 763 1636 800 luisset
1664 763 1711 800 ad
1740 761 1846 810 loci,
1877 762 1910 799 ὃ(
1941 764 2121 813 temporis
2151 764 2451 804 circumstantias

1332 845 1359 864 „
1388 828 1538 868 prorsus
1569 817 1805 861 uecessaria3
1848 831 1868 853 a
1897 830 1973 868 qua
2005 817 2213 867 putandum
2244 826 2317 865 est,
2362 833 2450 859 euin

1331 899 1357 918 2,
1388 883 1623 907 recessurum
1654 870 1769 907 fuisse
1785 900 1795 917 ,
1826 871 1856 906 si
1878 869 2031 907 libertas
2052 871 2122 921 ipsi
2152 871 2237 908 data
2257 881 2347 909 esset
2369 885 2451 910 rem

1330 952 1356 970 „
1385 923 1610 961 discutiendi
1640 937 1728 960 cum
1745 923 1946 975 Episcopis
1964 953 1973 970 ‚
2004 922 2165 975 aliisque
2186 925 2302 961 doctis
2333 927 2450 974 viris·,

1327 1005 1353 1026 ‚,
1382 977 1449 1028 qui
1481 976 1574 1013 uiliil
1607 975 1733 1024 aliud,
1771 990 1888 1028 quam
1918 977 2122 1014 Christiani
2151 976 2274 1014 cultus
2305 981 2449 1029 purita-

1328 1058 1354 1077 „
1384 1040 1458 1067 tem
1491 1030 1523 1066 ὃ(
1545 1030 1766 1082 Apostolicae
1782 1031 2065 1068 Constitutionis
2084 1030 2362 1069 observantiam
2384 1046 2450 1070 au-

1329 1112 1353 1131 „
1386 1092 1420 1119 te
1448 1083 1577 1122 oculos
1608 1082 1788 1121 habereut
1810 1109 1865 1121 ....
1886 1083 2019 1121 Pekiui
2049 1082 2262 1136 Episcopus
2292 1099 2359 1136 per
2388 1085 2448 1123 bi-
2482 1114 2483 1117 ,

1328 1166 1354 1184 „
1384 1151 1449 1174 nas
1478 1151 1492 1174 s
1512 1151 1561 1174 its
1593 1135 1795 1175 Pastor-ales
1826 1138 2020 1174 mandavit
2048 1137 2119 1174 sub
2150 1151 2266 1189 poena
2295 1152 2450 1189 suspeu-

1328 1219 1354 1238 „
1383 1191 1497 1228 sionis
1523 1203 1599 1238 ¹pso
1629 1192 1728 1228 facto
1745 1191 1983 1228 iucurreudae
2005 1220 2014 1237 ‚
2029 1229 2031 1231 ,
2047 1193 2234 1229 universis
2251 1205 2327 1229 suae
2349 1193 2449 1229 dioe-

1382 1244 1475 1281 cesis
1504 1243 1784 1291 Missionariis,
1818 1253 1855 1280 ut
1883 1244 2157 1290 observarent,
2187 1244 2221 1280 &
2250 1246 2448 1285 observari

1385 1299 1636 1348 praeciperent
1656 1297 1969 1334 Constitutionem
1988 1300 2003 1347 (
2020 1296 2090 1333 Ex
2117 1298 2188 1333 illa
2217 1297 2279 1335 (lie
2309 1300 2322 1346 )
2348 1301 2447 1351 jux-

1384 1360 1428 1386 ta,
1457 1353 1737 1400 permissiones
1755 1379 1765 1397 ,
1795 1363 1895 1400 quas
1925 1351 2006 1400 ipse
2036 1350 2307 1396 contendebat,
2337 1355 2381 1389 ad
2404 1366 2447 1390 ea

1387 1405 1623 1454 potissimum
1658 1404 1815 1449 referri,
1846 1416 1934 1453 quae
1967 1403 2004 1439 in
2035 1404 2231 1453 praecitata
2260 1405 2450 1442 Constitu-

1386 1458 1486 1493 tione
1516 1457 1665 1494 fueraut
1695 1455 1912 1493 solemniter
1940 1456 2138 1494 interdicta
2157 1456 2178 1470 '⁷
2196 1482 2208 1494 .

1390 1509 1476 1547 132.
1506 1509 1681 1547 Clemens
1710 1522 1798 1548 vero
1825 1508 1914 1546 XII.
1950 1518 2073 1556 „tam
2116 1509 2240 1548 audax
2270 1509 2450 1562 Episcopi

1388 1562 1605 1600 Pekiuensis
1634 1564 1776 1601 factum
1809 1565 1823 1612 (
1854 1571 1984 1612 utpote
2012 1562 2114 1613 quod
2155 1567 2278 1601 etiam
2309 1573 2454 1602 contra

1385 1629 1619 1666 expressum
1648 1620 1768 1668 ipsius
1791 1615 2038 1653 [mediobarbi
2052 1626 2294 1666 praeceptum
2324 1618 2445 1666 erint)

1385 1683 1497 1721 aequo
1526 1671 1655 1706 animo
1684 1671 1783 1707 ferre
1814 1669 1913 1706 haud
1931 1678 2057 1720 potens
2075 1699 2084 1717 ,
2116 1671 2265 1707 muneri
2282 1684 2348 1707 suo
2364 1685 2447 1708 ma-

1385 1725 1488 1759 xime
1519 1724 1693 1759 iuteresse
1736 1721 1950 1772 judicavit,
2000 1722 2106 1759 binas
2137 1723 2221 1759 illas
2264 1724 2443 1773 epistolas

1384 1776 1590 1823 damnare,
1628 1789 1672 1813 ac
1702 1776 1850 1824 penitus
1879 1775 2083 1826 reprobare
2114 1776 2329 1827 Apostolico
2359 1778 2448 1814 Bre-

1385 1830 1421 1866 vi
1440 1858 1450 1875 ,
1479 1829 1580 1878 quod
1610 1841 1706 1865 anuo
1732 1829 1845 1877 1755.
1865 1827 2148 1879 promulgavit,
2180 1828 2446 1879 Fumantem,

1327 1912 1352 1931 „
1382 1895 1457 1933 qno
1484 1880 1711 1919 Christianae
1731 1881 1937 1932 Religionis
1964 1883 2164 1931 puritatem
2182 1913 2192 1929 ,
2222 1896 2309 1934 quae
2342 1885 2379 1920 iu
2402 1885 2448 1921 iis

1326 1965 1351 1983 „
1383 1936 1599 1985 regionibus
1630 1949 1695 1986 per
1717 1944 1887 1973 exactam
1919 1945 2223 1987 praememoratae
2254 1936 2445 1974 Constitu-

1326 2017 1353 2036 „
1383 1988 1492 2024 tionis
1521 1988 1757 2030 observanda
1785 1993 1912 2036 erat‚'
1933 1997 2140 2036 assereret,
2172 1989 2203 2024 ἃ
2233 1999 2448 2027 controver-

1327 2070 1352 2089 ‚,
1383 2041 1448 2077 siis
1477 2041 1689 2080 istiusmodi
1719 2042 1838 2080 finem
1868 2041 2303 2094 aliquandoimponeret
2321 2073 2331 2089 ,
2361 2056 2447 2081 exa-

1326 2095 1479 2143 „mini
1511 2108 1577 2145 per
1622 2109 1740 2147 quam
1782 2094 1953 2146 diligenti
1991 2105 2108 2132 totum
2152 2097 2447 2147 permissionum

1327 2177 1354 2196 „
1384 2148 1571 2198 negotium
1602 2150 1817 2192 commisit3
1849 2150 1899 2184 ita
1930 2157 1968 2184 ut
1997 2164 2021 2185 a,
2047 2148 2276 2200 Tlieologis,
2307 2159 2388 2186 tum
2409 2164 2447 2187 e-

1328 2231 1355 2249 „
1385 2202 1477 2238 tiam
1508 2215 1530 2237 a
1555 2200 1596 2237 S.
1615 2199 1724 2239 Rom.
1753 2199 1937 2238 Ecclesiae
1969 2201 2235 2239 Cardinalibus
2255 2203 2294 2240 S.
2317 2204 2449 2254 Inqui-

1329 2283 1354 2304 „
1384 2255 1508 2293 sitioui
1526 2256 1739 2307 praepositis
1755 2262 1923 2302 mature,
1945 2254 2119 2306 serioque
2139 2254 2386 2293 discuteretur
2401 2257 2446 2293 ''-

2358 2309 2393 2347 Ι-

1327 2377 1400 2410 mni
1425 2375 1592 2410 scandalo
1609 2399 1618 2408 .
1647 2376 1689 2409 Il.
1716 2376 1973 2409 permittuntur
1997 2386 2117 2408 omnes
2143 2376 2357 2408 caeremoniae
2384 2389 2445 2409 na-

1327 2424 1434 2457 tionis
1461 2424 1586 2456 Sinicae
1611 2433 1692 2467 erga
1716 2421 1900 2455 defunctos
1917 2443 1928 2462 ,
1952 2433 2029 2466 qnae
2058 2433 2126 2454 non
2143 2423 2213 2455 sint
2239 2431 2298 2455 aut
2323 2434 2448 2467 super-

1327 2471 1498 2510 stitiosae,
1532 2478 1591 2502 aut
1633 2477 1828 2513 suspectas,
1864 2467 1923 2501 sed
1958 2469 2077 2501 civiles
2099 2492 2107 2500 .
2133 2470 2190 2501 tii.
2229 2469 2448 2502 Permittitur

1330 2517 1491 2550 Conl'ucii
1518 2517 1632 2549 cultus
1660 2516 1717 2548 ille
1737 2537 1747 2555 ‚
1773 2516 1832 2560 qui
1861 2515 1976 2548 civilis
2002 2523 2077 2554 est,
2104 2519 2136 2547 ἃ·
2153 2515 2260 2548 etiam
2285 2514 2442 2558 ejusdem

1330 2563 1485 2596 Tabellae
1521 2570 1676 2607 purgata?
1693 2583 1704 2602 ‚
1741 2564 1773 2594 &
1799 2562 1951 2602 litteris,
1989 2565 2021 2594 δε
2046 2562 2290 2605 superstitiosa
2316 2562 2443 2593 inscri-

1328 2610 1446 2654 ptione
1462 2631 1472 2649 ‚
1499 2613 1529 2642 δε
1546 2607 1710 2652 adjuncta
1726 2607 1958 2641 declaratione
1972 2606 2088 2641 debita
2104 2629 2114 2646 ‚
2141 2608 2243 2640 sicuti
2271 2608 2447 2652 permitti-

1329 2665 1388 2689 tur
1414 2666 1493 2688 ante
1520 2655 1594 2700 ejus
1622 2655 1806 2688 Tabellam
1847 2663 2039 2687 correctam
2079 2652 2219 2686 accendi
2247 2653 2448 2694 candellas,

1329 2703 1383 2735 uri
1402 2701 1543 2744 odores,
1570 2702 1698 2746 apponi
1719 2701 1948 2734 comestibilia
1968 2703 2031 2733 &c-
2051 2700 2108 2733 IV.
2139 2700 2358 2732 Permittitur
2383 2712 2446 2744 pro

1327 2761 1418 2788 usu,
1444 2751 1476 2780 ἃς
1500 2749 1660 2793 expensis
1686 2749 1847 2780 funerum
1872 2746 1988 2780 offerri
2015 2746 2198 2786 candelas,
2237 2749 2269 2778 &
2292 2745 2416 2779 odores
2435 2768 2448 2787 ,

1329 2794 1494 2839 adjuncta
1521 2796 1556 2827 in
1594 2793 1758 2828 schedula
1783 2792 1901 2826 debita
1938 2791 2171 2826 declaratione
2191 2815 2199 2822 .
2226 2793 2270 2826 V.
2300 2792 2449 2826 Permit-

1326 2850 1451 2875 tuntur
1465 2841 1671 2874 reverentiae
1698 2840 2004 2885 genuflexionum,
2030 2842 2061 2871 &
2087 2839 2364 2883 prostrationum
2389 2851 2443 2872 er-

1327 2899 1369 2932 ga
1385 2889 1550 2922 tabellam
1565 2895 1776 2926 correctam,
1791 2895 1849 2919 :trit
1869 2887 1974 2918 etiam
1988 2896 2069 2929 erga
2087 2886 2253 2918 feretrum
2270 2907 2280 2925 ‚
2306 2895 2366 2927 aut
2385 2885 2446 2918 de-

1327 2936 1510 2968 functum.
1538 2935 1597 2968 Vt.
1634 2933 1855 2966 Permittitur
1880 2933 2069 2976 praeparari
2096 2944 2232 2965 mensas
2262 2944 2342 2965 cum
2368 2931 2448 2964 dul-

1327 2982 1466 3021 ciariis,
1492 2981 1690 3020 fructibus‚
1716 2990 1843 3018 carne,
1869 2982 1899 3010 8<
1925 2978 2012 3011 cibis
2039 2979 2218 3011 usualibus
2245 2980 2360 3018 cirea,
2387 2984 2446 3010 aut·

1326 3039 1443 3061 coram
1469 3028 1618 3067 feretro,
1644 3025 1704 3059 ubi
1730 3025 1776 3058 sit
1802 3025 1932 3058 tabella
1960 3033 2115 3058 correcta
2143 3036 2222 3058 curu
2249 3024 2366 3057 debita
2386 3021 2444 3053 de-

1326 3074 1541 3112 claratione,
1580 3076 1611 3105 δε
1635 3072 1774 3105 omissis
1801 3071 2078 3116 superstitiosis,
2115 3084 2176 3116 pro
2202 3070 2359 3114 quaedam
2385 3071 2448 3099 hoo

1327 3128 1461 3153 nestate
1478 3128 1640 3158 tantuin,
1668 3122 1700 3150 ὅ(
1724 3117 1852 3163 pietate
1867 3129 1948 3162 erga
1966 3117 2169 3151 defunctos.
2197 3118 2271 3150 Vll.
2300 3115 2446 3146 Permit-

1327 3167 1416 3199 titur
1451 3168 1569 3198 coram
1595 3165 1742 3200 'Fabella
1781 3173 1938 3197 correcta
1963 3166 2160 3205 revenentia
2191 3161 2282 3194 dicta
2308 3159 2446 3200 Korea,

1327 3221 1404 3245 tum
1431 3212 1466 3244 in
1492 3224 1583 3245 anno
1607 3224 1697 3244 novo
1721 3211 1859 3251 Sinice3
1904 3220 1978 3244 tum
2006 3211 2040 3243 in
2066 3211 2143 3243 aliis
2168 3208 2248 3241 anni
2275 3207 2447 3249 tempori-

1326 3259 1391 3292 bus
1408 3281 1416 3289 .
1443 3259 1536 3291 Vili.
1564 3258 1787 3292 Permittitur
1800 3255 1921 3290 c'oram
1938 3256 2075 3290 tabellis
2100 3252 2296 3286 reformatis
2322 3264 2448 3284 accen-

1327 3304 1362 3338 di
1388 3303 1550 3338 candelas
1564 3327 1574 3346 ,
1600 3305 1654 3337 uri
1680 3303 1808 3337 odores
1828 3316 1906 3337 cum
1921 3302 2047 3336 debitis
2066 3298 2209 3333 cautelis
2225 3319 2236 3337 ‚
2262 3299 2363 3330 sicuti
2384 3310 2447 3330 an-

1327 3360 1360 3385 te
1388 3352 1587 3392 tumulum,
1612 3351 1672 3384 ubi
1700 3351 1831 3394 pariter
1856 3347 2021 3383 collocari
2046 3352 2189 3389 possunt
2216 3345 2281 3377 cibi
2300 3366 2309 3384 .-
2339 3354 2448 3376 utsu-

1326 3409 1392 3445 pra
1416 3396 1552 3434 dictum
1577 3405 1655 3441 est,
1681 3396 1848 3434 adhibitis
1874 3392 2045 3433 cautelis,
2069 3391 2159 3428 utin
2184 3391 2443 3436 superioribus.

1327 1273 1352 1292 92

1326 1327 1352 1346 3³

1329 1381 1354 1399 Η

1330 1434 1355 1453 27

1330 1487 1356 1506 5)

1331 1595 1356 1613 Β)

1331 1649 1356 1667 57

1328 1702 1354 1720 25

1329 1754 1354 1771 θ’

1327 1806 1354 1825 9:

1327 1859 1354 1878 9>
