2570 3745
891 172 969 217 DE
1006 170 1266 217 GRATIAE
1302 170 1614 215 NICCESSI'I'.

497 305 801 346 PROPOSITIO
817 331 829 344 .

68 428 72 429 ⁷
99 416 143 458 S.
170 414 318 456 Ioann.
342 413 650 469 Chrysostomus
677 418 824 466 gratiae
854 416 1132 452 necessitatem
1162 412 1217 451 act

194 472 363 509 ‘initium
380 500 391 518 ,
421 481 670 522 progressum
682 498 692 516 ,
711 467 760 508 ὠ
776 469 1109 518 complementum

372 521 460 561 bom·
488 526 616 575 operis
646 520 849 574 confessus
879 532 958 560 esc.

157 603 374 684 75·Prob.
423 620 756 683 Explicatissimus
790 643 878 667 sane
907 637 958 667 est
989 626 1054 666 ille
1083 626 1215 674 locus,

100 683 345 737 depromptus
365 696 408 722 ex
433 684 547 722 Hom.
564 683 693 721 XXII.
714 684 752 720 in
773 685 880 734 epist.
898 682 944 720 ad
960 681 1046 719 Cor.
1068 684 1082 732 (
1100 680 1215 718 Tom.

100 736 215 786 X.),
244 737 312 776 ubi
342 736 493 786 „Nihil
524 749 568 774 ex
599 746 633 774 te
664 735 800 782 habes,
831 740 979 786 inquit,
1009 735 1072 772 sed
1092 749 1114 771 a
1135 734 1216 772 Deo

99 819 128 839 „
157 791 334 841 accepisti
356 815 396 829 ...
427 802 515 842 ergo
529 803 617 827 cum
638 789 830 838 acceperis
847 819 857 836 ,
876 789 1008 826 habes:
1039 801 1110 826 uon
1131 787 1216 835 lioc,

98 871 128 892 „
157 842 218 882 vel
250 843 346 881 illud
364 873 375 891 ,
404 843 468 881 sed
494 843 623 880 omnia
642 854 728 893 quae
747 840 884 877 habes:
915 843 1110 879 nonenim
1132 840 1216 878 haec

102 924 130 944 ,‚
159 905 222 934 tua
252 906 350 934 recte
382 897 479 934 facta
507 903 618 942 sunt,
661 894 725 930 sed
755 905 800 929 ex
832 893 903 931 Dei
933 896 1052 945 gratia
1083 907 1217 943 prove-

103 977 132 998 „
161 951 297 988 niunt.
337 949 379 988 Si
408 948 524 986 fidem
552 946 720 994 dixeris,
755 957 800 982 ex
831 945 1026 984 vocatio'ne
1056 946 1125 984 illa
1154 961 1217 984 ve-

104 1031 132 1050 „
161 1004 216 1040 uit
233 1032 245 1050 ,
273 1003 302 1040 si
331 1001 592 1039 remissionem
613 1006 858 1051 peccatorum
875 1028 886 1047 ,
915 1000 946 1036 si
967 998 1217 1047 charismata,

101 1083 127 1104 ,‚
156 1056 188 1094 si
215 1055 395 1093 doctrinae
416 1051 579 1090 verbum
596 1082 606 1101 ,
637 1053 668 1090 si
690 1052 844 1091 virtutes
860 1081 872 1099 ,
900 1051 1029 1088 omnia
1049 1052 1136 1089 inde
1156 1066 1218 1090 ac·

101 1136 130 1158 „
157 1107 317 1159 cepisti.
358 1105 463 1155 ‚Quid
492 1118 580 1157 ergo
609 1104 752 1152 habes,
789 1117 919 1158 quaeso
947 1112 982 1141 te
1011 1105 1110 1156 quod
1143 1118 1215 1143 uon

99 1188 126 1209 „
155 1160 372 1213 acceperis,
401 1158 435 1195 ἃ
464 1171 508 1198 ex
538 1168 574 1197 te
603 1160 685 1210 ipso
705 1166 805 1196 recte
825 1155 1077 1212 acquisieris?
1106 1157 1215 1195 Nihil

98 1241 127 1261 „
155 1212 282 1251 dicere
309 1213 425 1265 possis
445 1212 516 1251 &tc-
537 1214 563 1234 “
598 1211 647 1250 Et
676 1211 794 1250 Hom.
824 1207 1001 1250 xlviii]
1031 1211 1139 1263 epist.
1168 1211 1216 1249 ad

51 1264 208 1308 „1Rom.
238 1265 390 1318 (Tomz
411 1265 512 1315 lx.)
555 1264 725 1318 allegans
767 1264 837 1304 illa
867 1263 1035 1317 Apostoli
1074 1264 1216 1302 verba:

89 1317 264 1371 ‘Spiritus
291 1319 516 1358 auxiliatur
544 1317 842 1372 &firmitatibus
871 1321 1015 1356 nostris
1032 1348 1043 1366 ,
1083 1319 1134 1356 ita
1162 1317 1218 1354 lo-

97 1373 252 1424 quitur:
282 1402 309 1422 „
330 1373 383 1410 Ut
411 1373 560 1420 discas,
589 1386 663 1411 non
694 1375 733 1411 in
755 1372 951 1411 laboribus
980 1381 1124 1410 tantum
1142 1402 1152 1420 ,
1183 1371 1218 1408 &t

96 1454 125 1474 „
154 1425 338 1478 periculis
365 1425 435 1464 tibi
463 1427 623 1478 gratiam
653 1426 778 1464 adesse
796 1455 806 1474 ‚
838 1425 899 1463 sed
930 1426 1041 1463 etiam
1072 1439 1156 1462 eam
1178 1427 1219 1463 in

99 1507 128 1527 „
156 1480 232 1527 iis,
273 1492 362 1532 quae
391 1479 566 1518 faciliora
593 1479 797 1527 videntur,
840 1487 966 1516 tecum
997 1479 1218 1529 cooperari,

101 1560 127 1580 „
156 1531 191 1568 ἃ
223 1531 366 1585 ubique
393 1546 502 1572 suam
521 1533 691 1572 conferre
709 1544 822 1584 opem
841 1562 850 1579 ‚
881 1531 1100 1584 subjungit:
1131 1545 1219 1569 nam

101 1614 129 1634 „
158 1585 274 1637 quid,
305 1594 344 1622 ut
372 1594 544 1637 oportet,
573 1597 754 1631 oremus,
784 1586 971 1622 nescimus
989 1611 1029 1623 ...
1078 1585 1220 1622 etenim

83 1667 130 1686 A„
159 1638 206 1675 ad
236 1651 320 1675 eam
351 1651 430 1676 rem
463 1638 637 1689 Dei‘ope
666 1651 819 1689 egemus
839 1667 850 1684 ,
883 1651 1003 1689 usque
1032 1638 1125 1674 adeo
1155 1637 1222 1674 ho-

100 1719 128 1739 „
156 1703 221 1728 mo
249 1689 427 1729 infirmus
456 1699 534 1739 est,
565 1689 600 1727 &
629 1704 674 1728 ex
703 1705 741 1728 se
769 1690 867 1728 nihil
885 1693 934 1728 “.
964 1690 1038 1728 Sed
1069 1690 1101 1726 8<
1133 1703 1221 1728 non-

100 1743 208 1782 nulla
237 1743 315 1782 alia
343 1745 383 1783 iu
411 1744 665 1783 solutionibus
693 1743 955 1795 objectionum
982 1743 1193 1782 addemus.

100 1794 107 1800 ’
160 1797 224 1848 76.
254 1795 348 1848 Obj.
397 1798 441 1836 Iu
471 1799 586 1837 Hom.
617 1798 738 1837 XLII.
777 1800 816 1836 in
845 1798 942 1835 Gen.
976 1797 1060 1836 liaec
1094 1798 1140 1835 de
1170 1796 1221 1834 Α·

102 1849 264 1889 braham
293 1849 431 1890 habet:
468 1881 494 1900 „
523 1851 571 1890 Et
599 1865 688 1891 vero
716 1852 815 1890 istud
845 1852 972 1903 ipsum
989 1881 999 1900 ‚
1028 1851 1130 1904 quod
1152 1849 1221 1888 Pa·

99 1931 132 1953 „
161 1902 356 1953 triarcba,
397 1905 466 1957 qui
496 1913 580 1943 aute
607 1907 739 1958 gratiae
769 1913 946 1959 tempus,
989 1904 1023 1941 ἃ
1054 1914 1137 1943 ante
1168 1903 1221 1942 le-

102 1986 129 2006 „
157 1971 244 2010 gem
274 1957 368 2007 fuit,
397 1973 420 1996 a
439 1959 587 2011 seipso,
617 1959 650 1996 &
671 1960 852 2008 scientia,
882 1973 970 2012 quae
992 1968 1139 1997 naturae
1162 1958 1220 1996 in-

102 2039 131 2059 „
160 2012 228 2050 sita
258 2020 337 2060 est,
375 2012 415 2050 in
444 2020 589 2051 tantum
620 2014 792 2065 pervenit
822 2014 969 2051 virtutis
998 2013 1220 2064 fastigium,

102 2093 130 2113 „
159 2063 325 2113 sufficit,
369 2074 410 2104 ut
437 2078 566 2105 omnes
595 2077 739 2106 nostras
769 2069 1025 2106 excusationes
1054 2066 1219 2104 refutet.

102 2145 131 2166 „
161 2119 209 2157 At
237 2118 331 2156 forte
359 2118 486 2159 dicent
514 2119 663 2173 aliqui,
694 2121 796 2174 quod
825 2121 885 2160 vir
914 2119 981 2158 ille
1012 2119 1171 2159 multam
1201 2134 1224 2158 a

106 2198 133 2219 „
161 2170 244 2209 Deo
271 2173 431 2224 gratiam
462 2183 683 2212 consecutus
713 2176 786 2223 sit,
815 2173 848 2210 8t
877 2175 1053 2212 omnium
1084 2173 1223 2212 Domi-

107 2250 134 2271 „
163 2237 232 2262 nus
261 2224 343 2275 ejus
372 2226 602 2279 singularem
622 2227 799 2267 habuerit
818 2226 984 2267 curam?
1013 2227 1149 2266 Fateor
1170 2228 1221 2265 ita

106 2305 133 2325 ,‚
162 2290 238 2316 esse
265 2277 299 2314 ἃ
328 2291 422 2330 ego.
464 2279 611 2320 Verum
641 2283 714 2320 nisi
752 2281 786 2318 ἃ
818 2282 926 2335 ipse,
968 2281 1071 2334 quod
1109 2294 1221 2319 suum

106 2358 133 2378 „
163 2338 261 2378 erat,
292 2332 464 2380 fecisset,
493 2347 571 2372 nou
597 2342 696 2373 tauta
715 2350 737 2374 a
757 2335 926 2374 Domino
945 2335 1220 2374 obtinuisset...

107 2411 133 2431 „
163 2383 336 2430 vidistis,
363 2386 554 2434 quomodo
580 2387 630 2424 ab
658 2389 795 2436 initio,
837 2403 926 2441 quae
955 2404 977 2428 a
1005 2403 1044 2427 se
1071 2390 1154 2442 ipso
1183 2404 1222 2428 e-

107 2465 133 2484 „
162 2443 274 2483 rant,
304 2435 496 2485 attulerit,
527 2436 561 2473 &
589 2448 788 2490 propterea
807 2441 952 2480 Divina
980 2443 1148 2495 quotidie
1179 2457 1221 2480 u-

107 2518 133 2538 „
163 2488 303 2527 bertim
334 2492 541 2542 susceperit
555 2493 582 2511 “
600 2517 610 2528 .
644 2490 729 2530 l’ost
757 2503 884 2532 autem
914 2508 978 2533 nos
998 2495 1045 2534 ad
1067 2497 1220 2534 imitan-

103 2543 196 2580 dum
228 2539 488 2580 Patriarcham
519 2542 744 2594 exhortans,
790 2548 838 2583 ita
872 2548 1016 2599 pergit:
1066 2578 1092 2596 „
1121 2549 1220 2587 Cum

104 2624 132 2645 „
161 2595 298 2633 viderit
328 2593 500 2646 (Deus)
531 2611 658 2635 sanam
691 2607 855 2637 mentem
885 2609 1069 2649 nostram,
1099 2600 1133 2637 8t
1154 2615 1220 2640 nos

104 2675 133 2698 ,‚
161 2649 318 2696 conari,
348 2648 383 2685 Bt
414 2651 505 2687 eniti
535 2651 580 2688 ad
599 2653 745 2690 virtutis
760 2666 895 2704 agones
912 2683 922 2701 ,
951 2655 1076 2691 statim
1093 2654 1126 2690 &
1148 2669 1218 2693 nu-

103 2730 131 2752 „
159 2712 198 2740 tu
215 2715 282 2740 suo
301 2701 457 2754 adjuvat
477 2703 584 2741 &c.“
618 2705 732 2744 Hom.
750 2705 837 2745 Xll.
855 2707 893 2744 in
910 2707 1018 2758 epist.
1033 2708 1080 2746 ad
1096 2708 1216 2748 Hehr.

100 2785 126 2806 „
156 2755 332 2795 Nostrum
362 2757 518 2808 quidem
539 2768 612 2807 est,
642 2764 699 2797 ait
716 2791 726 2808 ‚
757 2759 978 2812 praeeligere
996 2790 1006 2808 ,
1036 2761 1068 2797 8:
1091 2762 1188 2799 velle
1206 2793 1216 2812 ,

101 2838 128 2859 „
156 2808 230 2848 Dei
259 2819 385 2848 autem
415 2820 467 2850 est
496 2812 707 2864 perficere,
739 2812 771 2848 8<
800 2815 846 2851 ad
877 2814 995 2851 finem
1012 2813 1217 2854 deducere:

89 2891 130 2912 .„
156 2863 206 2904 <9¹
234 2866 405 2902 iterum:
477 2866 600 2905 uando
629 2881 692 2905 nos
722 2866 948 2919 elegerimus
966 2898 977 2915 ,
1007 2876 1086 2905 tum
1117 2870 1217 2907 mul-

103 2944 130 2965 „
158 2923 239 2954 tum
267 2917 378 2956 nobis
405 2880 514 2958 afl‘iert
542 2919 733 2960 auxilium
754 2924 780 2942 “
799 2947 810 2959 .
857 2921 1035 2969 Quorum
1063 2922 1218 2972 gemina

99 2981 202 3022 saepe
230 2967 325 3008 alibi
353 2969 464 3010 habet
481 2999 491 3011 .

155 3037 218 3075 77.
253 3022 363 3075 Resp.
406 3025 527 3074 Haec,
557 3026 591 3064 8<
620 3028 761 3066 similia
793 3027 875 3066 loca
905 3030 975 3066 ista
1003 3043 1080 3066 esse
1111 3028 1218 3067 intel-

99 3075 277 3130 ligenda,
307 3086 345 3116 ut
374 3088 542 3119 nostruin
570 3082 616 3120 sit
635 3095 700 3121 nos
715 3096 958 3136 praeparare,
988 3082 1153 3136 eligere,
1184 3082 1218 3118 8<

147 3257 193 3291 (ο)
221 3253 363 3289 ΡΙιοιίιιε
390 3255 424 3289 in
450 3256 619 3292 Biblioth.
644 3259 728 3294 Cod.
750 3261 832 3305 3²9·
858 3260 1020 3295 observat
1036 3284 1047 3302 ,
1083 3261 1211 3295 mirum

102 3308 170 3350 non
193 3310 288 3342 esse,
315 3303 456 3347 aliqua,
494 3316 571 3348 quae
598 3306 858 3349 profundiorem
884 3309 1152 3352 explicationem
1178 3320 1212 3340 e—

103 3354 218 3389 xtgere
240 3346 468 3390 videbantur,
505 3363 572 3385 non
599 3352 648 3387 ita
675 3351 860 3399 diligenter
886 3355 930 3389 ab
955 3367 995 3390 eo
1018 3356 1124 3390 fuisse
1150 3366 1211 3388 ex-

2285 178 2338 229 57

1288 251 1388 290 velle
1417 264 1505 288 cum
1536 250 1726 302 adjutorio
1755 259 1880 291 tamen
1923 257 2058 306 primae
2093 255 2222 305 gratiae
2254 269 2399 307 praeve-

1288 305 1455 351 nientis,
1487 305 1557 342 Dei
1589 313 1716 342 autem
1749 305 1911 343 ubertim
1941 310 2148 355 adluvare,
2179 308 2211 345 ἃ
2244 308 2401 360 persten-

1288 371 1355 406 re,
1386 371 1453 409 per
1482 359 1715 410 subse-‘piens
1746 359 1874 396 fortius
1903 363 2113 408 auxilium,
2144 362 2258 413 qualo:
2287 363 2331 399 ad
2362 373 2402 392 f-

1283 413 1385 463 peris
1413 414 1673 450 executionem
1707 414 1941 464 refluiritum
1983 427 2073 450 curn
2115 418 2216 451 enim
2249 418 2287 454 iu
2316 429 2402 453 ex·-

1284 466 1435 502 cutione
1462 466 1587 517 operis
1617 464 1766 516 majora
1795 465 1989 504 obstacula
2021 467 2290 514 inveniantur,
2322 483 2401 506 ma-

1284 516 1366 570 jore
1400 519 1512 556 etiam
1550 519 1670 570 gratia
1709 517 1821 556 homo
1858 519 2017 569 inliget.
2065 518 2210 569 Nempe
2244 522 2402 558 Sanctus

1287 571 1426 610 Doctor
1456 573 1581 624 prima
1609 573 1742 623 gratias
1773 571 1890 610 veluti
1921 574 2093 620 semina,
2122 573 2264 624 quib-is
2295 574 2402 624 pii&

1286 624 1464 663 salutares
1493 624 1695 664 voluntatis
1725 635 1846 663 motus
1875 628 2124 673 exoriuntur,
2167 625 2216 663 ab
2245 625 2329 663 aliis
2360 641 2402 664 u·

1285 678 1501 717 berioribus
1529 681 1661 731 gratia:
1690 679 1797 717 donis
1825 679 2045 731 distinguit,
2074 678 2216 732 quibus
2247 681 2286 718 iu
2314 693 2403 730 ope-

1285 745 1328 770 ra
1356 731 1550 770 charitatis
1580 733 1747 785 perfecta
1768 735 2032 784 erumpimus,
2065 746 2207 785 nosque
2238 733 2310 784 piis
2342 746 2403 768 vo·

1288 785 1441 823 luntatis
1474 786 1670 824 desideriis
1713 786 1859 837 majora
1888 787 1960 824 Dei
2004 786 2150 825 auxilia
2194 788 2403 837 promereri

1284 839 1415 877 docet:
1459 840 1590 877 eodem
1621 839 1736 892 plane
1765 854 1902 887 sensu,
1932 852 2008 892 quo
2040 839 2236 892 Apostolus
2267 839 2405 876 Paulus

1287 892 1340 929 ani
1374 891 1473 942 Ep'z.
1505 893 1552 930 V.
1580 893 1639 939 14.
1671 894 1843 932 dicebat:
1873 892 2026 946 Surge,
2056 897 2120 945 qui
2149 892 2325 939 dormis,
2355 892 2405 932 C>

1287 959 1437 998 exurge
1467 960 1494 983 a.
1524 950 1710 995 mortuis,
1740 947 1789 988 <9-
1819 946 2054 984 illuminabit
2084 956 2122 984 te
2142 945 2341 993 Chr-isius,
2371 945 2405 981 ἃ

1287 1000 1426 1050 passim
1456 999 1664 1052 Scripturae
1694 1013 1760 1038 nos
1791 1000 2008 1049 hortantur,
2040 1009 2079 1038 ut
2107 1014 2260 1038 orem-is
2279 1031 2288 1047 ,
2320 998 2405 1050 pul-

1288 1066 1413 1089 semus
1431 1083 1440 1099 ‚
1472 1062 1642 1104 petamus
1660 1084 1670 1102 ,
1700 1067 1788 1106 quae
1817 1055 1847 1092 si
1878 1055 2109 1101 fecerimus,
2139 1053 2268 1092 Deum
2298 1052 2407 1090 nobis

1284 1105 1331 1141 ad
1364 1106 1574 1154 protectum
1605 1108 1827 1145 adfuturum
1859 1122 1937 1146 esse
1966 1109 2189 1159 promittuut
2208 1134 2218 1144 .

1341 1156 1406 1207 75⁴.
1438 1157 1574 1207 Hanc,
1605 1160 1637 1195 ἃ
1669 1173 1743 1199 non
1773 1162 1892 1199 aliam
1923 1176 2000 1199 esse
2028 1161 2068 1199 S.
2099 1161 2157 1199 JO.
2186 1160 2406 1212 Chryso-ito-

1286 1210 1340 1247 mi
1373 1220 1536 1247 mentem
1555 1241 1565 1259 ,
1597 1225 1639 1248 ex
1672 1226 1714 1248 eo
1744 1215 1912 1250 maxime
1932 1215 2078 1265 liquet,
2109 1215 2211 1266 quod
2241 1213 2333 1250 alibi
2365 1226 2406 1249 a-

1287 1272 1391 1315 perte
1420 1264 1577 1312 doceat,
1608 1263 1705 1301 nihil
1729 1279 1804 1302 esse
1827 1267 1864 1303 in
1889 1267 1995 1304 nobis
2015 1267 2106 1303 boni
2124 1297 2133 1313 ‚
2164 1267 2263 1317 quod
2285 1281 2305 1303 a
2330 1266 2409 1303 Deo

1287 1329 1361 1354 nou
1391 1319 1678 1368 acceperimus,
1723 1317 1757 1353 &
1787 1318 1836 1356 ab
1865 1332 1909 1355 eo
1938 1332 2003 1356 uos
2033 1320 2072 1356 in
2102 1319 2281 1356 omuibus
2312 1333 2409 1369 pre:-

1287 1371 1434 1408 veniri.
1467 1370 1564 1408 Nam
1589 1381 1726 1420 praeter
1749 1371 1842 1420 illa,
1872 1385 1961 1425 quae
1992 1373 2166 1421 superius
2196 1370 2409 1417 attuliin·ts,

1289 1423 1404 1461 Hom.
1426 1423 1652 1463 XXXVIII.
1683 1426 1720 1462 in
1742 1426 1842 1463 Gen.
1872 1428 1984 1464 dicit:
2015 1424 2146 1463 Deum
2175 1437 2311 1473 preces
2341 1438 2410 1461 ηο-

1289 1485 1396 1514 strus
1412 1490 1569 1528 semper
1583 1482 1801 1529 praevenire
1817 1506 1827 1518 .
1859 1478 1954 1518 Haec
1971 1488 2096 1517 autem
2115 1478 2221 1516 XIII.
2244 1481 2282 1516 in
2297 1478 2410 1516 Joan-

1289 1542 1401 1568 uem:
1453 1529 1602 1569 Gratia
1631 1531 1710 1570 Dec·
1730 1562 1741 1580 ,
1771 1533 1921 1585 inquit,
1951 1545 2110 1583 semper
2140 1537 2180 1569 in
2210 1531 2410 1585 beneficiis

1287 1587 1435 1633 priores
1455 1583 1525 1622 sibi
1540 1595 1673 1635 partes
1690 1585 1890 1630 vindicam
1920 1600 2001 1624 non
2016 1590 2125 1624 enim
2146 1591 2291 1623 nostris
2307 1599 2410 1635 prce-

1289 1636 1513 1675 cedentibus
1543 1643 1694 1676 meritis
1725 1639 1831 1677 hanc
1861 1645 2088 1690 accepimus
2117 1643 2409 1677 remuneratio*—

1290 1702 1385 1727 rtem
1403 1715 1413 1727 .
1442 1689 1550 1737 Quid
1579 1690 1841 1730 luculentibus
1862 1705 1930 1744 pro
1949 1694 2148 1742 gratuitate
2164 1694 2295 1743 gratiae
2312 1706 2410 1744 prae-

1289 1742 1480 1781 dicanda?
1510 1743 1663 1782 Similia
1693 1744 1935 1784 babetHom.
1957 1745 2102 1783 LXXI.
2133 1746 2171 1782 in
2200 1745 2335 1783 Joann.
2366 1745 2412 1782 ad

1290 1795 1360 1834 illa
1390 1796 1530 1835 verba:
1574 1796 1683 1835 Sicut
1712 1812 1786 1849 ego
1815 1797 1937 1836 (lilexi
1967 1813 2058 1846 ros,
2102 1800 2168 1836 ubi
2201 1799 2326 1836 Deum
2357 1799 2411 1835 sic

1289 1849 1506 1902 loquentem
1529 1851 1698 1890 inducit:
1730 1851 1822 1890 Non
1851 1856 1959 1891 enim
1990 1856 2125 1891 vestris
2153 1852 2412 1903 prcece-lentt-

1290 1902 1359 1941 bus
1389 1908 1542 1943 meritis
1579 1904 1749 1944 debitum
1783 1907 1973 1956 persolvi,
2015 1905 2086 1944 seii
2128 1919 2201 1957 ego
2240 1910 2411 1956 incoepi.

1290 1956 1400 2004 Quod
1429 1968 1556 1996 autem
1587 1959 1794 2012 aliquando
1821 1973 1898 2000 non
1942 1962 1993 1999 ita
2034 1960 2136 1999 clare
2174 1959 2208 1995 8:
2238 1968 2412 1998 accurate

1288 2020 1457 2050 mentem
1486 2027 1595 2051 suam
1625 2015 1845 2065 aperuerit,
1889 2015 1927 2052 id
1961 2014 2208 2052 tribuendum
2244 2023 2294 2051 est
2326 2029 2411 2065 pat-

1292 2066 1389 2113 tim,
1431 2067 1532 2118 quod
1563 2068 1731 2105 nondum
1760 2069 1894 2105 exortis
1938 2067 2212 2106 subtilitatibus
2242 2067 2410 2117 Pelagia-

1290 2131 1458 2167 norum,
1502 2118 1535 2154 8t
1564 2119 1992 2171 Semipelagianorum,
2035 2120 2161 2158 Patres
2197 2121 2244 2157 de
2281 2134 2411 2159 severa

1292 2172 1499 2209 verborum
1531 2175 1760 2224 proprietate
1801 2175 1986 2212 servanda
2031 2175 2156 2211 minus
2190 2172 2341 2212 solliciti
2373 2189 2411 2211 e-

1289 2233 1402 2272 raut3
1446 2228 1612 2276 partim,
1643 2227 1744 2278 quod
1774 2235 1875 2264 notat
1904 2227 1945 2265 P.
1978 2226 2288 2264 Moutfauconius
2326 2231 2340 2277 (
2373 2228 2411 2266 in

1290 2279 1415 2318 Diatr.
1438 2281 1468 2318 I.
1498 2278 1610 2317 Tom.
1628 2279 1734 2317 XIII.
1758 2294 1796 2332 p.
1824 2279 1909 2318 180.
1927 2280 1942 2327 )
1960 2310 1970 2328 ,
2000 2281 2092 2332 quia
2121 2279 2162 2316 S.
2193 2279 2333 2318 Ductor
2363 2282 2409 2319 ad

1291 2333 1482 2386 populum
1512 2333 1630 2372 verba
1660 2335 1830 2382 faciens,
1875 2333 2105 2386 plerumque
2135 2346 2178 2370 ex
2210 2342 2408 2387 tempore,

1291 2391 1393 2425 serio
1421 2387 1543 2425 verbis
1572 2387 1779 2435 omnibus,
1822 2388 1871 2428 <9-
1909 2387 2023 2426 dictt's
2065 2387 2285 2440 advigilare
2328 2401 2408 2425 rto-2

1288 2450 1469 2491 poterat,
1500 2445 1541 2478 in
1570 2440 1682 2479 rebus
1711 2444 1923 2490 maxime,
1966 2455 2056 2493 φησι·
2083 2441 2262 2479 nondum
2289 2441 2408 2492 pzfflle'-

1289 2499 1345 2533 cis
1376 2494 1572 2533 Ecclesia·
1600 2494 1747 2548 legibus
1776 2504 1947 2534 assertae
1963 2495 2139 2548 fuerant
2158 2523 2168 2534 .
2197 2495 2348 2545 Saepius
2369 2509 2407 2531 c-

1289 2551 1403 2597 tiam,
1441 2563 1529 2602 quae
1559 2549 1606 2586 ad
1635 2562 1788 2586 omnem
1827 2551 2007 2600 temporis
2044 2549 2077 2584 ἃ
2106 2549 2262 2586 desidia:
2293 2560 2407 2584 excu-

1286 2604 1468 2640 sationem
1498 2601 1705 2642 tollendam
1736 2603 1861 2640 facere
1890 2602 2142 2648 videbantur,
2181 2613 2407 2652 exaggerare

1285 2656 1457 2694 studebat
1487 2657 1553 2708 (a)
1571 2682 1581 2694 .

1343 2722 1406 2761 79.
1437 2709 1553 2749 Dices
1582 2712 1735 2763 prim0.
1784 2708 1886 2755 Quid
1918 2707 1991 2745 sibi
2021 2707 2151 2745 volunt
2191 2706 2308 2746 verba
2338 2707 2406 2746 illa

1285 2763 1330 2801 de
1361 2763 1579 2802 Abraham:
1611 2777 1637 2800 (ι
1667 2767 1792 2812 seipso
1810 2791 1819 2808 ,
1849 2761 1899 2800 &
1928 2774 1956 2797 a
1985 2764 2181 2808 scientia,
2211 2774 2301 2812 quoe
2329 2775 2403 2798 nct-

1285 2826 1387 2854 turoe
1415 2821 1538 2855 insita
1567 2825 1651 2863 est,
1695 2819 1735 2851 ιή
1765 2822 1924 2850 tantum
1952 2818 2127 2863 pervenit
2161 2818 2309 2852 virtutis
2327 2814 2403 2866 fa-

1285 2874 1445 2923 stigiurn
1467 2870 1562 2908 &c.?
1601 2869 1735 2907 Annon
1756 2880 1910 2906 omnem
1932 2881 2085 2920 prorsus
2104 2870 2266 2922 gratiam
2289 2872 2402 2907 etiam

1285 2923 1471 2963 initialem
1502 2919 1730 2961 excludunt?

1339 2977 1406 3015 80.
1439 2974 1662 3028 Resp.l1aec
1706 2987 1781 3013 uon
1823 2973 2025 3014 excludere
2066 2978 2199 3026 gratiae
2243 2976 2401 3016 initialis

1287 3033 1539 3068 necessitatem
1558 3058 1567 3074 ,
1610 3027 1673 3066 sed
1701 3027 1824 3065 solum
1854 3027 1978 3079 legem
2013 3033 2191 3082 scriptam
2209 3061 2220 3079 ,
2262 3045 2402 3084 nempe

1283 3084 1402 3133 dicit,
1435 3081 1658 3131 Abraham,
1687 3083 1766 3121 siue
1794 3082 2019 3134 adjumento
2047 3083 2140 3136 legis
2169 3086 2320 3137 scriptae
2339 3115 2348 3132 ,
2378 3100 2400 3122 a

1280 3260 1417 3305 posita;
1444 3260 1558 3305 potius
1581 3260 1676 3295 euim
1701 3257 1863 3294 studebat
1879 3283 1890 3301 ,
1914 3271 1950 3294 se
1969 3257 2170 3302 auditorum
2196 3260 2314 3304 captui
2340 3269 2396 3290 ac·

1280 3305 1524 3350 commodare,
1561 3318 1750 3351 eorumque
1778 3307 1923 3340 utilitati
1952 3307 2146 3347 inservire,
2183 3318 2288 3351 quam
2316 3316 2394 3348 pro-

1278 3353 1456 3389 fundiores
1479 3355 1689 3400 questiones
1715 3354 1886 3388 resolvere
1901 3376 1909 3384 .
