2570 3745
804 123 890 181 ΒΕ
920 124 1291 183 msa-mem.
1320 124 1657 182 nasama.

70 211 240 271 fiinrit,
270 220 450 260 homines
479 218 566 256 sine
597 213 739 256 Christi
762 217 949 270 justitia,
977 231 1045 269 per
1067 229 1195 272 quam

77 273 193 321 n'obis
220 278 390 322 meruit,
413 271 634 326 justificari
656 298 696 310 ...
726 271 950 310 anathema
980 276 1056 322 sit,
1093 274 1197 311 Cou-

73 329 216 370 cilium
246 324 405 367 Triden.
434 324 531 364 Sess.
562 323 631 363 VI.
654 339 694 364 c.
732 338 791 364 ιο.
822 326 869 364 Et
899 337 1049 364 rursus:
1098 356 1124 375 „
1155 326 1197 364 Si

81 412 111 434 „
139 383 230 437 q't‘tis=
251 380 418 428 dixerit,
443 385 516 431 p'er
543 377 645 417 hanc
660 379 874 417 doctrinam
904 379 1132 418 catholicam
1150 379 1203 416 de·

75 465 107 487 „
133 428 405 488 justificatione
421 462 432 482 ,
461 446 484 470 a
506 441 636 471 sancta
651 431 804 486 Synodo
834 433 905 471 hoc
934 433 1113 486 praesenti
1134 433 1199 471 de-

78 490 118 545 „'
136 491 240 528 creto
263 492 511 540 expressam,
555 485 685 539 aliqua
714 498 759 524 ex
790 496 896 539 parte
932 488 1065 539 gloriae
1095 485 1198 534 Dei,

70 570 104 593 3,
129 540 194 582 vet
219 541 370 580 meritis
397 539 486 578 :Iesu
513 539 653 578 Christi
685 538 841 578 Domini
869 542 984 578 nostri
1012 540 1201 591 derogari,

70 624 104 646 „
132 593 167 632 ἃ
195 607 268 633 non
292 594 420 648 potius
446 594 644 632 veritatem
674 594 765 632 fidei
796 602 933 631 nostrae
952 624 962 642 ,
994 593 1066 632 Dei
1096 594 1201 630 deni-

69 678 103 700 „
133 654 235 701 que,
263 654 308 686 ac
332 644 477 685 Christi
494 646 583 684 Jestt
612 646 774 699 gloriam
802 647 1016 695 illustrari,
1047 644 1201 685 anathe-

74 731 104 752 „
134 716 198 740 ma
220 703 272 741 sit
302 701 353 750 ”,
401 700 544 739 ibidem
576 714 660 738 ean.
687 700 760 738 ult.
806 701 887 737 lmo
925 699 1052 738 multo
1078 700 1202 750 magis

67 755 284 795 secundum
301 754 515 793 doctrinam
534 753 935 792 EcclesiaeCatholicae
952 753 1073 805 gloria
1088 753 1199 790 Chri-

68 810 118 848 sti
149 808 299 857 elucet,
322 820 417 845 cum
447 807 588 845 dicitur
605 837 616 856 ‚
644 808 782 845 merito
809 806 893 857 ejus
905 808 1090 858 passionis
1107 819 1199 857 pec-

68 874 157 902 cata
184 875 263 901 non
291 860 471 900 abscondi
500 860 653 909 solum,
682 859 742 897 vel
761 859 886 897 sotum
903 860 975 910 tegi
994 889 1005 907 ,
1035 868 1196 897 auttan-

49 915 274 954 ‚tium-nodo
302 927 378 953 non
407 914 622 967 imputari3
649 913 712 950 sed
742 911 860 965 piane
885 912 1006 950 deleri
1023 942 1035 960 ,
1065 911 1099 948 ἃ
1129 925 1196 949 au·

71 968 190 1008 ferri:
231 977 345 1022 atque
368 967 456 1020 ejus
480 965 672 1004 :beneficio
696 978 773 1003 -non
815 965 941 1003 solnm
968 977 1038 1002 nos
1064 978 1196 1002 conse-

66 1023 140 1075 qui
160 1053 170 1071 ,
199 1031 241 1060 ut
270 1022 360 1074 justi
388 1027 637 1072 reputemur5
667 1019 729 1056 sed
754 1020 916 1056 *omnino
944 1026 985 1056 nt
1015 1017 1103 1069 justi
1122 1048 1132 1066 ,
1163 1018 1195 1054 8<

66 1076 190 1115 sancti
218 1076 339 1114 simus
357 1099 368 1112 ·
400 1074 526 1124 Atque
551 1081 593 1110 ut
624 1071 694 1110 hoc
724 1070 863 1123 majori
894 1073 933 1110 in
960 1070 1049 1110 luce
1079 1084 1196 1124 pona-

68 1135 247 1185 m'ffl
409 1174 863 1218 APPENDtx

99 1285 108 1291 ’
141 1284 192 1326 In
210 1299 291 1341 qua.
309 1282 510 1324 Doctrina
533 1284 743 1324 'Catholica
763 1282 812 1322 de
825 1283 1120 1337 justificatione

275 1339 507 1393 defenditur
527 1348 669 1377 contra
690 1336 987 1376 Haereetcorum

504 1393 760 1430 calumnias.

126 1474 300 1544 118.In
330 1498 522 1552 Apologia
554 1496 824 1550 confessionis
854 1496 1102 1550 Augustanoe
1134 1510 1194 1536 ar-

66 1552 213 1594 ticulus
238 1553 288 1590 de
305 1551 580 1604 justificatione
595 1554 819 1603 proponitur
834 1561 1014 1604 tanquam
1044 1581 1072 1600 „
1094 1565 1193 1605 prae·

65 1635 99 1657 3,
126 1607 163 1645 ci
197 1614 265 1644 uus
293 1605 400 1643 iocus
427 1606 609 1643 doctrinae
624 1604 877 1652 Christianae,
906 1606 974 1656 qui
1006 1616 1104 1642 recte
1136 1608 1192 1643 in-

65 1689 98 1711 „
124 1668 161 1698 te
181 1659 296 1698 lectus
325 1657 516 1707 illustrat,
564 1657 599 1694 ἃ
623 1657 842 1710 amplificat
871 1657 1050 1696 honorem
1079 1658 1192 1696 'Chri-

68 1743 100 1764 „
126 1714 195 1761 sti,
225 1712 259 1749 St
285 1709 397 1750 affert
425 1711 678 1750 necessariam
694 1711 991 1750 consolationem
1015 1713 1086 1763 piis
1102 1724 1191 1750 con-

63 1795 98 1817 „
124 1764 356 1812 scientiis‘';
385 1778 450 1804 nos
465 1764 794 1803 autemCatholici
811 1777 1058 1813 accusamur,
1088 1765 1192 1817 quod

67 1821 208 1859 misere
235 1819 625 1858 contaminaverimus
654 1818 758 1856 hunc
789 1818 941 1857 locum:
971 1833 1101 1867 „cum
1125 1833 1191 1856 ue-

65 1878 98 1929 „
124 1886 203 1925 que
230 1871 323 1926 quid
353 1874 525 1910 remissio
555 1882 826 1924 peccatorum,
867 1885 990 1924 neque
1021 1872 1112 1924 qnid
1145 1872 1191 1909 si-

65 1955 99 1977 „
126 1926 218 1974 des,
245 1935 372 1978 neque
400 1927 495 1978 quid
551 1926 643 1964 ratia
660 1956 670 1974 ,
701 1940 823 1978 neque
851 1929 944 1979 quid
967 1925 1109 1977 justitia
1127 1928 1190 1974 sit,

15 1983 22 1989 “
65 2008 98 2030 ,,
127 1978 385 2032 intelligamus
414 1980 465 2017 ’'.
535 1990 547 2018 t
574 1989 704 2017 ‘autem
734 1981 772 2017 id
792 1982 840 2018 'in
871 1980 1073 2032 propatulo
1103 1980 1191 2028 fiat,

67 2034 138 2072 vix
165 2033 243 2072 dici
270 2039 395 2086 ,potest
419 2043 539 2085 quam
572 2034 777 2082 insidiose,
804 2033 840 2070 8(
868 2033 1104 2072 calumniose
1125 2045 1192 2070 no-

69 2085 151 2126 stra
179 2086 349 2125 doctrina
376 2094 615 2139 exponatur.

129 2144 220 2190 1¹19.
247 2137 299 2177 Εἰ
325 2141 454 2190 primo
481 2140 629 2177 ibidem
672 2150 899 2179 accusamur
942 2141 1072 2194 pagin.
1103 2138 1194 2178 63.:

67 2203 99 2243 ς,
127 2191 256 2245 quod,
283 2198 375 2229 cum
403 2191 603 2244 Scriptura
630 2191 728 2231 alias
755 2194 878 2232 tradat
905 2193 1029 2246 legem
1048 2224 1058 2241 ,
1101 2193 1196 2232 alias

68 2274 97 2295 „
127 2245 419 2295 promissionem
450 2243 498 2281 de
525 2243 702 2293 Christo,
732 2259 799 2284 nos
827 2260 1025 2284 sumamus
1046 2248 1193 2298 legem,

68 2324 98 2348 „
129 2295 163 2333 &
194 2311 260 2350 per
289 2295 414 2349 legem
447 2299 555 2348 (non
585 2307 710 2335 autem
743 2313 809 2349 per
839 2302 1126 2351 promissionem
1149 2302 1194 2337 de

68 2380 97 2402 „
125 2349 303 2399 Christo,
330 2363 450 2403 quam
478 2365 502 2388 a
531 2351 637 2388 nobis
652 2350 878 2402 simpliciter
895 2352 1039 2390 aboleri
1060 2353 1195 2391 dicunt

67 2434 97 2455 „
127 2418 213 2457 pag.
241 2401 311 2456 95.
341 2405 357 2453 )
388 2416 610 2456 quaeramus
640 2405 896 2443 remissionem
928 2415 1194 2457 pcccatorum,

67 2487 98 2508 9,
127 2456 162 2494 ἃ
191 2456 528 2508 justificationem3
557 2458 656 2509 quod
688 2460 800 2495 nostri
819 2459 1045 2498 scholastici
1075 2463 1193 2498 secuti

66 2538 97 2561 γ,
127 2509 402 2563 Philosophos,
430 2520 579 2548 tantum
610 2511 769 2549 doceant
800 2511 982 2561 justitiam
1015 2515 1194 2563 rationis,

68 2581 98 2614 ς,
127 2563 161 2600 ἃ
187 2562 397 2616 affingant,
426 2564 529 2616 quod
560 2565 654 2601 ratio
683 2566 761 2602 sine
791 2566 935 2616 Spiritu
953 2566 1089 2604 Sancto
1109 2579 1192 2619 pos-

71 2637 102 2667 ,*,
129 2618 177 2654 sit
204 2616 363 2669 diligere
378 2617 504 2655 Deum
535 2630 649 2669 super
677 2619 830 2664 omnm
863 2620 896 2655 ἃ
920 2620 1090 2658 homines
1111 2634 1191 2657 me-

70 2674 101 2719 „
130 2669 205 2707 reri
235 2671 492 2709 remissionem
524 2680 794 2723 peccatorum,
826 2673 1002 2710 faciendo
1029 2675 1128 2726 quod
1154 2677 1192 2712 in

73 2751 101 2773 „
130 2735 170 2760 se
197 2731 278 2761 est.
309 2724 417 2762 Hanc
445 2725 663 2776 opinionem
683 2755 693 2773 ,
723 2725 891 2775 addunt,
922 2728 1014 2778 qnia
1043 2736 1195 2765 natura-

72 2801 101 2826 „
130 2773 218 2814 liter
243 2775 678 2816 blanditurhominibus
697 2808 707 2826 ,
738 2782 955 2831 peperisse,
984 2778 1019 2815 ἃ
1048 2782 1195 2818 auxisse

74 2857 103 2878 „
133 2826 271 2868 multos
299 2829 422 2868 cultus
451 2833 491 2870 in
522 2830 725 2880 Ecclesia,
773 2843 856 2870 vota
887 2833 1096 2872 Monastica
1115 2863 1125 2880 ,
1155 2848 1194 2871 a·

73 2908 103 2931 5,
130 2881 247 2920 bustis
262 2881 417 2931 Missae,
446 2899 503 2923 ec.
520 2899 577 2923 ec.
608 2884 788 2938 Denique
818 2900 881 2924 nos
897 2886 1068 2938 sepelisse
1084 2886 1194 2924 Chri-

74 2948 104 2984 3,
132 2945 231 2973 stum
249 2966 259 2984 ,
289 2949 337 2973 ne
366 2949 410 2974 eo
437 2939 642 2976 mediatore
659 2949 810 2977 utantur
829 2940 1000 2978 homiues
1018 2969 1028 2985 ‚
1059 2940 1089 2975 δι
1109 2954 1192 2992 pro-

77 2994 108 3037 ,5
132 2996 215 3042 pter
244 2991 370 3042 ipsum
399 2992 583 3040 sentiant,
615 3006 653 3030 se
680 2996 792 3045 gratis
813 2995 988 3045 accipere
1009 2996 1194 3031 remissio-

77 3066 105 3088 „
126 3052 218 3080 *nem
249 3053 520 3095 peccatorum,
565 3043 598 3080 8(
630 3046 974 3085 reconciliationem
993 3078 1003 3095 ,
1048 3048 1106 3084 scd
1138 3061 1193 3084 so-

77 3118 106 3140 „
132 3097 306 3145 mnient,
343 3112 382 3135 se
412 3098 565 3149 propria
595 3096 816 3150 impletione
846 3099 938 3153 legis
968 3103 1105 3139 metm-i
1137 3116 1194 3139 xu-

80 3172 108 3193 „
137 3147 349 3188 missionem
382 3161 626 3203 peccatorum
657 3153 679 3168 ”

140 3210 226 3254 too.
256 3204 301 3240 At
330 3218 418 3242 vero
447 3215 632 3257 quantum
653 3206 727 3255 sit,
757 3221 982 3260 semperque
1014 3207 1125 3246 fuerit
1147 3207 1195 3246 ab

81 3248 301 3302 hujusmodi
329 3259 519 3297 erroribus
547 3257 718 3298 Ecclesia
733 3261 930 3300 Catholica
960 3260 1108 3309 aliena,
1139 3277 1196 3300 sa-

2240 145 2326 190 223

1264 219 1308 257 tis
1338 217 1550 269 expositum
1579 218 1653 255 {uit
1684 217 1722 255 in
1751 218 1867 257 conc.
1898 219 2057 260 Triden.
2088 223 2185 263 Sest.
2216 225 2284 263 Vl.
2303 256 2313 273 ‚
2347 240 2391 265 u·

1265 272 1305 310 bi
1334 271 1450 323 capit.
1486 283 1520 308 ι.
1546 283 1725 323 expresse
1751 272 1961 311 definitur:
1993 305 2018 323 „
2050 290 2125 315 non
2156 279 2267 316 modo
2287 280 2390 318 Gen-

1266 329 1298 374 „
1323 334 1376 363 tes
1404 336 1473 378 per
1516 325 1596 362 vim
1627 334 1772 362 naturae
1791 355 1801 373 ,
1851 327 1912 364 sed
1940 340 2012 364 nee
2042 328 2195 369 Judaeos
2232 333 2392 384 quidem

1263 404 1295 427 „
1353 389 1392 416 er
1420 380 1546 430 ipsam
1578 378 1745 416 litteram
1776 378 1870 431 legis
1901 379 2048 431 Moysis
2093 385 2106 432 (
2139 399 2159 421 a
2189 396 2344 436 peccato
2374 387 2390 435 )

1267 462 1294 480 „
1321 392 1514 480 liberari,
1541 440 1607 470 aut
1632 443 1789 483 surgere
1820 433 1982 485 potuisse
2011 435 2057 472 ’'.
2088 435 2172 483 En,
2201 438 2394 489 quomodo

1266 497 1402 522 verum
1433 486 1505 534 sit,
1535 497 1602 523 nos
1630 497 1805 539 quaerere
1827 487 2088 525 remissionem
2118 500 2361 540 peccatorum
2380 524 2392 540 ,

1266 540 1301 574 ἃ
1334 538 1642 589 justificationom
1675 552 1742 592 per
1773 538 1894 591 legem
1913 571 1923 588 ,
1952 541 1986 576 ἃ
2019 554 2084 591 per
2112 544 2273 592 gratiam
2303 545 2389 584 Jesu

1264 591 1437 630 Christi.
1470 591 1590 644 Pergit
1622 603 1748 630 autem
1776 602 1907 631 sancta
1924 593 2126 645 Synodus,
2156 596 2241 633 ἃς.
2261 610 2297 634 2.
2327 598 2392 634 de-

1263 645 1416 693 clarat,
1462 647 1627 684 missum
1656 646 1806 684 tandem
1836 648 1876 685 in
1904 645 2147 698 plenitudine
2176 657 2395 702 temporum

1272 699 1400 736 Jesum
1429 698 1624 736 Christum
1643 729 1653 748 ,
1693 712 1808 751 quem
1838 705 2036 752 proposuit
2066 700 2177 740 Deus
2205 707 2396 756 propitiu-

1270 760 1398 789 torem
1429 765 1497 801 per
1514 751 1650 804 fidem
1681 757 1722 790 in
1752 758 1952 806 sanguine
1971 759 2093 805 ipsius
2121 769 2191 807 pro
2219 761 2399 809 peccatis

1267 809 1442 854 nostris,
1484 817 1564 842 non
1595 806 1723 844 solum
1749 817 1892 846 autem
1919 821 1992 860 pro
2020 814 2168 848 nostris
2187 838 2198 859 ,
2241 809 2315 849 secl
2338 818 2397 850 et·

1265 862 1353 896 iam
1383 871 1452 910 pro
1480 864 1595 897 totius
1626 859 1785 900 ηιιιηιίὶ.
1814 862 1898 900 Hoc
1924 862 2041 900 modo
2067 862 2259 903 Catholici
2289 879 2397 917 sepe-

1263 912 1429 950 liverunt
1452 911 1674 962 Christum,
1699 926 1750 952 ‘ne
1775 928 1822 952 eo
1852 917 2059 954 mediatore
2089 926 2241 958 utantur
2269 916 2395 958 homi-

1262 979 1330 1004 nes
1359 965 1431 1003 διο.
1460 966 1535 1004 Sed
1565 967 1690 1005 adhuc
1717 969 1934 1021 expressius
1963 982 2049 1022 cap.
2079 970 2121 1009 3.
2150 969 2396 1026 explicatur,

1259 1019 1365 1071 quod
1397 1021 1508 1057 sicuti
1540 1019 1736 1070 homines,
1769 1052 1794 1070 „
1824 1024 1899 1060 nisi
1931 1037 1974 1060 ex
2005 1027 2150 1062 semiue
2180 1025 2273 1063 Adae
2305 1039 2394 1079 pro-

1262 1100 1291 1121 „
1322 1073 1447 1125 pagati
1477 1084 1746 1123 nascerentur,
1779 1089 1854 1112 non
1886 1087 2131 1116 nascerentur
2161 1078 2314 1129 injusti:
2359 1081 2392 1118 i-

1260 1152 1291 1174 „
1322 1134 1357 1163 ta
1375 1155 1385 1173 ,
1416 1127 1487 1164 nisi
1519 1127 1558 1164 iu
1585 1127 1736 1165 Christo
1764 1139 2078 1180 renascerentur,
2108 1146 2306 1184 nunquam
2330 1132 2392 1184 ju·

1264 1207 1292 1228 „
1320 1179 1578 1217 stificareumr
1596 1210 1606 1228 ,
1649 1193 1739 1218 cum
1768 1195 1814 1219 ea
1843 1186 2078 1222 renascentia
2107 1198 2175 1236 per
2205 1187 2392 1224 meritum

1262 1260 1293 1282 -„
1322 1233 1508 1284 passionis
1534 1232 1619 1284 vejus
1637 1263 1647 1281 ,
1676 1236 1796 1285 gratia
1815 1264 1825 1282 ,
1853 1249 1931 1287 qua
1961 1235 2050 1286 justi
2073 1237 2170 1275 fiunt
2188 1268 2198 1286 ,
2231 1237 2392 1277 illistri·

1265 1315 1292 1334 „
1322 1286 1462 1324 buntur
1491 1286 1537 1323 '':
1582 1288 1679 1324 unde
1706 1289 1921 1326 excitemur
1950 1290 1997 1327 ad
2025 1290 2164 1342 gratias
2193 1303 2262 1344 pro
2289 1301 2394 1331 tanto

1260 1338 1456 1378 beneficio
1484 1339 1568 1378 Deo
1596 1353 1747 1393 semper
1777 1341 1967 1393 agendas.

1320 1403 1411 1431 121.
1440 1393 1484 1430 ln
1515 1407 1603 1445 cap.
1633 1394 1672 1439 4.
1702 1396 1946 1443 insinuatur,
1993 1395 2161 1436 hominis
2190 1411 2392 1451 regenera-

1262 1446 1404 1483 tionem
1435 1455 1515 1498 post
1546 1447 1802 1499 Evangelium
1835 1448 2119 1501 promulgatum
2151 1453 2232 1490 sine
2263 1452 2391 1505 bapti-

1259 1511 1371 1547 smO,
1401 1509 1466 1538 aut
1496 1500 1581 1552 ejus
1610 1511 1695 1539 voto
1723 1500 1808 1539 steri
1839 1515 1914 1540 non
1944 1515 2077 1554 posse3
2106 1504 2140 1540 ἃ
2172 1507 2208 1543 in
2239 1518 2325 1557 cap·
2351 1507 2390 1544 5.

1263 1552 1546 1603 justificationis
1574 1553 1776 1592 exordium
1806 1559 1846 1592 in
1876 1554 2023 1594 adultis
2042 1571 2068 1595 α
2086 1557 2173 1596 Deo
2193 1572 2261 1610 per
2280 1558 2390 1596 Chre-

1260 1615 1366 1643 stum
1397 1606 1532 1644 jesum
1549 1636 1560 1656 ,
1588 1613 1859 1657 praeveniente
1873 1615 2011 1661 gratia
2029 1641 2039 1659 ,
2070 1611 2310 1650 sumendum
2329 1627 2392 1650 es-

1261 1672 1330 1706 se,
1360 1657 1432 1696 hoc
1461 1669 1520 1697 est
1548 1659 1600 1697 ab
1629 1662 1716 1712 ejus
1733 1666 1936 1700 vocatione
1957 1692 1967 1712 ,
1997 1677 2076 1714 qua
2107 1665 2224 1702 nullis
2246 1678 2387 1704 eorum.

1260 1712 1522 1751 >existentibus
1552 1718 1704 1752 meritis
1732 1725 1955 1753 vocantur.
1995 1717 2038 1754 ln
2069 1716 2108 1756 6.
2139 1728 2267 1756 autem
2298 1732 2390 1769 cap.

1259 1775 1532 1806 enumeramus
1561 1767 1722 1806 diversae
1763 1769 2029 1821 dispositiones
2072 1771 2118 1809 ad
2149 1770 2391 1823 justificatio-

1259 1834 1374 1868 nem,
1417 1819 1566 1858 scilicet
1596 1825 1724 1870 primo
1752 1820 1874 1871 fides,
1917 1831 1958 1861 ut
1986 1823 2190 1873 credatur,
2242 1855 2267 1875 „
2301 1840 2390 1865 vera.

1259 1902 1286 1921 ⁷„
1317 1887 1393 1911 esse
1412 1904 1423 1922 ,
1452 1888 1541 1926 quae
1571 1875 1753 1914 divinitus
1784 1876 1977 1926 revelata,
2026 1877 2059 1914 &
2089 1880 2275 1932 promissa
2305 1881 2389 1918 fue-

1263 1957 1289 1975 „
1320 1939 1434 1973 runt;
1463 1937 1577 1980 atque
1596 1928 1694 1967 illud
1711 1931 1906 1981 imprimis
1922 1961 1934 1980 ,
1963 1945 1985 1968 a
2003 1930 2083 1969 Deo
2097 1931 2298 1984 justificari
2318 1936 2391 1972 im-

1260 2008 1288 2028 „
1318 1982 1428 2033 pium
1451 1982 1695 2032 pergratiam
1714 1981 1797 2033 ejus
1814 2013 1825 2031 ‚
1856 1997 1923 2035 per
1940 1985 2242 2037 redemptionem
2258 2017 2268 2034 ,
2299 2001 2390 2039 quae

1263 2062 1289 2081 „
1322 2043 1373 2071 est
1404 2035 1442 2071 iu
1473 2033 1626 2072 Christo
1655 2035 1744 2073 Jesu
1774 2036 1821 2073 ”2
1863 2037 2038 2075 secundo
2070 2040 2210 2087 timor,
2239 2052 2317 2092 quo
2348 2054 2391 2078 u-

1261 2086 1379 2124 tiliter
1409 2097 1626 2139 peccatores
1656 2090 1947 2128 concutiuntur:
1983 2095 2099 2129 tert1'o
2128 2107 2237 2144 spes,
2267 2107 2388 2145 quam

1264 2143 1510 2193 concipiunt,
1541 2141 1725 2191 fidentes,
1756 2142 1884 2181 Deum
1914 2143 1987 2183 sibi
2019 2155 2171 2198 propter
2192 2145 2388 2187 Christum

1264 2195 1476 2247 propitium
1509 2195 1612 2232 fore:
1650 2205 1793 2246 quarto
1822 2196 1986 2236 charitas
2004 2229 2014 2246 ,
2043 2212 2118 2238 non
2148 2198 2389 2250 habitualis,

1262 2261 1353 2299 quae
1386 2250 1425 2286 in
1456 2250 1538 2299 ipsa
1568 2248 1841 2300 justificatione
1873 2252 2115 2301 infunditur,
2154 2253 2217 2291 sed
2245 2263 2390 2292 actua-

1264 2302 1337 2349 lis,
1367 2315 1443 2355 qua
1463 2302 1589 2340 Deum
1620 2312 1833 2356 tamquam
1848 2318 2012 2343 omnem
2035 2307 2205 2359 justitiae
2221 2305 2390 2358 fontem

1263 2354 1426 2407 diligere
1456 2360 1674 2406 incipiunt.-
1704 2361 1840 2408 quinto
1854 2359 2045 2397 detestatio
2063 2390 2073 2407 ,
2102 2359 2283 2399 &odium
2301 2375 2390 2414 pec-

1262 2418 1460 2447 catorum:
1502 2420 1617 2448 sexto
1648 2413 1884 2463 propositum
1929 2413 2132 2452 inchoandi
2161 2426 2300 2454 novam
2331 2417 2389 2455 vi-

1263 2470 1340 2501 tani
1359 2494 1369 2510 ,
1400 2464 1432 2500 8(
1463 2464 1638 2502 servandi
1669 2465 1802 2503 divina
1833 2467 2043 2505 mandata.

1322 2529 1410 2555 122.
1442 2516 1613 2556 Tantum
1643 2531 1734 2556 vero
1763 2519 1890 2567 abest,
1921 2530 1959 2558 ut
1991 2521 2137 2571 putavit
2166 2529 2294 2558 saneta
2310 2519 2385 2573 Sy-

1260 2569 1408 2619 nodus,
1447 2569 1531 2608 haec
1559 2573 1691 2610 omnia
1722 2575 1889 2625 propriis
1919 2574 2066 2611 viribus
2094 2575 2296 2625 praestari,
2341 2582 2383 2612 ut

1260 2635 1345 2661 can.
1377 2624 1414 2662 5.
1444 2624 1646 2664 anathema
1675 2625 1733 2663 illi
1765 2627 2046 2664 comminetur:
2077 2654 2102 2674 „
2123 2627 2191 2678 qui
2221 2625 2384 2677 dixerit,

1263 2703 1290 2725 „
1321 2679 1401 2715 sine
1444 2680 1704 2730 praeveniente
1733 2679 1897 2730 Spiritus
1938 2680 2065 2717 Sancti
2112 2679 2385 2731 inspiratione,

1264 2758 1290 2778 ,‚
1320 2739 1433 2783 atque
1462 2733 1546 2784 ejus
1575 2733 1789 2784 adjutoriO,
1822 2730 2015 2770 hominem
2045 2733 2199 2770 credere
2217 2762 2227 2781 ,
2257 2747 2386 2785 spera-

1264 2812 1291 2831 „
1321 2796 1360 2821 re
1379 2815 1389 2833 ,
1419 2786 1604 2838 diligere,
1634 2795 1698 2824 aut
1727 2787 1912 2836 poenitere
1928 2798 2061 2838 posse,
2091 2785 2188 2823 sicut
2217 2796 2387 2842 oportet,

1264 2863 1291 2884 „
1323 2847 1360 2875 nt
1389 2840 1443 2876 eis
1474 2839 1751 2886 iustificationis
1779 2839 1901 2890 gratia
1930 2839 2149 2877 conseratur
2177 2839 2229 2878 '’.
2281 2841 2384 2881 lusu-

1263 2902 1332 2939 per
1360 2904 1447 2944 cap.
1472 2887 1517 2931 ’8.
1548 2893 1742 2938 decernit,
1790 2893 1902 2929 etiam
1934 2894 2063 2943 positis
2093 2891 2196 2930 hisce
2223 2893 2385 2948 disposi-

1266 2943 1434 2982 tionibus
1452 2975 1462 2993 ,
1492 2944 1617 2983 adhuc
1646 2954 1771 2981 tamen
1802 2957 1865 2982 nos
1893 2946 2007 2995 gratis
2036 2945 2262 2997 justificari,
2291 2952 2385 2998 quia

1264 2993 1360 3032 mhi!
1388 3012 1523 3035 eorum
1543 3029 1553 3046 ,
1583 3011 1672 3048 quoe
1704 2997 2029 3050 imstfimstonem
2050 2999 2302 3049 paecedunt,
2333 3006 2384 3039 si-

1265 3059 1306 3085 re
1324 3050 1457 3100 ficies,
1501 3057 1578 3089 sic-v
1607 3045 1727 3099 oper'a
1749 3080 1759 3098 ,
1804 3055 1934 3101 ipsum
1958 3053 2260 3106 justificationis
2286 3068 2382 3106 gra·

1263 3106 1362 3139 tiam
1395 3115 1696 3154 prfflnercntnr.
1741 3102 1939 3142 Facessant
1968 3108 2082 3158 igitur
2128 3108 2270 3159 pntidae
2303 3118 2382 3146 tstae

1264 3154 1496 3205 calumnias,
1527 3157 1668 3210 quibus
1698 3166 1774 3195 tam
1797 3160 1990 3196 immerito
2004 3173 2255 3210 accusamur,
2285 3177 2381 3213 qua·

1265 3210 1293 3246 si
1327 3209 1657 3262 philosophicam,
1686 3221 1749 3249 cut
1777 3211 1974 3264 judaicam
2002 3213 2175 3266 jusitiam
2195 3215 2381 3268 praedice-

1266 3275 1350 3299 mus
1383 3262 1446 3313 (ιι)
1465 3289 1476 3301 .

2239 3320 2326 3359 125.

130 3372 180 3409 (⁰)
210 3369 393 3408 calumnia
417 3378 548 3420 pariter
572 3388 624 3414 est
639 3401 650 3421 ‚
675 3378 770 3424 quod
795 3378 926 3416 dicitur
951 3380 987 3415 in
1018 3378 1139 3416 ea‘lcm
1159 3380 1332 3427 Apologia
1357 3392 1391 3427 p.
1415 3392 1502 3427 99.:
1529 3382 1728 3424 Antonius,
1753 3382 1978 3426 Bernardas,
2012 3383 2240 3424 Bonamicus,
2268 3382 2378 3418 Fran-
