2570 3745
762 160 842 207 DE
876 163 1059 209 GRAT.
1091 163 1310 208 SUFFIC.
1343 163 1680 207 DISTRIBUT.

85 251 279 285 recenset:
327 274 355 294 „
382 238 534 283 Scimus
555 271 566 290 ,
602 242 763 294 gratiam
794 243 868 282 Dei
897 258 967 282 nec
998 243 1194 296 parvulis,

83 326 110 348 5,
140 312 210 337 nec
238 295 448 349 majoribus
474 295 683 334 secundum
713 298 849 334 merita
876 307 1002 335 nostra
1030 298 1113 335 dari

77 379 109 401 „
137 352 313 397 Scimus,
339 360 413 387 non
440 347 622 386 omnibns
651 348 871 387 hominibus
899 351 1080 388 dari
1110 349 1194 387 Sci-

81 434 108 454 „
135 415 240 450 mus,
270 401 349 450 eis,
377 400 520 455 quibus
548 401 684 450 datur,
714 403 975 441 misericordia
1006 403 1078 442 Dei
1107 415 1192 454 gra-

77 485 106 506 „
124 457 226 502 'tuita
252 455 360 493 dari.
389 454 543 493 Scimus
560 484 571 503 ,
598 456 676 503 eis,
703 456 843 524 (ζιιῐίως
863 469 935 494 non
965 456 1098 503 datur,
1129 455 1190 506 ju—

76 536 106 558 „
134 516 188 546 sto
215 506 289 546 Dei
316 506 464 559 judicio
489 518 565 546 non
594 508 676 546 dari
707 508 716 523 ²
752 535 761 546 .
794 509 894 555 Itane
922 523 1013 547 vero
1041 512 1190 549 cautis·

75 561 200 599 simus
227 559 447 612 disputator
474 559 516 598 S.
550 561 781 612 Augustinus
816 564 972 600 nomine
1002 561 1187 600 Ecclesiae

72 612 284 653 Catholicae
303 613 448 653 locutus
468 622 559 652 esset
575 644 586 662 ‚
614 615 644 651 si
660 615 899 663 credidisset,
929 615 1187 668 aliquodgra-

73 668 140 706 tiae
166 666 355 706 'interioris
381 680 498 719 genus
527 680 631 714 esse,
661 668 761 720 quod
788 669 940 707 nemini·
955 681 1106 720 prorsus
1122 668 1186 705 de-

74 716 308 773 negaretur)
338 720 565 758 Potuissetne
592 729 669 758 tam
699 735 799 772 saepe
831 723 868 759 in'
887 723 965 758 suis
980 722 1108 759 Libris
1130 734 1187 758 r&

75 783 204 826 petere
231 776 394 826 gratiam
415 774 487 812 Dei
517 787 562 811 ex
592 775 849 812 misericordia
878 773 1074 826 aliquibus
1095 786 1184 812 con—

66 827 184 875 cedi,
227 826 313 866 aliis
341 839 431 871 vero
459 838 503 864 ex
532 826 676 878 justitia
711 828 871 886 negari,
914 827 945 863 si
975 828 1187 878 suspicatus

74 892 247 932 unquam
278 881 430 928 fuisset,
471 878 650 918 omnibus
677 891 830 916 ommno
859 880 937 916 sine
968 878 1046 916 ulla
1076 890 1184 917 exce-

98 935 194 971 tione
223 934 373 986 copiose
401 929 606 971 distribui?
636 935 771 968 Annon
795 930 908 969 tacite
925 933 1101 982 potuis-set
1118 931 1185 969 Pe-

67 948 338 1038 fagianorum,
381 999 426 1024 ac
453 983 848 1035 Semipelagianorum
878 983 1053 1036 querelas
1082 997 1185 1022 coin-

70 1053 251 1091 pescere,
280 1041 347 1091 qui
377 1039 423 1076 de
452 1037 742 1088 Augustinianae
771 1037 955 1074 doen-mae
986 1038 1183 1074 severitate

71 1107 115 1130 ac
144 1094 285 1132 duritia
311 1088 666 1142 conquerebantur,
697 1089 884 1137 dicendo,
915 1088 1013 1127 lianc
1040 1088 1181 1127 Christi

66 1148 228 1195 gratiam
246 1174 257 1193 ,
284 1142 398 1196 cujus
426 1142 680 1181 necessitatem
712 1141 974 1194 praedicabat,
1002 1142 1182 1180 omnibus

69 1207 206 1248 praesto
234 1210 337 1245 esse,
366 1204 405 1234 ut
434 1195 592 1248 proinde
621 1196 783 1246 quisque
811 1194 884 1233 sibi
902 1197 1096 1248 imputare
1116 1195 1181 1232 de-

68 1251 193 1299 beret,
221 1249 324 1303 quod
352 1263 396 1287 ea
425 1248 472 1286 ad
500 1247 598 1287 bene
626 1248 863 1299 operandum
891 1261 966 1286 non
988 1246 1180 1286 uteretur?

87 1304 91 1308 ’
121 1303 212 1343 321.
243 1302 399 1341 Frustra
428 1310 554 1339 autem
596 1302 828 1352 respondent
863 1304 994 1353 gratiae
1024 1302 1181 1340 univer-

66 1355 156 1395 salis
185 1357 333 1409 patroni
354 1385 366 1404 ,
397 1356 649 1406 Augustinum
679 1352 856 1401 locutum,
876 1355 994 1393 fuisse
1022 1356 1068 1392 de
1096 1369 1181 1406 gra-

63 1409 116 1447 tia
146 1407 214 1448 illa
243 1407 415 1455 efficaci,
447 1408 495 1446 de
524 1421 599 1460 qua
620 1408 816 1459 potissima
836 1417 913 1446 erat
934 1407 994 1445 illi
1010 1421 1098 1447 cum
1116 1407 1182 1445 Pe-

69 1462 260 1514 lagianis,
302 1475 347 1500 ac
375 1461 691 1512 semipelagianis
732 1462 989 1508 concertatio,
1033 1460 1094 1499 vel
1136 1462 1182 1498 de

68 1517 191 1566 gratia
220 1513 437 1560 habituali;
468 1523 667 1566 utramque
696 1524 822 1551 autem
852 1514 939 1566 jure
970 1514 1181 1566 meritoque

67 1568 253 1607 omuibus
278 1567 522 1606 comtn'unem
553 1580 630 1604 esse
659 1581 811 1618 negasse
833 1597 843 1615 ,
875 1580 949 1605 non
978 1576 1105 1604 autem
1136 1569 1183 1604 de

69 1623 190 1672 gratia
217 1619 458 1668 sufficiente,
499 1631 588 1671 quae
637 1621 841 1670 potentiam
878 1619 974 1657 bene
1002 1620 1183 1672 operandi

65 1674 241 1723 confert,
269 1672 319 1710 ab
345 1669 435 1712 'actu
463 1680 588 1710 tamen
616 1670 845 1723 disjunctam
863 1698 874 1711 .

122 1727 214 1766 522.
244 1725 398 1766 Frustra
428 1725 617 1778 inquam3
646 1739 735 1764 cum
767 1726 867 1765 enim
896 1725 937 1765 S.
968 1726 1075 1764 Pater
1102 1735 1183 1765 tam

68 1791 170 1833 slepe
198 1781 238 1819 in
257 1781 336 1819 suis
348 1779 528 1833 operibus
543 1778 733 1827 inculcet,
763 1789 958 1818 naturam
975 1793 1060 1818 esse
1075 1793 1182 1818 com-

68 1846 254 1882 munem,
283 1845 364 1871 non
378 1836 559 1885 gratiam
589 1832 733 1885 (Serm.
754 1832 903 1872 XXVI.
919 1847 1003 1889 cap.
1019 1834 1058 1879 4.
1076 1848 1182 1872 num.

70 1886 110 1932 K.
140 1887 253 1926 Tom.
275 1885 342 1925 lv.
361 1917 372 1935 ,
403 1886 436 1923 &
465 1885 560 1925 alibi
583 1888 622 1936 ):
652 1900 782 1925 rursus
811 1901 899 1926 cum
930 1885 1001 1925 hoc
1031 1888 1185 1925 axioma

68 1938 259 1978 Gratiam
287 1951 370 1978 non
398 1939 578 1978 omnibus
607 1939 718 1989 dari,
748 1941 799 1981 (9⁰
826 1939 962 1993 quibus
989 1949 1182 1993 negatur,

64 2004 122 2032 ex
144 1994 304 2046 justitia
331 1992 526 2046 denegari
541 2024 553 2043 ,
584 2002 622 2032 ut
639 1995 890 2032 certissimum
908 1993 1107 2032 catliolicae
1126 2008 1183 2032 re—

66 2045 220 2099 figionis
247 2046 384 2100 dogma
411 2047 517 2086 credi
555 2046 746 2097 voluerit,
784 2057 883 2086 certe
912 2048 1100 2086 debuisset
1136 2047 1183 2085 ad

67 2109 222 2140 ornnem
251 2102 597 2154 aequivocationem
626 2101 830 2140 tollendam
851 2102 1081 2153 distinguere
1098 2131 1108 2149 ,
1138 2101 1184 2138 de

65 2165 148 2207 qua
173 2155 295 2206 gratia
309 2153 548 2207 loqueretur,
578 2154 1039 2208 acluculenterindicare
1056 2185 1067 2203 ‚
1098 2153 1183 2192 haec

62 2219 135 2244 sua
163 2207 357 2259 principia
385 2219 458 2246 non
487 2222 564 2246 esse
578 2208 827 2260 generaliter,
856 2208 889 2245 ἃ
908 2209 955 2246 de
975 2209 1078 2257 omni
1099 2221 1185 2260 gra·

62 2261 121 2297 tia
148 2260 229 2298 acci
262 2259 401 2307 ienda,
429 2260 494 2298 sed
521 2260 644 2299 solum
673 2262 720 2299 de
747 2262 869 2312 gratia
898 2260 1073 2310 efficaci,
1118 2270 1182 2299 aut

65 2311 228 2351 habitus
249 2313 288 2361 i·,
317 2324 406 2365 quae
435 2313 616 2351 omnibus
643 2315 857 2352 communis
886 2327 962 2352 non
990 2325 1042 2352 est
1059 2341 1070 2353 .
1102 2315 1184 2352 imo

64 2379 158 2404 cum
185 2367 268 2418 ipsa
296 2365 532 2416 experientia
559 2365 655 2404 adeo
674 2366 887 2404 luculenter
907 2362 1071 2415 constei,
1099 2381 1185 2418 gra-

66 2419 161 2457 tiam
192 2417 412 2466 efficacem,
441 2431 531 2471 quae
561 2421 766 2470 potentiam
787 2419 882 2457 bene
897 2420 1079 2470 operandi
1098 2433 1186 2458 con-

67 2472 242 2524 junctam
271 2470 420 2510 effectui
451 2479 631 2523 praestat,
662 2471 695 2508 ἃ
725 2474 886 2523 gratiam
915 2471 1184 2522 habitualem,

62 2539 155 2579 quae
184 2539 251 2564 uos
284 2523 524 2573 sanctificat,
567 2538 643 2563 non
679 2525 859 2563 oinnibus
902 2535 1038 2577 praesto
1079 2540 1184 2575 esse,

65 2590 193 2630 opera:
221 2577 466 2631 dispendium
495 2584 600 2626 erat,
631 2578 668 2615 id
696 2588 776 2616 tam
806 2590 905 2630 saepe
926 2609 939 2627 ,
967 2593 1010 2617 ac
1040 2588 1116 2618 tam
1146 2595 1185 2618 e-

67 2633 222 2684 nergice
251 2632 470 2677 insinuare5
500 2646 590 2670 cum
621 2642 742 2684 posset
771 2633 1004 2670 adversarios
1033 2646 1117 2671 suos
1139 2634 1186 2672 ad

68 2683 331 2737 quotidianam
361 2685 637 2736 experientiam
667 2698 873 2737 provocare
894 2711 905 2722 .
956 2686 1053 2724 Bene
1098 2700 1187 2725 vero

71 2737 267 2789 oportebat
294 2749 450 2790 operose
491 2739 748 2788 demonstrare
765 2769 774 2786 ,
817 2738 1095 2790 cujuscumque
1121 2754 1186 2792 ge.

72 2792 174 2831 neris
201 2793 359 2842 gratiam
389 2791 588 2845 aliquibus
617 2805 661 2829 ex
692 2792 821 2830 divina
851 2791 995 2843 justitia
1023 2793 1184 2844 denega—

72 2844 134 2891 ri,
177 2852 217 2882 ut
243 2845 331 2883 inde
373 2845 558 2894 inferret,
600 2846 763 2897 gratiam
792 2859 1079 2897 quamcumque
1109 2860 1185 2884 esse

73 2909 181 2935 mere
205 2899 431 2950 gratuitam,
460 2913 505 2938 ac
533 2897 647 2939 solius
668 2900 810 2940 divinae
833 2898 1104 2938 misericordia:
1119 2899 1184 2938 do-

116 3076 164 3113 (α)
186 3071 280 3108 Nota
306 3081 358 3107 est
383 3073 518 3110 sincera
544 3076 603 3109 ills
629 3075 800 3110 confessio
825 3073 860 3110 P.
887 3072 996 3110 Gabr.
1022 3075 1183 3120 Vasqnez

74 3113 172 3164 Disp-
192 3117 337 3154 XCVll.
366 3121 398 3154 iu
427 3123 450 3153 l.
479 3123 513 3155 Ρ.
541 3123 575 3155 5.
602 3122 747 3158 'l'liomae
782 3136 857 3168 cap.
887 3134 917 3155 2.
946 3124 1182 3167 Angustinnm

78 3167 351 3216 ente-sementim
370 3165 412 3200 de
427 3169 579 3212 generali
607 3172 724 3212 gratiae
743 3168 990 3203 distributione
1009 3181 1082 3201 esse
1102 3179 1185 3201 con-

80 3214 245 3244 trarium:
280 3225 310 3246 c.
331 3215 363 3246 3.
389 3224 504 3248 autem
530 3214 603 3247 liaec
628 3215 754 3250 habet:
782 3214 909 3250 Fateor·
935 3228 1038 3255 sane,
1067 3224 1184 3257 snspe-

81 3261 137 3286 ctn
160 3254 242 3290 mihi
266 3271 344 3293 esse
369 3266 567 3294 testimonia
594 3259 780 3305 Prosper-i,
806 3270 847 3297 U·
872 3260 1185 3306 ffitlgenc1i‚·quod

77 3299 343 3355 diligentissimi
359 3328 370 3346 ,
388 3311 429 3340 Θ
441 3311 662 3342 exactissimi
680 3309 863 3353 Augustini
876 3308 1042 3350 discipuli
1063 3313 1134 3339 sinc

79 3343 201 3379 Verum
223 3353 311 3382 enim
334 3365 408 3386 vero
434 3366 507 3387 cam
532 3357 575 3387 de
600 3352 670 3387 Dei
695 3357 936 3388 misericordia
961 3356 1062 3387 multa
1078 3374 1089 3393 ,
1115 3365 1185 3386 ma-

75 3403 205 3440 gnaque
229 3407 422 3440 praeminere
446 3403 659 3442 deleamur
677 3410 807 3447 fanaque
833 3405 996 3448 egregia,
1034 3405 1074 3434 θ’
1100 3409 1184 3445 pre-

2244 177 2317 223 πάι

1261 256 1353 280 num
1373 272 1383 290 ‚
1415 252 1452 279 ut
1482 256 1606 294 neque
1636 257 1679 280 ea
1708 243 1828 295 adjuti
1860 245 2108 296 inflaremur,
2139 248 2173 285 8(
2201 253 2375 303 superbi·

1262 304 1372 342 rent,
1413 308 1537 347 neque
1567 310 1610 333 ea
1638 297 1776 334 deserti
1805 299 1997 337 immerito
2025 315 2376 354 conquererentur·

1316 347 1408 387 525.
1437 348 1623 386 Praeterea
1652 362 1803 387 omnem
1833 350 1946 402 plane
1974 353 2158 392 demente
2177 359 2373 410 Augustini

1260 402 1301 439 in
1331 400 1402 438 hac
1429 411 1538 454 parte
1568 401 1771 440 dubitandi
1802 404 1987 441 rationein
2019 405 2086 442 illa
2108 409 2222 446 verba
2244 411 2372 449 exclu-

1257 455 1377 502 dunt,
1405 468 1494 506 quae
1525 455 1637 493 habet
1668 454 1731 493 De
1759 455 1862 493 dono
1882 470 2030 508 persev.
2051 472 2084 494 c.
2105 472 2144 509 (3.
2175 456 2386 513 inquiens?

1257 537 1283 556 ‚,
1313 507 1370 545 Ex
1399 508 1548 547 duobus
1578 518 1685 546 aetate
1712 507 1792 560 jam
1821 510 2029 561 grandibus
2059 513 2188 564 impiis
2218 529 2286 552 cur
2307 519 2373 554 iste

1256 590 1283 609 „
1311 561 1366 598 ita
1395 571 1576 611 vocetur,
1607 571 1646 599 ut
1676 571 1872 600 vocantem
1901 573 2107 615 sequatur,
2150 564 2217 602 ille
2246 578 2371 607 autem

1257 643 1282 661 „
1312 623 1376 651 aut
1402 627 1478 654 non
1505 624 1687 664 vocetur,
1718 625 1782 652 aut
1809 628 1886 653 non
1909 617 1959 653 ita
1981 626 2158 665 vocetur,
2187 620 2372 660 inscruta-

1256 696 1282 714 „
1308 666 1408 704 bilia
1437 677 1524 706 sunt
1553 668 1700 719 judicia
1719 668 1795 706 Dei
1812 670 1861 706 '’.
1892 668 1955 706 illi
1985 671 2052 721 qui
2081 671 2134 707 ita
2162 682 2344 710 vocantur
2362 705 2372 721 ,

1256 728 1293 756 ut
1323 731 1519 759 vocantem
1549 731 1778 773 sequantur,
1808 725 1910 760 certe
1941 721 2080 761 habent
2108 725 2271 774 gratiam
2293 726 2373 764 effi-

1253 785 1409 811 cacem:
1439 775 1498 812 illi
1530 788 1646 822 vere,
1675 777 1744 827 qui
1775 776 1826 814 ita
1855 784 2061 822 vocantur,
2109 786 2147 813 ut
2178 788 2372 818 vocantem

1253 837 1325 862 non
1356 837 1583 878 sequantur,
1615 828 1748 880 utique
1778 838 1959 866 vocantur
1989 843 2055 880 per
2076 831 2238 880 gratiam
2268 832 2371 870 suffi-

1254 879 1446 928 cientem,
1488 893 1565 918 non
1599 894 1666 934 per
1696 880 1916 920 efficacem:
1960 895 2046 934 ergo
2076 882 2164 930 illi,
2206 886 2274 936 qui
2303 898 2375 925 non

1253 942 1458 981 vocantur,
1488 944 1649 986 utraque
1677 936 1799 986 gratia
1827 936 1984 972 omuino
2011 944 2166 973 carent.

1306 984 1401 1030 524.
1433 988 1486 1023 Ac
1517 987 1701 1035 demum,
1737 997 1778 1025 ut
1806 988 2011 1026 innumera
2041 989 2116 1026 alia
2146 989 2231 1029 looa
2260 990 2374 1042 liujus

1256 1036 1385 1074 Sancti
1414 1038 1532 1077 Patris
1577 1051 1834 1091 praeteream,
1876 1043 1965 1079 sati-s
2008 1042 2055 1079 sit
2085 1042 2374 1084 smidamentale

1252 1088 1362 1126 illius
1391 1093 1627 1143 principium
1660 1107 1702 1130 ex
1724 1094 1765 1131 S.
1783 1094 1900 1131 Paulo
1929 1095 2194 1146 desumptum,
2223 1111 2300 1148 quo
2328 1098 2375 1136 de

1251 1140 1389 1180 haeresi
1421 1143 1624 1196 Pelagiana
1654 1148 1940 1198 triumphavit,
1979 1158 2140 1198 gratiam
2184 1163 2261 1187 esse
2288 1165 2374 1202 gra-

1250 1196 1410 1242 tuitam,
1440 1197 1611 1250 adeoque
1641 1200 1722 1236 sine
1754 1198 1832 1237 ulla
1853 1200 2052 1251 injustitiae
2075 1211 2161 1239 nota
2177 1202 2375 1254 aliquibus

1251 1260 1323 1285 nou
1353 1249 1534 1287 concedi:
1565 1279 1592 1299 „
1615 1251 1751 1288 nando
1780 1254 1906 1299 enim,
1939 1254 2061 1304 inquit
2083 1252 2145 1291 De
2166 1253 2267 1293 dono
2286 1270 2374 1306 per-

1248 1331 1278 1349 „
1308 1314 1386 1339 sev.
1407 1315 1442 1340 c.
1461 1308 1524 1340 1¹2.
1539 1332 1548 1350 ‚
1578 1303 1810 1355 quibusdam
1833 1305 1933 1356 quod
1956 1318 2025 1342 non
2043 1316 2255 1354 merentur,
2286 1322 2372 1359 pro-

1250 1384 1277 1402 „
1308 1355 1406 1393 fecto
1433 1357 1668 1407 gratuitam,
1715 1356 1747 1392 81
1778 1370 1846 1409 per
1884 1357 1955 1394 hoc
1987 1371 2117 1396 veram
2147 1373 2255 1397 suam
2286 1375 2369 1412 gra-

1253 1437 1278 1456 „
1305 1409 1402 1446 tiam
1433 1423 1511 1447 esse
1540 1409 1660 1447 voluit
1691 1409 1869 1461 (Deus):
1913 1423 1987 1447 non
2017 1411 2197 1450 omnibus
2226 1414 2374 1463 dando,

1253 1490 1279 1508 „
1311 1462 1405 1513 quid
1434 1474 1564 1500 omnes
1594 1472 1816 1511 merentur,
1845 1463 2006 1502 ostendit
2027 1464 2070 1502 ²’.
2102 1464 2212 1512 Quod
2242 1469 2371 1518 Augu-

1250 1515 1337 1551 stini
1367 1516 1614 1553 ratiocinium
1645 1525 1738 1553 esset
1767 1515 2010 1562 iilusorium,
2040 1517 2069 1553 si
2099 1519 2221 1568 gratia
2248 1521 2373 1558 omni-

1251 1566 1320 1604 bus
1349 1567 1502 1606 daretur
1520 1595 1530 1606 .
1562 1568 1633 1606 Vel
1665 1582 1754 1619 ergo
1782 1571 1903 1622 gratia
1932 1568 2123 1607 sufficiens
2139 1583 2216 1609 nou
2237 1583 2289 1609 est
2309 1586 2371 1610 ve·

1251 1633 1293 1657 ra
1324 1619 1396 1658 Dei
1426 1623 1546 1672 gratia
1565 1651 1576 1669 ,
1615 1621 1676 1659 vel
1707 1635 1781 1659 non
1811 1622 1992 1660 omnibus
2022 1625 2279 1662 communiter
2305 1626 2374 1663 da-

1250 1681 1334 1719 tur5
1381 1683 1420 1711 ut
1448 1675 1542 1727 quid
1573 1673 1746 1713 homines
1776 1684 1989 1726 peccatores
2020 1676 2263 1725 mereantur,
2307 1677 2375 1716 fiat

1252 1727 1500 1765 manifestum
1526 1754 1537 1766 .

1307 1780 1399 1836 595.
1430 1780 1530 1819 Dico
1558 1779 1736 1819 homines
1778 1790 2008 1833 peccatores
2028 1797 2043 1827 ;
2081 1781 2158 1820 alia
2188 1784 2291 1822 enim
2322 1793 2374 1823 est

1251 1834 1347 1872 ratio
1376 1835 1422 1872 de
1452 1833 1589 1885 justis,
1634 1835 1776 1888 quibus
1814 1849 1903 1874 cum
1934 1835 2038 1873 Deus
2069 1847 2138 1887 pro
2167 1850 2233 1875 sua
2262 1838 2375 1875 mise-

1251 1888 1416 1926 ricordia
1445 1887 1604 1940 largitus
1633 1890 1679 1926 sit
1706 1890 1869 1940 gratiam
1895 1887 2136 1926 habitualem
2160 1919 2170 1937 ,
2213 1904 2291 1943 qua
2319 1890 2376 1928 ef-

1251 1939 1438 1979 ficiuntur
1468 1943 1612 1989 amici,
1651 1941 1685 1977 ἃ
1714 1940 1787 1980 filii
1818 1942 1920 1990 Dei,
1958 1944 2015 1979 eis
2046 1943 2159 1979 etiam
2189 1944 2375 1996 quodam·

1254 1996 1366 2032 modo
1394 1994 1553 2032 debetur
1581 1997 1704 2046 gratia
1728 1994 1952 2040 sufficiens3
1980 2009 2028 2033 ue
2061 2010 2106 2032 ue
2135 1998 2238 2034 enim
2269 1996 2375 2036 Deus

1251 2061 1312 2086 eos
1340 2048 1503 2093 deserit,
1531 2048 1607 2086 nisi
1636 2047 1686 2086 ab
1715 2049 1768 2086 eis
1796 2010 2173 2096 deseratu2r.qvide‚
2203 2062 2292 2100 quae
2314 2050 2371 2088 di·

1258 2110 1318 2138 c'ta
1346 2110 1430 2138 sunt
1459 2100 1619 2138 Dissert.
1640 2100 1708 2138 IV.
1739 2114 1825 2152 cap.
1843 2114 1886 2139 2.
2112 2111 2117 2116 ’

1308 2153 1399 2192 526.
1431 2152 1662 2205 Magistrum
1678 2183 1690 2201 ,
1720 2152 1754 2189 ἃ
1776 2153 1978 2191 Doctorem
1999 2155 2131 2205 gratiae
2151 2157 2269 2193 secuti
2291 2164 2376 2194 sunt

1253 2207 1384 2246 fideles
1414 2206 1496 2257 ejus
1524 2205 1735 2258 discipuli,
1765 2208 1978 2258 praesertim
1999 2207 2040 2244 S.
2063 2207 2220 2259 Prosper
2237 2238 2247 2255 ,
2278 2208 2374 2246 Ful-

1253 2262 1400 2313 gentius
1418 2290 1428 2308 ,
1457 2259 1490 2295 ἃ
1522 2258 1689 2297 ’Πιοηηις
1716 2261 1812 2311 (ιι).
1856 2259 2008 2297 Primus
2032 2262 2137 2298 enim
2168 2263 2220 2298 ita
2249 2260 2375 2298 Semi·

1253 2312 1499 2366 pelagianum
1531 2311 1725 2350 hominem
1755 2313 1917 2351 fidenter
1958 2325 2168 2365 provocans
2209 2314 2373 2353 canebat

1253 2369 1294 2407 iu
1317 2369 1453 2406 carm.
1482 2365 1546 2405 De
1575 2364 1752 2419 Ingratis
1780 2379 1816 2404 c.
1840 2379 1904 2404 Η.

1305 2500 1395 2512 ......
1426 2471 1504 2510 Dic
1522 2503 1532 2521 ,
1562 2471 1667 2510 unde
1694 2471 1867 2523 probas,
1898 2471 2000 2523 quod
2028 2477 2165 2526 gratia
2199 2473 2340 2512 Christe·

1304 2523 1473 2565 Nullum
1502 2530 1666 2564 omnino
1693 2525 1899 2565 hominem
1929 2526 1978 2564 de
2003 2532 2185 2576 cunctis,
2215 2532 2279 2578 qui
2306 2540 2371 2580 ge·

1361 2590 1585 2618 merantur:

1307 2633 1541 2682 Praeterea,
1570 2637 1633 2671 cui
1662 2646 1743 2671 non
1759 2645 1950 2685 regnum,
1979 2635 2182 2682 ritczmqne
2210 2630 2372 2670 hamram

1308 2685 1518 2739 Impertire
1547 2687 1635 2725 relic
1652 2685 1677 2722 Ρ

1307 2793 1401 2846 327.
1429 2793 1471 2833 S.
1502 2801 1629 2832 autem
1648 2790 1869 2843 Fulgentius
1885 2787 1974 2828 Lib*
1996 2787 2026 2827 Ῐ.
2057 2788 2106 2829 (Ie
2125 2795 2234 2830 verit.
2249 2792 2375 2843 praecl.

1251 2846 1301 2887 (θ’
1329 2851 1478 2900 grance
1505 2862 1541 2886 c.
1568 2848 1627 2884 15.
1658 2844 1849 2897 principii,
1872 2841 1956 2881 loco
1991 2844 2146 2893 statuit,
2188 2849 2371 2897 gratiam

1242 2898 1330 2938 ‘Det‘
1346 2913 1426 2938 non
1441 2898 1622 2938 omnibus
1642 2894 1860 2935 hominibus
1874 2897 2119 2948 generaliter
2137 2895 2228 2936 dari
2245 2929 2255 2947 ‚
2275 2913 2371 2951 ἔται

2242 2957 2317 2991 tui—

1250 3072 1345 3110 clara
1372 3076 1553 3118 Scriptum
1577 3066 1737 3114 prm-licet
1758 3093 1768 3112 ,
1805 3073 1903 3117 alque
1938 3081 1983 3106 ex
2011 3073 2086 3105 'sola
2111 3071 2182 3105 Dei
2203 3076 2372 3108 voluntale

1248 3124 1394 3165 pendeat
1422 3124 1490 3154 tale
1516 3121 1682 3152 uzu-ilium
1717 3120 1823 3153 alicui
1861 3116 2061 3164 denegare,
2095 3123 2166 3152 nisi
2193 3122 2291 3152 nobis
2330 3122 2375 3154 de

1251 3168 1316 3200 huc
1342 3169 1509 3199 voluntate
1529 3173 1661 3197 constet
1677 3188 1687 3205 ‚
1714 3168 1754 3199 id
1766 3167 1858 3199 nullo
1873 3167 1970 3199 modo
1984 3168 2147 3208 affirmare
2162 3167 2319 3200 debemus

1250 3223 1347 3256 ‹ie-lue
1372 3215 1411 3246 ab
1432 3213 1652 3255 Augustino,
1678 3217 1719 3244 (θ’
1744 3215 1830 3246 aliis
1846 3233 1857 3252 ,
1882 3217 1937 3257 ‹slti
1964 3213 2004 3245 id
2020 3214 2229 3252 docuerant,
2252 3219 2367 3256 petere

1250 3272 1448 3302 pessumum
1475 3259 1637 3290 undenam
1663 3258 1762 3305 hujus
1788 3261 1974 3292 voluntatis
1998 3257 2069 3291 Dei
2097 3263 2265 3291 certiores
2283 3259 2369 3302 sise-

1253 3315 1321 3338 rmt
1348 3304 1495 3346 effoeti!
1534 3303 1644 3346 Quasi
1669 3310 1753 3338 vero
1775 3305 1886 3345 tales,
1924 3305 2084 3349 tantique
2110 3305 2277 3338 Doctores
2305 3313 2370 3336 non

1251 3365 1292 3384 ex
1313 3350 1428 3384 Sacris
1443 3350 1609 3389 Litteris,
1633 3349 1693 3384 sed
1717 3361 1760 3385 ex
1786 3363 1848 3385 sno
1875 3359 2012 3386 tantum
2040 3350 2185 3386 cerebro
2199 3351 2287 3385 hanc
2306 3347 2371 3382 do-

1252 3398 1404 3433 ctrinam
1429 3395 1636 3433 hauserim.
