2570 3745
843 159 923 205 DE
958 157 1217 205 GRATIAE
1251 155 1565 202 NECESSIT.
1754 157 1757 159 ’
2234 161 2288 201 53

41 277 72 303 ,‚
99 260 155 295 ,ιο
174 281 185 301 ,
212 250 304 303 qnia
331 244 507 284 Verbum
536 242 609 282 Dei
639 242 819 295 qua-sivit
839 273 849 290 ,
899 240 1157 279 desideravit.

45 330 73 356 „
97 304 245 353 Quinto
273 301 315 340 S.
348 298 590 350 Hteronym.
622 296 731 335 Libr.
754 295 826 333 III.
875 295 1026 346 [Malog.
1055 300 1156 331 cnut.

44 383 74 408 „
99 356 228 406 Pelag.
258 367 299 393 n.
320 367 354 392 ι.
384 361 470 390 ait:
500 351 666 400 sunnia,
697 350 850 398 labore,
882 349 915 384 8(
946 347 1156 395 industria,

44 437 73 461 ‚,
93 422 143 448 ac
170 409 388 460 diligentia,
436 406 470 442 ὅ(
500 417 649 457 semper
680 417 794 457 super
822 405 949 440 onmia
980 402 1053 440 Uei
1082 400 1157 437 cle-

44 491 73 513 „
103 463 246 501 menti-t
265 460 503 506 custoditur,
535 468 574 496 ut
603 467 772 496 nostrum
802 459 847 494 sit
870 470 1022 508 rogare,
1052 454 1157 494 illins

44 543 73 565 „
103 515 271 554 tribuere
302 513 404 566 quod
434 521 612 565 rogatur,
643 521 812 549 nostrum
831 511 1026 562 incipere,
1056 506 1162 547 illius

44 597 76 618 ‚0
99 568 292 621 ⁴perficere
308 597 319 615 ‚
345 575 518 605 nostrum
548 566 684 603 offerre
702 595 712 612 ,
742 565 841 617 quod
864 575 1083 615 possumus,
1114 561 1164 598 il-

46 650 74 670 „
105 623 177 660 lius
207 623 260 660 im
290 621 397 669 lere,
427 619 528 672 quod
550 632 624 657 uon
649 631 849 670 possumus
879 619 944 667 (u.)
967 620 992 639 “
1011 642 1021 654 .
1052 616 1163 652 Sexto

46 675 210 728 Optatus
239 707 252 713 -
289 674 494 714 ilevitanus
525 673 611 710 Lib.
642 672 691 708 ll.
723 702 748 719 ‚,
781 672 844 710 Est
860 671 987 718 enim,
1017 671 1164 720 inquit,

50 757 77 778 ,,
106 728 315 767 Christiani
347 727 534 773 hominis,
564 725 665 778 quod
695 724 838 762 bonum
861 732 941 772 est,
973 723 1071 761 velle
1091 752 1102 770 ‚
1131 721 1165 757 ἃ

47 809 77 830 „
108 783 147 821 in
176 795 221 819 eo
236 781 252 830 ,'
277 782 381 834 quod
411 782 507 818 beue
528 778 688 816 voluerit
708 806 720 824 ‚
749 791 904 815 currere
921 807 932 824 ,
960 778 1026 815 sed
1040 776 1167 814 homi·

49 863 80 883 „
109 837 150 874 ni
180 848 255 874 uon
285 843 338 873 est
366 835 498 872 datum
520 830 706 884 perficere
724 856 761 868 ..
780 855 790 866 .
822 832 913 883 quia
930 841 1098 869 nostrum
1114 838 1167 866 est

53 916 81 937 „
111 888 233 937 velle,
258 896 435 926 nostrum
463 894 515 925 est
535 896 714 930 currere,
742 882 818 920 Dei
847 893 974 922 autem
1004 883 1165 937 perfice-

114 956 153 981 re
174 945 200 965 ἐς
216 967 230 980 ο

55 970 82 990 ”
109 996 175 1034 50.
206 994 318 1048 Resp.
364 993 438 1033 Λᾶ.
474 1004 508 1030 t.
537 989 646 1030 Nihil
676 988 784 1028 aliud
811 990 948 1027 docere
976 990 1166 1027 Pastorem

54 1046 241 1098 Hermae,
281 1047 356 1086 uisi
385 1045 512 1084 Deum
543 1043 750 1083 concedere
786 1044 948 1093 gratiam
978 1045 1167 1095 poeniren-

53 1102 120 1140 tiae
151 1100 367 1141 hominibus
394 1098 493 1136 bene
520 1098 569 1136 ad
599 1111 682 1135 eam
704 1096 917 1148 dispositis;
947 1104 1169 1134 nouantem

52 1152 122 1194 has
149 1155 266 1192 bonas
297 1151 497 1190 hominum
525 1150 792 1203 dispositiones
815 1163 860 1187 ex
892 1150 999 1188 nobis
1029 1162 1105 1186 esse
1118 1149 1172 1186 si-

53 1221 102 1246 ne
131 1205 212 1245 ulla
237 1207 358 1258 gratia
387 1204 494 1244 Dei.
526 1204 624 1242 Addi
648 1212 770 1255 potest
799 1218 888 1242 cum
919 1203 960 1242 S.
988 1202 1171 1254 Prospero

54 1269 199 1299 contra
221 1259 362 1298 Collat.
377 1272 466 1312 cap.
482 1256 590 1296 XIII.
620 1271 661 1295 n.
676 1256 742 1302 42.
759 1287 770 1305 ,
800 1258 1056 1302 testimoninm
1074 1256 1171 1294 Her-

54 1326 133 1353 mae
160 1312 306 1352 nultius
335 1324 422 1351 esse
441 1314 713 1350 auctoritatis.
744 1310 792 1348 Et
812 1313 939 1364 reipsa
955 1310 1055 1349 liber
1075 1310 1171 1348 Her-

54 1380 130 1406 mae
152 1367 226 1405 fuit
246 1381 276 1405 -a
291 1365 446 1405 Gelasio
461 1365 503 1403 P.
532 1368 574 1402 in
595 1363 835 1417 apocryphis
853 1363 1171 1416 rnnneratns.(b).

113 1420 179 1458 51.
211 1420 268 1457 Ad
300 1432 338 1457 2.
376 1418 419 1458 S.
446 1418 617 1457 Justinus
644 1417 838 1457 Socratem
857 1448 867 1466 ‚
906 1418 1144 1456 Heraclitum
1163 1446 1174 1464 .,

56 1485 269 1525 eorumque
296 1471 443 1511 similes
458 1480 567 1510 vocat
592 1469 837 1508 Christianos
855 1501 866 1519 ‚
896 1484 970 1510 non
988 1471 1088 1524 quod
1107 1483 1176 1522 pu-

56 1528 221 1574 tavent,
250 1526 411 1564 istorum
438 1538 555 1577 opera
586 1526 700 1562 fuisse
729 1526 911 1562 salutaria
928 1555 940 1573 ,
969 1539 1033 1563 seu
1055 1526 1100 1562 ad
1118 1539 1174 1561 sa-

58 1579 180 1618 lntem
211 1577 347 1626 utilia,
377 1581 480 1630 quod
508 1578 652 1629 absque
680 1579 802 1628 gratia
823 1577 907 1616 fieri
938 1591 1013 1615 non
1037 1586 1175 1630 potest3

56 1634 123 1672 sed
152 1639 193 1670 ut
220 1632 428 1669 ostenderet
443 1627 460 1678 ,'
484 1644 556 1677 ea,
586 1642 674 1681 quae
706 1638 846 1667 veteres
872 1629 1090 1683 Philosophi
1119 1643 1177 1666 re-

52 1696 138 1734 cte,
166 1685 431 1736 sapienterque
456 1682 695 1731 docuerunt,
725 1682 786 1721 vel
817 1693 996 1736 egerunt,
1027 1684 1074 1722 ad
1104 1682 1177 1722 ‘Re-

57 1739 243 1792 ligionem
257 1735 402 1776 Christi
431 1736 715 1790 quodammodo
735 1739 951 1788 pertinere3
982 1736 1177 1791 quiahaec

58 1807 82 1832 a
108 1800 211 1830 secta
238 1803 372 1829 eorum
400 1792 548 1829 ratione
578 1790 883 1844 promanabant,
921 1805 1009 1844 quae
1040 1800 1092 1830 est
1121 1791 1178 1829 di-

57 1848 164 1886 vinae
188 1845 375 1892 rationis,
417 1858 484 1882 seu
513 1843 635 1882 Verbi
679 1845 922 1897 participatio
965 1845 1146 1898 quaedam
1166 1870 1177 1883 .

58 1898 325 1948 Quamobrem
355 1899 394 1936 in
424 1897 536 1950 Apol.
567 1898 616 1936 ll.
643 1912 695 1947 n..
724 1912 784 1937 ιο.
817 1929 847 1948 „
877 1899 1179 1952 Quaecumque,

63 1982 90 2004 ,ο
119 1956 201 2000 ait,
230 1950 418 2004 praeclare
448 1965 618 2004 unquam
647 1954 802 2001 dixere,
833 1963 897 1991 aut
919 1955 1180 1999 excogitavere

65 2035 96 2056 υ
126 2004 376 2058 Philosophi,
405 2015 471 2043 aut
500 2004 794 2058 legumlatores,
826 2007 912 2045 baec
933 1997 1086 2046 invento
1104 2038 1114 2056 ,
1145 2006 1179 2043 ἃ

63 2089 92 2110 ,,
120 2059 353 2099 considerato
380 2058 512 2112 aliqua
541 2073 588 2097 ex
618 2069 724 2111 part-e
744 2060 875 2099 Verbo
902 2061 1178 2100 elaborarunt.

64 2143 93 2164 „
120 2112 177 2152 Et
205 2126 247 2152 n.
264 2113 333 2152 15.
363 2113 634 2167 Quaecumque
663 2115 765 2167 apud
795 2112 890 2153 alios
919 2129 1048 2154 omnes
1078 2128 1180 2167 prae-

63 2196 104 2216 ‚2
120 2167 223 2211 clare
250 2167 379 2215 dieta,
407 2181 452 2205 ea
472 2175 595 2207 nostra
614 2178 698 2207 sunt
713 2167 1014 2209 Christianorum
1031 2173 1080 2207 “.
1109 2170 1180 2207 Ce-

64 2228 191 2265 merum
211 2222 350 2272 :gratie
380 2223 638 2261 necessitatem
656 2252 668 2272 ,
715 2222 750 2260 &
780 2226 1019 2274 gratuitatem
1050 2223 1182 2262 multis

65 2274 110 2313 in
140 2273 231 2314 locis
256 2274 483 2325 praedicavit
510 2275 553 2314 S.
583 2273 753 2330 Martyr.
783 2278 905 2317 Instar
934 2280 1109 2317 omnium
1136 2291 1185 2316 ea

66 2329 171 2375 sinu
198 2341 289 2380 quae
321 2328 434 2367 habet
463 2329 504 2367 in
531 2328 645 2368 Dial.
676 2343 767 2368 cum
791 2330 987 2383 'Iriphone
1016 2346 1056 2371 n.
1084 2345 1186 2380 102„

67 2380 138 2419 ubi
165 2381 284 2419 citans
313 2381 432 2418 verba
459 2380 602 2420 Psalm.
631 2383 744 2422 XXI.
779 2398 840 2422 ιι.
890 2416 917 2435 „
947 2386 1052 2424 Deus
1081 2399 1189 2425 meus

70 2463 98 2483 „
128 2447 166 2472 es
195 2441 234 2470 tu
254 2461 266 2481 ‚
307 2446 355 2470 ne
383 2432 553 2470 discedas
580 2448 602 2470 a
630 2449 692 2473 me
715 2465 726 2483 ,
754 2441 905 2488 inquit:
953 2439 1102 2488 Docet,
1150 2441 1189 2477 iu

71 2516 99 2537 „
130 2487 284 2534 Deum,
314 2487 383 2537 qui
411 2486 543 2524 omnia
570 2489 741 2536 creavit,
784 2504 935 2540 sperare
964 2505 1094 2531 omnes
1123 2493 1190 2530 de-

69 2570 98 2591 ‚,
126 2540 244 2589 bere,
277 2537 310 2575 δε
339 2538 390 2577 ab
414 2550 464 2575 -eo
491 2538 571 2577 solo
598 2539 759 2579 salutem
777 2571 788 2589 ,
817 2544 852 2579 δε
873 2543 1063 2582 auxilium
1080 2559 1190 2597 quae-

71 2624 101 2644 „
131 2606 213 2632 rere
242 2594 268 2615 ‘⁶
299 2591 424 2643 (Vid-
455 2594 568 2645 praef.
597 2594 700 2646 Opp.
731 2595 925 2635 S.Justini
957 2598 1117 2649 praefixa
1147 2597 1189 2638 P.

71 2648 187 2750 3⁹5⁴
217 2659 284 2698 7.,
313 2643 347 2682 ἃ
376 2644 463 2684 Nat.
495 2646 708 2686 Alexander
740 2649 982 2690 Dissert.V1.
1021 2653 1060 2691 in
1088 2652 1189 2691 Saec.

128 2755 193 2793 52.
223 2752 283 2793 Ad
313 2754 352 2794 3.
369 2753 546 2795 Clemens
577 2755 688 2794 Alex.
717 2757 849 2795 tribuit
879 2759 1036 2811 quidem
1063 2759 1189 2798 Philo·

72 2807 219 2860 sophiae
247 2806 421 2862 aliquam
450 2810 736 2862 dispositionem
767 2811 813 2848 ad
845 2812 960 2850 fidem
979 2842 989 2860 ,
1020 2812 1053 2849 St
1082 2813 1190 2864 justi-

73 2861 291 2901 ficationem
310 2893 322 2913 ,
351 2864 416 2902 sed
434 2867 592 2902 omniuo
614 2874 795 2902 remotam
816 2894 827 2912 ,
859 2867 1071 2912 nenativam
1085 2896 1095 2914 ,
1119 2868 1191 2904 ini-

75 2915 272 2968 propriam
290 2945 301 2963 ,
329 2916 364 2954 &
393 2916 500 2955 nullo
528 2926 638 2971 pacto
666 2933 755 2957 cum
786 2919 866 2971 ipsa
897 2909 974 2957 fide
991 2950 1001 2967 ,
1040 2919 1100 2958 vel
1132 2917 1193 2969 jn·

73 2969 302 3009 nificat—ioue
326 2970 597 3022 conjunctam:
640 2981 827 3026 quatenus
865 2972 1036 3014 homines
1066 2972 1193 3012 Philo·

120 3158 172 3194 (α)
202 3153 339 3189 Similia
363 3154 470 3190 habet
496 3169 530 3190 n.
551 3170 634 3202 to.;
671 3159 729 3195 nbi
757 3160 863 3193 etiam
891 3160 926 3193 in
952 3158 1101 3193 editione
1127 3158 1197 3191 Ve-

79 3209 154 3233 ron.
179 3201 405 3238 observatum
432 3213 510 3244 est,
549 3206 583 3239 in
621 3206 789 3240 anecdoto
823 3206 976 3252 quodam
1004 3208 1194 3239 Sermone:

80 3242 329 3303 Densfflrtnbolo
355 3251 390 3284 l'n
417 3251 680 3287 Veronensibus
706 3254 921 3287 membranis
948 3252 1022 3286 liaec
1048 3253 1195 3286 haberi:

82 3289 234 3327 Eflssmss
262 3299 347 3332 velle
373 3308 526 3332 nostrum
551 3308 629 3340 est,
671 3301 843 3345 perficere
878 3309 990 3335 tamen
1025 3303 1100 3333 sine
1137 3301 1200 3333 illo

81 3341 95 3377 (
109 3338 206 3380 De⁰)
231 3354 295 3375 non
320 3349 509 3380 invenimus
522 3369 530 3377 .

197 3385 438 3445 Gazzantga
471 3391 604 3432 Theol.
634 3391 751 3432 Tom.
771 3393 841 3433 Vi.

1227 239 1371 290 sophiae
1403 237 1592 274 beneficio
1621 234 1819 273 nonnullis
1850 237 2116 287 praejudiciis,
2147 236 2180 273 8t
2212 239 2349 274 errori·

1225 292 1294 329 bus
1338 291 1566 338 declinatis,
1611 289 1729 327 veluti
1763 301 1836 325 tino
1865 292 2011 339 gradu,
2059 300 2097 328 ut
2128 291 2228 328 idem
2260 290 2348 328 Cle-

1227 358 1335 383 mens
1367 344 1536 395 loquitur
1568 343 1654 381 Lib.
1692 357 1723 380 ι.
1755 341 1900 378 Strom.
1922 371 1931 388 ‚
1970 344 2015 379 ad
2048 344 2161 381 sidem
2191 344 2349 381 accede-

1229 413 1269 436 re
1298 398 1528 436 videbantur
1550 423 1560 434 .
1593 395 1855 434 Veruntamen
1878 394 1992 445 liujus
2013 395 2265 446 dispositionis
2282 411 2348 434 ne—

1227 453 1364 504 gativae
1387 451 1537 489 nnllam
1553 466 1574 488 a
1593 449 1673 487 Deo
1702 449 1836 487 haberi
1858 450 2058 494 rationem,
2089 449 2147 484 vel
2170 465 2211 487 ex
2235 465 2276 487 eo
2293 463 2349 488 so-

1229 509 1268 544 lo
1296 504 1511 543 luculenter
1540 512 1730 556 apparet,
1761 503 1862 554 quod
1893 502 2160 554 sapientissimi
2185 502 2350 540 Philoso-

1231 559 1299 611 phi
1331 561 1438 598 suere
1466 559 1565 610 justo
1597 557 1669 595 Dei
1699 556 1847 608 judicio
1889 558 1931 596 in
1970 554 2133 593 tenebris
2161 555 2348 606 gentilita-

1231 615 1304 661 tis,
1335 614 1367 650 8:
1399 613 1435 650 in
1467 612 1606 650 nntbra
1637 612 1767 648 mortis
1785 610 1936 658 relicti,
1965 624 1988 647 a
2018 608 2160 662 quibus
2191 611 2352 659 gratuita

1233 667 1306 705 Dei
1337 667 1504 705 bonitate
1530 665 1660 704 ‚rudes
1689 663 1842 717 aliqui,
1890 663 1923 700 81
1963 663 2139 716 flagitiosi
2185 661 2358 699 homines

1236 721 1389 760 suerunt
1420 722 1565 759 evocati
1608 722 1625 771 (
1655 719 1746 757 vid.
1776 717 1864 756 Nat.
1896 716 2087 757 Alexand.
2116 714 2219 754 Diss.
2250 715 2356 753 Vm.

1236 777 1276 813 in
1307 775 1407 813 Soec.
1439 775 1492 812 Il.
1514 775 1554 822 ).

1284 828 1356 866 53.
1388 828 1446 866 Ad
1476 827 1513 873 4.
1543 826 1584 864 S.
1605 826 1830 865 Ambrosius
1859 826 1987 878 primo
2015 823 2099 862 loco
2119 823 2287 876 loquitur
2309 821 2357 859 de

1236 881 1506 933 justificatione
1550 882 1692 932 impii,
1730 879 1959 918 adumbrata
1990 880 2027 917 in
2058 878 2272 930 prodigiosa
2302 875 2356 913 lc-

1233 937 1337 990 prosi
1368 935 1612 973 mundatione
1642 933 1676 970 &
1704 934 1750 972 de
1791 935 1913 986 gratia
1941 932 2229 978 sanctificante,
2267 943 2358 983 quae

1236 991 1276 1026 in
1307 989 1579 1040 justificatione
1601 988 1843 1026 infunditur.
1874 987 2029 1026 Nemini
2051 994 2178 1024 autem
2195 984 2363 1022 dubium

1237 1051 1315 1088 est,
1348 1043 1520 1080 eamdem
1548 1044 1711 1093 gratiam
1743 1041 1884 1079 adultis
1912 1055 1934 1078 a
1955 1040 2039 1079 Deo
2067 1052 2144 1077 non
2160 1039 2267 1086 dari,
2298 1038 2362 1075 ui-

1238 1095 1269 1130 si
1299 1096 1409 1146 prius
1439 1107 1506 1145 per
1536 1105 1639 1133 actus
1667 1096 1787 1142 fidei,
1817 1096 1926 1147 spei,
1957 1093 1990 1130 &
2021 1092 2216 1131 charitatis
2245 1105 2283 1128 se
2312 1090 2362 1128 ad.

1241 1145 1349 1184 illam
1380 1147 1606 1197 disponant3
1637 1149 1684 1185 ad
1713 1162 1806 1200 quas
1837 1158 1962 1185 tamen
1993 1149 2151 1185 virtutes
2181 1158 2360 1182 exercen-

1239 1200 1304 1238 das
1333 1199 1474 1238 actuali
1502 1202 1624 1251 gratia
1653 1200 1726 1237 Dei
1757 1200 1999 1251 indigemus.
2031 1202 2070 1237 ln
2100 1197 2363 1237 secundoloco

1241 1251 1413 1306 loquitur
1441 1253 1488 1291 de
1518 1252 1625 1290 Petro
1654 1251 1888 1302 justificato,
1918 1253 1985 1303 qui
2012 1262 2208 1303 propterea
2226 1251 2363 1301 dignus

1241 1317 1341 1356 erat,
1373 1316 1411 1345 ut
1439 1307 1486 1344 ad
1509 1320 1603 1344 eum
1621 1306 1813 1345 Dominus
1840 1305 1970 1344 oculos
1991 1303 2264 1342 misericordiae
2283 1315 2361 1340 ωε

1241 1360 1490 1413 peculiariter
1506 1369 1738 1399 converteret
1760 1390 1770 1408 ,
1803 1360 1901 1397 unde
1931 1358 2058 1396 subdit
2075 1357 2240 1396 ibidem:
2268 1359 2364 1406 quia.

1243 1415 1346 1452 oculi
1374 1413 1542 1452 Domini
1570 1427 1688 1466 super
1710 1415 1869 1466 justos.
1914 1412 2046 1450 Tertio
2087 1411 2171 1448 loco
2202 1411 2363 1447 minime

1244 1467 1502 1506 dubitandum
1533 1477 1612 1515 est,
1643 1467 1688 1504 ad
1710 1477 1881 1504 mentem
1910 1465 1951 1504 S.
1975 1464 2197 1510 Ambrosii,
2228 1462 2366 1501 Eccle-

1245 1522 1341 1559 siam
1372 1521 1519 1558 nonnisi
1548 1521 1682 1558 divina
1710 1522 1829 1572 gratia
1860 1529 2120 1572 praeventain,
2151 1517 2185 1553 &
2207 1517 2361 1554 robora-

1244 1583 1321 1613 tam
1339 1605 1349 1623 ,
1372 1573 1546 1619 Verbum
1565 1573 1637 1612 Dei
1653 1575 1874 1627 quaesivisse
1888 1603 1899 1622 ,
1928 1586 1971 1610 ac
1989 1571 2237 1609 desiderasse.
2261 1569 2366 1606 Tar:-

1245 1637 1328 1665 tum
1357 1636 1485 1665 autem
1514 1626 1647 1675 abest,
1678 1637 1716 1664 ut
1746 1629 1785 1664 in
1814 1626 1885 1664 hoc
1914 1634 2042 1664 sancto
2072 1623 2258 1662 Ecclesiae
2289 1622 2366 1661 Do-

1245 1689 1345 1719 ctare
1374 1679 1531 1732 aliquod
1561 1681 1709 1718 inimici
1739 1680 1872 1731 gratiae
1900 1678 2043 1717 Christi
2059 1678 2284 1730 praesidium
2307 1677 2367 1714 in-

1246 1735 1376 1774 venire
1405 1735 1568 1787 possint,
1600 1741 1639 1770 ut
1668 1735 1792 1786 potius
1820 1741 1948 1770 contra
1983 1743 2042 1768 eos
2070 1729 2112 1769 S.
2137 1730 2365 1780 Augustinus

1246 1788 1459 1841 saepissime
1489 1787 1571 1837 ejus
1599 1788 1820 1825 auctoritate
1850 1799 1937 1824 usus
1966 1785 2080 1824 suerit
2118 1783 2245 1836 (Vib.
2274 1782 2367 1821 Lib.

1247 1842 1318 1881 IV.
1348 1841 1403 1879 ad
1432 1840 1582 1892 Pontif.
1614 1854 1700 1894 cap.
1728 1854 1788 1879 11.
1819 1839 1882 1878 De
1910 1848 2016 1892 grat.
2038 1837 2131 1877 Chr.
2161 1851 2275 1890 capp.
2299 1834 2366 1881 44.

1249 1897 1314 1942 45.
1344 1895 1378 1932 ἃ
1413 1894 1479 1942 46.
1509 1893 1573 1934 De
1602 1893 1696 1933 don.
1725 1906 1876 1947 persev.
1905 1907 2019 1946 capp.
2049 1891 2088 1930 8.
2125 1891 2184 1931 ι5.
2223 1903 2283 1943 ¹9·
2302 1903 2366 1928 22.

1250 1950 1319 1989 ἃς.
1346 1950 1362 1998 )
1387 1977 1397 1988 .

1305 2003 1369 2049 54.
1401 2003 1474 2041 Ad.
1508 2003 1545 2041 5.
1588 2000 1826 2041 Duriuscula
1855 2001 2032 2041 videntur
2063 1999 2104 2038 S.
2135 1998 2368 2049 Hieronymi

1248 2057 1365 2095 verba
1383 2087 1393 2105 ,
1424 2070 1467 2095 ea
1496 2065 1622 2094 tamen
1653 2054 1830 2094 emollire
1858 2067 2058 2107 possumus
2089 2052 2201 2092 modo
2231 2051 2369 2101 saepius

1248 2112 1443 2159 indicato,
1486 2118 1527 2146 ut
1556 2123 1696 2160 nempe
1716 2113 1893 2146 'nostrum
1922 2108 2070 2145 dicatur
2099 2118 2231 2156 rogare
2261 2102 2331 2142 Ste-
2354 2133 2366 2150 ‚

1248 2165 1311 2203 sed
1342 2178 1418 2201 non
1448 2163 1609 2215 seposita
1639 2174 1900 2213 quacumque·
1941 2161 2062 2207 tatia,
2091 2158 2193 2210 quod
2224 2156 2368 2195 indicat

1250 2220 1330 2272 ipse
1360 2217 1400 2256 S.
1422 2216 1580 2254 Hieron.
1598 2247 1608 2264 ‚
1638 2216 1732 2253 dum
1751 2215 1844 2252 dicit
1862 2240 1872 2252 .
1944 2223 1958 2251 t
1972 2224 2130 2261 semper
2149 2223 2264 2261 super
2284 2223 2370 2247 om-

1252 2277 1324 2310 nia
1354 2270 1433 2308 Dei
1463 2271 1679 2309 clementia
1702 2267 1950 2311 custoditum
1979 2266 2122 2305 clarius
2138 2272 2264 2301 autem
2312 2276 2368 2300 ra·

1255 2329 1320 2364 tiae
1350 2326 1610 2363 necessitatem
1640 2321 1879 2360 commendat
1909 2322 1948 2358 in
1965 2321 2074 2372 epist.
2096 2317 2182 2356 135.
2213 2317 2260 2355 ad
2281 2277 2374 2354 {Tre-

1257 2379 1478 2432 siphontem
1505 2378 1659 2416 dicens:
1692 2406 1718 2424 ,‚
1747 2373 1881 2422 Velle,
1911 2373 1945 2410 &
1966 2386 2119 2411 currere
2140 2384 2270 2408 meum
2292 2378 2372 2416 est,

1259 2465 1286 2484 ,‚
1317 2434 1379 2472 sed
1410 2434 1536 2484 ipsum
1566 2432 1647 2470 siue
1675 2429 1749 2468 Dei
1779 2428 1924 2466 auxilio
1953 2439 2025 2465 non
2044 2427 2288 2470 eritmeum3
2316 2424 2374 2461 di-

1259 2519 1285 2538 „
1315 2489 1366 2525 cit
1396 2487 1499 2523 enim
1531 2482 1754 2537 Apostolus:
1785 2482 1892 2521 Deus
1922 2489 2000 2528 est,
2029 2481 2096 2532 qui
2128 2486 2304 2530 operatur
2334 2478 2372 2513 in

1258 2572 1286 2592 „
1313 2541 1426 2579 nobis
1441 2538 1512 2577 Sec.
1529 2537 1584 2576 Et
1600 2542 1640 2575 in
1658 2541 1770 2590 epist.
1786 2536 1841 2575 ad
1857 2532 2161 2574 Demetriadem
2178 2527 2373 2580 (CXXX)

1259 2626 1286 2646 ‚‚
1316 2597 1444 2648 ipsum
1461 2623 1472 2641 ,
1497 2595 1625 2645 inquit
1642 2621 1653 2639 ,
1683 2591 1784 2644 quod
1815 2600 1983 2629 nostrum
2001 2595 2075 2633 est,
2106 2586 2184 2622 sine
2204 2582 2279 2620 Dei
2300 2582 2373 2620 mi-

1259 2680 1285 2699 „
1316 2650 1501 2687 seratione
1529 2655 1701 2685 nostrum
1731 2653 1809 2687 est.

1315 2703 1378 2742 55.
1408 2701 1556 2740 Eodem
1588 2699 1698 2739 modo
1727 2696 1900 2736 emollire
1929 2705 2156 2745 possumus,
2200 2689 2303 2742 quod
2332 2688 2371 2726 S.

1258 2757 1468 2809 Gregorius
1495 2755 1589 2793 dicit
1619 2753 1733 2790 Hom.
1765 2748 1873 2787 XXI.
1905 2747 1943 2784 in
1973 2743 2204 2796 Evangelia:
2250 2772 2274 2791 ,‚
2308 2742 2376 2780 130-

1260 2841 1286 2860 „
1316 2823 1408 2849 num
1437 2822 1533 2862 opus
1563 2806 1670 2845 nobis
1701 2806 1738 2841 in
1768 2800 1961 2839 voluntate
1990 2799 2056 2844 fit;
2085 2811 2172 2836 nam
2203 2809 2247 2834 ex
2277 2795 2376 2833 divi-

1261 2894 1287 2912 „
1316 2877 1367 2902 no
1394 2862 1584 2908 adiutorio
1621 2858 1690 2895 erit
1720 2857 1758 2893 in
1790 2855 2021 2907 perfectione
2051 2855 2077 2874 ‘⁶
2096 2877 2107 2890 .
2153 2850 2302 2902 Nempe
2345 2851 2377 2887 st

1261 2920 1382 2969 gratia
1411 2911 1484 2955 Dei
1516 2911 1700 2966 praeventi
1730 2908 1875 2946 bonum
1895 2907 2153 2952 desiderium,
2184 2903 2217 2940 &
2239 2901 2377 2941 volun-

1263 2980 1377 3011 tatem
1402 2967 1649 3010 habuerimus
1663 2993 1674 3012 2
1706 2961 1811 3001 Deus
1825 2961 1993 3014 majori>
2022 2959 2057 2997 &
2077 2957 2274 3012 potentiori
2290 2969 2378 3015 ,ss‘a‘

2272 3019 2324 3047 tta

1312 3155 1358 3195 (b)
1390 3155 1612 3196 Quamquam
1637 3146 1756 3192 negari
1784 3157 1850 3179 non
1871 3151 2008 3191 potest,
2034 3150 2168 3176 tantam
2189 3139 2379 3191 oiim-fnis-

1266 3213 1302 3234 se
1329 3200 1417 3246 apud
1445 3199 1579 3241 aliquos
1597 3195 1701 3240 hujus
1723 3193 1805 3227 libri
1824 3191 2069 3226 anctoritatem
2085 3210 2096 3228 ‚
2124 3190 2297 3238 imprimi..
2316 3198 2375 3230 au-

1268 3258 1337 3281 tem
1365 3243 1452 3290 apud
1480 3245 1620 3277 Graecos
1639 3264 1650 3283 ‚
1676 3248 1713 3273 nt
1743 3251 1843 3286 poene
1871 3241 1962 3272 inter
1987 3235 2171 3269 canonicos
2199 3231 2303 3265 hbros
2324 3243 2378 3263 re-

1269 3300 1467 3327 censeretur
1481 3313 1489 3321 .
1514 3289 1645 3324 Confer
1671 3287 1819 3330 Remigii
1839 3285 1982 3320 Ceillier
2007 3281 2107 3316 Hist.
2127 3282 2189 3314 des
2210 3280 2292 3313 Ant.
2308 3277 2377 3309 Ec-

1269 3342 1426 3374 clesiast.
1453 3337 1554 3373 Tom.
1580 3339 1607 3371 1.
1633 3345 1711 3381 pag.
1740 3333 1819 3418 534.
