2570 3745
781 151 860 194 DE
897 149 1077 194 GRAT.
1110 142 1332 192 SUFFIC»
1364 135 1702 188 DISTRIBUT.

68 266 98 284 ,.,
127 233 234 274 XIV.
251 263 262 283 ,
291 230 325 270 ἃ
355 224 505 271 XV11.?
532 229 611 268 Gur
626 228 766 267 Paulus
795 229 865 268 illo
892 231 970 282 ipso
991 239 1179 281 tempore,

74 280 99 338 ᾗ,
131 301 206 341 quo
233 285 400 340 spirabat
426 285 573 331 minas,
604 281 638 318 Bt
666 283 786 321 caedes
809 279 847 322 in
872 282 1088 334 Discipulos
1105 280 1181 319 Do-

72 333 100 391 „
130 341 250 388 mini,
274 338 408 376 tlivino
436 333 651 384 miraculo,
679 336 828 374 Christo
858 338 983 389 ipsum
1007 344 1180 382 vocante,

76 423 100 443 ,‚
131 390 361 433 convertitur
377 414 389 438 ,
417 403 511 429 cum
536 397 615 428 tam
632 389 767 427 inultos
789 390 911 428 minus
929 391 1081 427 sortasse
1102 402 1181 425 ma-

74 475 100 495 „
128 445 181 484 los
208 446 249 483 in
278 438 427 482 delictis
454 445 533 482 suis
561 442 665 480 Deus
693 442 818 494 jacere
849 441 1075 496 permittat?
1103 440 1181 479 Cur

72 526 99 548 ,‚
126 510 170 536 ex
199 495 371 550 parvulis
400 495 681 544 morientibus,
713 495 900 534 interdum
923 495 1025 534 filins
1045 495 1182 546 optimi

71 580 96 600 „
126 549 199 589 viri
223 551 307 590 sine
335 549 525 602 baptismo
539 550 707 596 decedit,
737 550 770 586 &
802 551 920 601 perit3
950 550 1054 588 silius
1074 545 1183 585 adul-

39 615 45 625 ‘
70 632 97 653 ‚,
124 605 225 651 teri,
255 600 315 642 vel
346 603 549 642 incestuosi
577 602 765 655 baptismo
787 602 983 651 abluitur,
1014 603 1047 639 δι
1070 612 1184 652 regno

71 684 96 709 υ
124 653 265 710 potitur
294 655 464 697 aeterno?
504 658 583 694 Cur
624 656 779 694 demum
813 655 1075 694 inscrutabilia
1105 667 1182 692 esse

73 739 98 759 „
126 710 217 748 dicit
232 708 435 762 Apostolus
455 710 600 760 judicia
618 709 689 747 Dei
707 739 717 756 ,
748 709 782 746 ἃ
804 709 1084 761 investigabiles
1106 709 1183 745 vias

72 793 96 812 „
126 762 209 814 ejus
237 763 278 802 in
308 762 518 810 electione,
565 762 599 799 ἃ
638 761 900 814 reprobatione
931 762 1183 807 mortalium,

71 845 97 864 ,‚
127 820 160 854 si
187 820 326 868 gratia
354 816 534 854 omnibus
563 815 676 854 adest
694 844 704 863 ,
735 815 768 851 8(
800 828 843 852 ex
873 816 1032 852 arbitrio
1062 814 1183 852 liomi-

69 898 95 917 „
125 883 217 907 num
249 869 413 922 pendet,
444 878 482 908 ut
511 882 595 908 eam
623 869 808 920 capiant,
840 864 897 904 vel
929 863 1183 918 abjiciant'’?

70 922 258 960 Postrema
289 922 373 961 lioec
402 923 518 962 verba
547 921 665 974 probe
707 919 869 958 notanda
906 929 990 958 sunt
1019 919 1068 957 ab
1101 920 1146 956 iis
1170 949 1178 965 ‚

69 978 134 1027 qui
165 977 344 1024 credunt,
372 977 509 1028 gratias
536 974 765 1013 sufficientes
791 973 973 1020 omnibus
993 987 1013 1009 a
1032 973 1113 1009 Deo
1135 972 1180 1009 li-

68 1028 484 1071 beralissiine‚concedi
502 1057 514 1075 ,
550 1026 584 1063 &
613 1027 662 1064 ab
691 1027 867 1062 omnium
897 1026 1057 1063 arbitrio
1089 1037 1179 1076 pen-

68 1082 185 1130 dere,
223 1090 263 1120 ut
290 1094 350 1120 eas
377 1081 563 1133 capiant,
605 1078 664 1118 vel
694 1079 880 1130 abjiciant
910 1092 979 1130 pro
1007 1076 1086 1134 solo
1117 1090 1179 1116 νο-

73 1134 224 1173 luntatis
251 1143 347 1173 nutu
376 1133 411 1169 &-
440 1132 654 1172 arbitratu.
1021 1162 1026 1168 .

123 1187 214 1227 308.
247 1183 460 1225 Admodum
491 1183 605 1224 facile
634 1194 756 1234 esset,
788 1187 884 1223 lianc
914 1183 1110 1223 veritatem
1141 1198 1180 1221 a-

68 1236 128 1279 liis
155 1240 385 1293 augumentis
405 1239 668 1287 confirmare,
701 1240 1050 1291 praecipue.aiite¹n
1081 1239 1181 1275 testi—

28 1296 34 1302 ’
66 1294 207 1331 moniis
234 1293 276 1333 S.
306 1294 533 1346 Augustini,
559 1293 625 1343 ‘sed
653 1305 748 1344 opus
776 1306 848 1331 non
878 1302 952 1330 est.
982 1290 1183 1330 Sufficiant

66 1346 186 1386 verba
206 1377 216 1395 ‚
257 1359 349 1399 quae
379 1347 493 1386 habet
521 1343 680 1385 12ib.ll.
725 1342 787 1383 De
815 1357 922 1395 pecc.
954 1348 1103 1382 meritis
1133 1345 1182 1384 (9⁶

68 1404 224 1442 remis&
253 1413 340 1451 cap.
364 1398 426 1438 5.:
457 1428 483 1448 „
511 1396 591 1438 Cur
619 1409 745 1437 autem
777 1398 892 1437 illum
920 1398 1103 1449 adjuvet,
1137 1397 1183 1434 il-

71 1483 97 1502 ,‚
128 1451 211 1491 lum
240 1464 314 1491 non
329 1452 483 1504 adjuvet
510 1448 686 1504 (Deus),
716 1450 830 1490 illuni
860 1460 984 1490 autem
1007 1464 1082 1488 non
1104 1461 1182 1488 tau-

72 1535 98 1555 ,‚
129 1515 231 1552 tum;
260 1508 373 1545 istum
404 1505 498 1555 illo,
528 1505 642 1545 illum
673 1508 740 1543 isto
755 1506 893 1553 modo,
926 1516 1035 1558 penes
1057 1506 1183 1555 ipsum

73 1585 99 1607 „
130 1569 203 1607 est,
233 1559 266 1596 8t
298 1561 487 1611 aequitatis
515 1567 592 1597 tam
621 1568 759 1598 secrete
790 1560 911 1606 ratio,
943 1558 976 1593 8(
997 1557 1185 1595 excellen⁴

71 1639 98 1661 ,‚
128 1614 180 1650 tia
208 1614 395 1663 potestatis
424 1612 474 1650 ²¹.
532 1658 534 1661 .

127 1665 218 1717 509.
245 1663 379 1718 Neque
409 1678 499 1704 vero
528 1664 620 1703 huic
662 1664 810 1702 veritati
846 1657 1093 1702 adversantur
1124 1662 1183 1700 illi

70 1716 220 1766 Patres,
250 1718 318 1771 qui
345 1720 507 1771 gratiam
521 1719 659 1757 Christi
687 1717 998 1770 comparant-soli
1017 1747 1026 1764 ,
1055 1717 1182 1753 onmia

72 1771 298 1823 aequaliter,
327 1780 510 1825 quantum
543 1773 581 1811 in
611 1772 691 1824 ipso
720 1781 792 1819 est,
822 1768 1087 1809 illuminanti.
1119 1769 1184 1821 (1-

70 1833 109 1863 ta
126 1825 354 1877 Dionysius,
383 1825 498 1878 vulgo
527 1825 756 1877 Areopagita
786 1823 849 1862 De
879 1822 953 1863 div.
984 1827 1134 1862 nomin.
1153 1837 1186 1860 c.

71 1878 112 1924 4.
143 1877 312 1926 initio);
344 1877 403 1918 vel
432 1881 500 1931 qui
521 1873 594 1918 Dei
623 1880 785 1930 gratiam
814 1878 994 1917 omnibus
1025 1875 1188 1929 aequali⁴

72 1939 128 1969 ter
155 1931 360 1980 distribui,
390 1945 564 1985 expresse
592 1939 788 1978 asserunt;
833 1940 871 1970 ut
900 1930 940 1969 S.
970 1932 1189 1983 Cyprianus

72 1998 134 2038 ep.
153 1984 267 2023 -L1X.
297 1986 343 2024 ad
371 1985 543 2034 Fidum,
574 1987 774 2038 inquiens:
815 2015 842 2033 „
873 1985 1002 2033 Deus,
1035 1992 1074 2022 ut
1107 1997 1191 2036 per-

76 2065 102 2087 „
130 2042 259 2077 sonam'
289 2051 370 2078 uon.
391 2040 560 2091 accipit,
603 2041 658 2078 sic
686 2053 757 2078 nec
788 2047 937 2078 aetatem
967 2053 1056 2077 cum
1087 2052 1124 2076 se
1152 2050 1191 2074 0-

76 2121 104 2141 „
133 2092 286 2145 mnibus
313 2092 360 2131 ad
390 2090 555 2132 coelestis
584 2093 716 2145 gratiae
737 2094 1110 2132 consummationem
1138 2105 1191 2129 ω-

77 2175 103 2194 ,,
132 2143 318 2197 qualitate
346 2144 488 2186 librata
518 2146 692 2199 praebeat
720 2145 871 2186 Patrem
901 2148 923 2163 '’
940 2170 951 2186 .

131 2198 223 2236 510.
253 2197 475 2250 Respondeo
502 2201 627 2248 eniin,
658 2199 878 2252 hujusmodi
898 2200 1194 2239 similitudinem

78 2252 166 2290 solis
196 2263 324 2289 veram
347 2281 358 2299 ,
387 2252 423 2290 8t
450 2262 669 2291 accuratam
699 2268 776 2292 esse
797 2283 807 2300 ,
849 2255 880 2292 si
910 2254 957 2292 de
985 2265 1194 2304 proepara·

78 2309 185 2344 u'one
206 2334 217 2353 ‚
246 2304 296 2344 (9¹
323 2304 518 2343 oblatione
546 2305 821 2344 beneficiorum
852 2306 927 2345 Dei
956 2307 1166 2358 accipiatur
1183 2335 1194 2354 ,

78 2372 153 2396 uon
185 2366 312 2396 autem
342 2359 374 2396 si
405 2358 626 2396 extendatur
655 2361 770 2397 etiam
813 2359 860 2397 ad
891 2362 1013 2411 ipsam
1043 2373 1194 2398 eorum-

79 2412 166 2450 dem
196 2411 476 2450 beneficiorum
496 2410 740 2451 collationem
759 2435 769 2449 .
798 2413 906 2450 Certe
929 2425 997 2464 pro
1017 2413 1196 2450 omnibus

76 2473 247 2503 mortuus
275 2473 328 2503 est
352 2462 553 2513 Christus,
598 2479 668 2517 pro
709 2465 887 2504 omnibus
915 2465 1108 2503 sufficiens
1139 2479 1196 2503 re-

77 2518 311 2571 demptionis
334 2528 468 2557 nostrae
499 2520 664 2570 pretium
679 2515 777 2557 Patri
800 2518 957 2567 obtulit,
989 2532 1056 2570 pro
1070 2520 1196 2557 omui-

77 2571 149 2610 bus
177 2571 453 2620 Sacramenta,
482 2583 571 2624 qnae
600 2582 686 2610 sunt
715 2573 846 2611 salutis
875 2582 1010 2610 nostrae
1042 2573 1195 2621 media,

81 2625 267 2673 instituit,
298 2624 554 2678 Evangelium
584 2639 695 2663 suum
726 2634 800 2663 toto
831 2626 970 2663 mundo
991 2627 1196 2678 praedicari

84 2677 235 2724 voluit3
278 2692 352 2717 non
381 2688 518 2717 tamen⁴
539 2678 658 2718 voluit
690 2679 770 2718 liaec
801 2677 987 2717 beneficia
1016 2679 1197 2718 omnibus

84 2731 285 2783 aqualiter
315 2731 436 2785 reipsa
463 2733 660 2782 conferri,
706 2743 745 2770 nt
782 2746 848 2784 per
877 2746 915 2770 se
955 2732 1197 2772 manifestum

70 2792 155 2821 'estt
184 2785 392 2838 eademque
421 2786 567 2825 ratione
595 2799 664 2839 pro
682 2785 918 2838 judiciorum
938 2799 1092 2824 suorum
1113 2799 1197 2838 pro·

86 2837 269 2876 funditate
297 2838 446 2888 noluit,
489 2841 646 2879 interius
687 2840 831 2878 divinae
869 2852 948 2877 suae
977 2839 1110 2891 gratiae
1140 2839 1201 2877 lu·

86 2901 177 2930 men
203 2891 383 2932 omnibus
411 2894 612 2946 aequaliter
641 2893 823 2945 affulgere
840 2921 849 2931 .
880 2895 1055 2932 Ceterum
1071 2892 1200 2930 Sanct.

90 2945 344 2996 Augustinus,
372 2945 463 2986 Lib.
484 2948 532 2986 ll.
561 2946 634 2997 De*
653 2957 853 2997 peccator.
875 2950 1046 2994 meritis,
1075 2946 1124 2986 (9⁶
1141 2959 1201 2984 re-

89 3001 279 3038 missione
298 3013 385 3052 cap.
408 3000 451 3045 52
475 3010 572 3041 recte
599 3001 771 3040 observat
787 3001 993 3040 discrimen
1024 3003 1121 3038 inter
1143 2999 1202 3037 lu-

90 3063 174 3094 cem
194 3066 416 3105 corpoream
435 3053 523 3093 solis
539 3084 548 3102 ,
570 3053 603 3092 8(
620 3053 745 3094 lucem
765 3056 908 3094 divinae
924 3055 1056 3108 gratiae
1074 3069 1083 3100 3
1099 3052 1201 3106 quod

91 3102 158 3144 lux
184 3106 330 3154 divinae
359 3108 492 3159 gratias
523 3109 643 3161 aperit
673 3110 772 3162 ipsos
792 3118 927 3148 nostrae
949 3107 1085 3147 inentis
1113 3120 1203 3145 oeu-

95 3156 176 3206 los,
205 3169 244 3198 ut
272 3161 452 3207 videant3
482 3161 521 3199 id
549 3171 672 3200 autem
702 3162 822 3202 oculis
852 3164 1021 3215 corporis
1051 3160 1116 3199 lux
1148 3173 1204 3198 so-

97 3208 188 3248 laris
213 3223 295 3252 non·
312 3224 463 3268 praestat
480 3245 490 3264 ‚
521 3216 584 3254 sed
612 3215 740 3255 oculos
769 3214 1032 3255 tantummodo
1060 3222 1206 3266 apertos

99 3261 290 3305 illuminat
311 3295 322 3306 .
349 3268 399 3308 Et
418 3283 503 3322 cap.
527 3269 590 3308 26.
621 3300 646 3318 „
675 3270 809 3319 Sicut,
839 3274 986 3323 inquit,
1015 3266 1068 3307 sol
1099 3267 1165 3305 iste
1185 3281 1207 3304 a

101 3347 128 3365 „
158 3318 271 3356 caecis
298 3335 370 3360 non
398 3324 547 3362 videtur
564 3354 575 3372 ,
604 3325 783 3376 quamvis
802 3336 862 3362 eos
883 3323 956 3362 suis
979 3322 1093 3360 radiis
1112 3333 1206 3373 quo-

99 3397 125 3419 „
156 3370 357 3412 d³¹¹¹²¹¹¹0d0
384 3378 543 3427 vestiat,
571 3377 624 3417 sic
652 3376 1008 3426 huneuaeternmn,
1037 3375 1138 3428 quod
1154 3381 1205 3414 et-

2229 149 2310 203 139

1249 253 1274 274 „
1306 225 1380 262 iam
1399 222 1436 260 in
1454 221 1618 260 tenebris
1634 220 1754 268 lucet,
1771 235 1791 258 a
1806 222 1972 261 stultitiae
1990 220 2153 263 tenebris
2168 238 2243 264 nou
2257 238 2362 265 com-

1254 307 1280 326 „
1323 275 1561 314 >relieuditur
1592 276 1612 289 ”

1304 342 1396 369 011.
1425 327 1551 367 Sanct.
1580 337 1708 366 autem
1724 327 1942 379 Cyprianus
1973 330 2011 366 in
2040 329 2143 368 laud.
2165 331 2272 383 epist.
2303 347 2362 371 re-

1250 381 1346 421 fellit
1374 383 1596 434 opinionem
1628 381 1743 428 Fidi,
1782 381 1850 431 qui
1881 379 2058 429 volebat,
2087 384 2246 424 infantes
2274 397 2361 425 aute

1248 446 1426 476 octavum
1456 451 1477 475 a
1506 436 1704 474 nativitate
1733 433 1938 471 diem‘nou
1969 447 2044 471 esse
2089 434 2361 487 baptizandos5

1251 489 1350 528 liunc
1380 496 1505 528 autem
1536 502 1702 527 errorem
1734 485 1935 537 explodens
1967 497 2062 524 recte
2091 487 2204 536 dicit,
2236 490 2361 530 Deum

1251 555 1321 581 nec
1353 556 1580 594 personam,
1620 556 1686 579 uec
1717 549 1867 578 aetatem
1898 542 2082 593 respicere
2102 570 2110 586 ‚
2156 543 2215 578 sed
2244 557 2362 594 quan,

1252 606 1331 635 tuin
1362 596 1408 634 ad
1441 595 1508 636 lioc
1529 611 1566 635 se
1585 595 1764 636 omnibus
1784 594 2018 644 aequalitate
2035 594 2178 632 libratu.
2201 594 2365 635 Patrem.

1252 649 1428 699 praebere
1450 677 1459 688 .

1602 749 1907 794 Pssovosrrio
1939 755 2004 794 lll.

1319 859 1428 902 Deus
1457 872 1527 914 pro
1555 875 1630 902 sua
1660 862 1833 901 bonitate
1865 862 2046 900 omnibus
2075 863 2314 912 sufficientia

1640 918 1799 955 auxum
1828 915 1945 966 offert
1963 942 1972 954 .

1304 1024 1394 1062 512.
1426 1000 1541 1065 Non
1572 1025 1697 1061 minus
1719 1025 1874 1073 (Ῑοοιιις,Δ
1900 1039 2016 1076 quam
2040 1026 2124 1076 pius
2143 1025 2367 1064 Vinc.Con-

1249 1078 1444 1114 tensonius
1475 1078 1571 1114 hauc
1605 1079 1896 1129 propositionem
1929 1079 2062 1130 probat
2093 1092 2137 1116 ex
2160 1092 2202 1116 eo
2224 1081 2369 1130 potissi-

1250 1143 1384 1176 mum,
1414 1131 1515 1181 quod
1546 1130 1648 1168 Deus
1679 1134 1823 1180 since-re
1854 1131 1944 1169 velit
1973 1133 2148 1169 omnium
2179 1134 2368 1179 salutem,

1249 1183 1283 1219 &
1315 1194 1383 1233 pro
1412 1181 1593 1220 omnibus
1623 1183 1794 1221 Christus
1824 1195 1994 1222 mortuus
2025 1186 2101 1229 sit3
2132 1199 2176 1222 ex
2207 1201 2282 1238 quo
2311 1200 2367 1224 se-

1250 1237 1406 1288 quitur,
1449 1235 1549 1287 quod
1580 1248 1709 1273 omnes
1739 1237 1787 1273 ad
1815 1251 1853 1273 se
1883 1247 2017 1284 vocet,
2060 1238 2093 1273 &
2124 1239 2370 1278 Sacramenta

1251 1302 1322 1341 pro
1349 1288 1527 1326 omnibus
1555 1289 1757 1326 instituerit
1780 1318 1791 1337 ,
1833 1288 1867 1324 ἃ
1895 1290 2072 1327 omuibus
2101 1293 2215 1328 etiam
2246 1293 2372 1329 media

1252 1342 1299 1380 ad
1329 1341 1488 1384 salutem
1520 1340 1749 1380 sufficientia
1785 1341 1943 1380 offerat.
1991 1342 2099 1381 Unde
2129 1343 2170 1381 S.
2202 1343 2369 1383 Thomas

1254 1398 1291 1434 iu
1322 1395 1409 1434 Lib.
1433 1396 1496 1433 Ill.
1531 1394 1645 1433 Cone.
1679 1395 1782 1434 Gen.
1813 1410 1847 1433 c.
1877 1397 1963 1448 ‘59-
1997 1426 2021 1444 „
2055 1397 2184 1444 Deus,
2216 1401 2339 1447 inquis
2361 1430 2371 1446 ‚

1253 1479 1279 1497 „
1310 1457 1494 1500 quantum
1526 1450 1562 1486 in
1589 1463 1629 1490 ,se
1651 1460 1703 1486 est
1721 1479 1730 1497 ,
1764 1457 1918 1501 paratus
1939 1458 1990 1487 est
2011 1450 2190 1488 omnibus
2210 1453 2375 1503 gratiam

1255 1532 1281 1550 ,‚
1309 1502 1423 1540 dare:
1453 1502 1528 1538 cult
1558 1506 1666 1542 enim
1687 1515 1827 1540 omnes
1858 1503 1987 1540 salros
2005 1503 2127 1556 fieri,
2157 1505 2291 1544 &nd
2311 1518 2375 1542 co-

1255 1586 1280 1604 „
1308 1558 1529 1606 gallionem
1559 1559 1734 1593 feritatis
1764 1560 1922 1604 senne,
1955 1567 1992 1594 ut
2021 1558 2161 1595 dicitur
2184 1571 2216 1595 ι.
2238 1559 2282 1595 ad
2308 1559 2374 1596 Ti-

1255 1638 1281 1656 „
1312 1607 1431 1646 moth.
1463 1609 1510 1645 ll.
1540 1608 1578 1653 4.
1609 1609 1685 1646 Seii
1717 1608 1773 1647 illi
1803 1609 1871 1647 soli
1901 1611 2021 1661 gratia
2051 1612 2277 1661 privantur,
2307 1614 2376 1664 qui

1261 1691 1286 1708 ‚,
1317 1675 1353 1698 se
1384 1662 1637 1712 ipsisgratiae
1669 1661 1988 1714 impedimentum
2033 1673 2237 1713 praestant:
2281 1667 2378 1703 sicut

1261 1742 1285 1761 „
1315 1711 1390 1751 sole
1422 1713 1611 1751 muudum
1640 1713 1912 1759 illuminante,
1957 1717 1995 1753 in
2026 1716 2182 1767 culpam
2214 1718 2379 1768 imputa-

1260 1797 1285 1813 „
1316 1776 1376 1804 tur
1406 1766 1465 1814 ei,
1503 1768 1571 1818 qui
1599 1765 1728 1805 oculos
1759 1764 2001 1806 clauditfie.
2034 1769 2053 1783 ’²
2098 1769 2145 1807 Et
2177 1771 2216 1808 in
2246 1770 2318 1810 lib.
2350 1772 2378 1809 Ι.

1257 1821 1368 1859 Sem.
1400 1819 1590 1858 Distinet..
1621 1819 1686 1866 46.
1731 1831 1863 1873 queest.
1893 1835 1926 1859 1.
1970 1832 2039 1860 art.
2067 1836 2101 1860 ι.
2145 1817 2304 1875 Ῑοῖἶιιειιε
2333 1825 2379 1862 de

1258 1874 1448 1912 voluntate
1470 1874 1545 1912 Dei
1575 1874 1816 1913 antecedente
1837 1874 2010 1914 salvandi
2031 1891 2162 1915 omnes
2181 1877 2376 1917 homines:

1258 1927 1385 1979 Ipsius
1415 1922 1607 1979 effectus,
1640 1929 1792 1981 inquit,
1824 1938 1879 1967 est
1912 1934 1992 1979 lpse
2021 1931 2115 1968 ordo
2145 1942 2303 1969 tzizturoe
2337 1937 2379 1969 ιἠ,

1248 1981 1384 2034 finem
1416 1982 1579 2029 salutis,
1608 1982 1656 2022 <J
1685 1987 1956 2040 promoventia
1986 1988 2027 2020 m
2045 1984 2183 2035 finem
2199 1984 2381 2024 omnzbzs

1262 2039 1525 2073 communicer
1539 2038 1760 2084 proposita,
1789 2044 1878 2074 mm
1895 2039 2103 2074 naturale.»
2119 2067 2129 2084 ,
2147 2050 2269 2087 quam
2285 2052 2379 2090 gra-

1260 2093 1363 2126 tuitu.
1392 2089 1478 2128 (νε.
1510 2088 1558 2126 Ει
1586 2087 1628 2126 S.
1658 2088 1922 2127 Bonaventnra
1952 2092 1989 2128 in
2019 2091 2198 2128 eumdem
2228 2092 2317 2129 Lib.
2350 2093 2380 2130 l.

1262 2142 1442 2180 Sentent.
1483 2142 1571 2180 dist.
1592 2138 1660 2186 46.
1702 2156 1770 2194 qu.
1798 2155 1829 2179 1.
1861 2142 2177 2191 Antecedeneer,
2223 2146 2348 2197 inquit
2369 2177 2380 2194 ‚

1263 2204 1503 2234 connotatur
1525 2197 1571 2232 in·
1585 2195 1766 2232 omnibus
1787 2191 1984 2234 ordinatio
2001 2197 2058 2234 ad
2078 2198 2273 2246 salutem,
2295 2201 2382 2236 turn

1263 2263 1315 2289 ex
1358 2259 1472 2299 purte
1502 2257 1662 2287 nacuroe
1698 2249 1834 2297 datae,
1879 2258 1963 2287 tum
2002 2263 2055 2288 ea:
2091 2263 2205 2301 parce
2232 2256 2382 2303 gratioe

1262 2303 1406 2342 oblatae
1428 2329 1439 2341 .
1483 2302 1608 2351 Vide,
1638 2315 1727 2355 qnae
1757 2303 1926 2341 diximus
1954 2303 2069 2342 Tom.
2103 2305 2152 2342 ΙΙ.
2195 2305 2299 2344 Diss.
2330 2305 2388 2351 V.

1263 2369 1374 2397 num.
1405 2358 1471 2403 42.
1607 2405 1610 2409 ι
1759 2373 1766 2380 ·
2050 2405 2055 2408 ¹

1319 2410 1411 2450 515.
1441 2410 1537 2448 Sunt
1568 2411 1682 2448 etiam
1721 2409 1832 2448 valde
1875 2409 1997 2448 multa
2038 2411 2171 2450 diviua
2200 2411 2260 2450 elo
2292 2407 2382 2462 uia,

1263 2465 1405 2517 quibus
1433 2478 1583 2502 sumina
1613 2463 1646 2500 &
1678 2463 1827 2502 infinita
1847 2463 1922 2502 Dei
1952 2478 2040 2514 erga
2070 2464 2243 2504 homines
2262 2427 2381 2504 (boni-

1264 2528 1317 2557 tas
1347 2517 1551 2570 magnifice
1581 2517 1813 2570 praedicatur
1834 2543 1846 2556 .
1875 2517 1966 2570 Sap.
2001 2519 2070 2556 XI.
2104 2519 2232 2566 240„
2263 2515 2381 2557 Mise-

1265 2598 1291 2622 -„
1323 2574 1416 2610 reris
1445 2573 1618 2610 omnium
1642 2597 1652 2608 .
1672 2597 1682 2608 .
1699 2597 1709 2610 .
1727 2598 1738 2610 .
1787 2569 1928 2624 Diligis
1955 2571 2085 2609 (finnia
2103 2602 2112 2613 ,
2151 2585 2238 2622 quae
2270 2581 2354 2609 sunt
2371 2602 2382 2619 ‚

1266 2655 1291 2675 „
1322 2625 1420 2663 niliil
1450 2626 1558 2663 odisti
1590 2634 1721 2663 eorum
1744 2655 1754 2672 ,
1783 2634 1871 2676 quae
1903 2626 2051 2663 fecisti:
2097 2623 2128 2658 ὅ(
2158 2637 2193 2661 c.
2224 2623 2318 2661 Xll.
2347 2638 2379 2662 ι.

1266 2707 1291 2728 „
1321 2680 1355 2717 O
1383 2692 1502 2731 quam
1532 2678 1681 2725 bonus,
1712 2679 1745 2715 ἃ
1777 2680 1901 2715 suavis
1923 2685 2000 2723 est,
2033 2677 2195 2714 Domine
2214 2707 2225 2724 ,
2256 2677 2379 2729 Spiri-

1267 2758 1293 2782 „
1322 2742 1379 2770 tus
1408 2740 1493 2770 tuus
1515 2733 1552 2771 in
1570 2729 1766 2770 omnibus!
1798 2730 1962 2781 Ideoque
1983 2742 2068 2778 eos,
2099 2731 2381 2782 quiexerrant,

1266 2815 1292 2834 „
1323 2786 1495 2838 partibus
1539 2783 1798 2837 (xoer'o‘m'you
1827 2786 2010 2831 sensim)
2042 2783 2229 2835 corripis,
2270 2780 2304 2821 8t
2334 2785 2379 2822 de

1268 2867 1293 2887 „
1322 2839 1466 2891 quibus
1495 2845 1651 2891 peccant
1672 2866 1683 2885 ‚
1712 2837 1891 2885 admones
1913 2866 1923 2884 ,
1952 2833 1988 2872 8(
2017 2835 2223 2889 alloqueris
2255 2848 2292 2875 ut
2324 2848 2382 2876 ιε’-

1270 2920 1296 2940 „
1327 2892 1417 2931 licta
1446 2893 1621 2938 malitia,
1651 2889 1802 2928 credant
1832 2889 1870 2926 in
1899 2899 1932 2927 te
1965 2889 2128 2928 Domine
2159 2891 2209 2928 ’'.
2246 2890 2295 2929 Et
2324 2894 2384 2931 in-

1270 2959 1431 2985 numera
1462 2944 1679 2997 hujusmodi
1711 2943 1747 2979 iu
1777 2944 1892 2980 sacris
1921 2941 2055 2981 litteris
2086 2945 2280 2996 utriusque
2310 2945 2384 2983 Te-

1271 3000 1443 3038 stamenti
1474 2998 1743 3050 reperiuntur3
1771 2995 1912 3086 Bubus
1940 2998 2146 3036 concinunt
2175 2998 2215 3035 S.
2232 2996 2384 3048 Patres,

1271 3064 1435 3142 (piorum
1467 3051 1535 3090 illa
1565 3063 1634 3087 vox
1666 3058 1744 3098 est,
1816 3058 1907 3087 eum
1935 3059 2021 3089 esse
2050 3048 2099 3089 <le
2127 3065 2198 3089 suo
2218 3050 2385 3102 bonum,

1272 3118 1318 3142 (e
1348 3115 1480 3144 nostro
1503 3106 1684 3156 justum.

1327 3159 1416 3204 514.
1447 3159 1642 3209 Sapienter
1685 3161 1812 3194 autem
1841 3155 1954 3197 Card.
1986 3157 2243 3198 Bellarmiuus
2272 3173 2386 3212 supra

1274 3211 1377 3249 laud.
1409 3226 1443 3248 c.
1466 3211 1503 3249 5.
1533 3209 1724 3262 observat:
1755 3240 1780 3259 „
1811 3209 1870 3250 liis
1900 3211 1991 3250 locis
2020 3211 2307 3264 Scripturarum
2329 3228 2386 3251 so-

1274 3292 1299 3313 „
1331 3264 1411 3302 luni
1434 3261 1667 3315 significari,
1696 3263 1824 3302 Deum
1842 3277 1913 3303 non
1936 3266 2123 3317 impedire
2151 3273 2385 3318 quemquam

1275 3349 1301 3368 „
1333 3331 1355 3356 a
1385 3315 1527 3355 salute:
1557 3317 1635 3356 imo
1663 3319 1859 3370 remedia,
1889 3318 1923 3355 δε
1953 3317 2098 3356 auxilia
2119 3332 2188 3371 pro
2205 3319 2383 3357 omnibus

1276 3402 1303 3424 2,
1333 3371 1371 3412 in
1399 3371 1599 3412 communi
1640 3370 1872 3424 instituisse,
1915 3371 2227 3424 praedicationem
2256 3372 2383 3409 Evan-

2271 3437 2331 3456 σρ,

2216 3453 2242 3472 >5
2271 3452 2311 3475 δ’
