2570 3745
247 184 326 234 184

180 264 340 313 gratiam
371 269 566 313 reparata3
597 274 672 299 non
702 270 826 299 autem
857 262 903 300 de
933 271 1064 299 natura
1093 261 1168 297 suis
1199 259 1291 296 viri-

180 315 249 351 bus
280 314 408 351 relicta
427 341 435 351 .
484 314 583 354 Saue
615 316 816 367 Apostolus
844 316 890 352 de
932 314 998 351 tali
1031 314 1290 351 observatione

179 366 270 418 legis
300 366 494 419 loquitur,
536 382 624 421 quae
658 369 705 406 ad
742 368 1046 418 justificationem
1089 365 1288 417 perducit,

178 421 374 471 inquiens:
404 419 594 460 Fizctores
615 419 1067 474 legisjustficabuntur;
1096 416 1288 468 cujusmo-

176 473 215 510 di
245 483 345 511 certe
384 488 453 512 non
495 484 546 512 est
587 475 801 513 observatio
844 481 1121 524 praeceptorum
1165 467 1288 505 solum

174 536 363 578 quantum
393 528 439 565 ad
475 529 752 566 substantiam.
794 527 841 564 Et
880 527 916 562 in
955 525 1029 562 fine
1066 522 1200 573 capitis
1236 521 1288 558 ita

174 579 392 618 concludit:
436 610 460 629 ‚‚
491 581 573 619 Non
606 583 706 618 enim
736 581 802 632 qui
840 579 876 614 in
907 575 1103 613 manifesto
1129 574 1288 611 Judaeus

174 662 200 681 „
231 642 308 679 est;
339 648 461 686 neque
489 648 575 686 quae¹
599 637 636 671 in
659 633 855 670 manifesto
871 659 880 675 ‚
911 629 949 666 in
970 641 1109 674 carne,
1141 635 1192 664 est
1211 628 1286 663 cir-

173 714 200 734 „
229 689 434 731 cumcisi03
463 689 525 724 sed
555 688 620 738 qui
651 687 688 723 in
717 681 934 722 abscondito
959 680 1114 718 Judaeus
1143 688 1221 727 est,
1251 679 1284 716 8<

173 767 199 788 ‚‚
229 741 466 777 circuinsisio
494 740 612 776 cordis
642 741 680 775 in
710 737 872 788 spiritu,
901 746 976 771 non
996 733 1145 779 littera3
1174 733 1285 784 cujus

171 819 198 840 ‚‚
229 792 311 830 laus
339 806 413 831 nou
443 805 487 829 ex
519 789 756 835 hominibus,
787 787 848 825 sed
869 799 913 824 ex
935 787 1016 824 Deo
1037 786 1126 823 est'’
1144 812 1153 823 .
1184 786 1284 834 Quae

169 847 298 883 omnia
328 845 475 882 nonnisi
503 844 549 880 de
578 855 621 879 eo
651 841 809 892 intelligi
838 848 1008 893 queunt,
1050 840 1119 892 qui
1161 839 1284 891 legem

169 897 352 949 adimplet
372 909 446 934 non
467 894 705 933 naturalibus
726 893 873 933 viribus
889 923 899 941 ‚
930 893 993 931 sed
1022 892 1169 930 viribus
1197 905 1282 943 gra-

170 952 260 997 tiae,
302 963 377 1002 qua
413 947 489 986 sola
519 948 694 994 laudem,
738 946 771 982 &
801 948 982 985 meritum
1018 945 1118 998 apud
1156 946 1282 984 Deum

169 1005 365 1054 acquirere
395 1015 590 1054 possumus
608 1028 618 1039 .
650 1001 747 1039 Vide
778 1001 1071 1052 explicationem
1093 997 1207 1050 hujus
1227 999 1281 1036 lo-

169 1058 203 1094 ci
234 1055 408 1093 traditam
438 1068 552 1107 supra
582 1055 683 1093 Diss.
699 1055 747 1092 ΙΙ.
777 1068 817 1092 n.
841 1055 903 1100 24.

219 1108 284 1154 42.
315 1109 404 1146 inst.
444 1108 578 1161 Reipsa
618 1108 820 1146 extiterunt
854 1105 1045 1155 Gentiles,
1087 1107 1156 1158 qui
1193 1105 1281 1144 solis

164 1170 309 1200 naturae
341 1162 488 1201 viribus
514 1162 644 1200 omnia
672 1160 921 1213 expleverunt
964 1159 1144 1198 naturalis
1188 1158 1280 1211 legis

166 1224 358 1268 praccepta
376 1242 387 1252 .
417 1215 519 1253 Deus
549 1216 652 1254 enim
682 1228 746 1252 ore
774 1215 882 1253 Isaiae
911 1228 945 1252 e.
968 1212 1110 1252 XLIV.
1143 1213 1205 1251 28.
1234 1213 1281 1250 de

165 1270 267 1321 Cyro
298 1270 503 1320 praedixit3
535 1268 677 1306 Pastor
706 1280 818 1306 meus
848 1282 917 1316 es,
961 1268 1010 1308 <9¹
1038 1279 1201 1304 omnem
1218 1279 1279 1302 vo-

163 1323 356 1360 qututem
379 1336 517 1360 meum
536 1321 745 1374 complebis
761 1347 772 1360 .
803 1321 852 1360 Et
871 1336 906 1359 c.
928 1320 1068 1359 XLVI.
1091 1333 1151 1358 11.
1172 1333 1278 1356 eum-

163 1377 248 1413 dem
279 1377 424 1428 Cyrum
456 1385 562 1415 vocat
591 1379 716 1414 virum
745 1375 955 1413 voluntatis
983 1387 1088 1413 suae.
1119 1373 1176 1410 De
1210 1372 1279 1409 Ro-

162 1443 365 1467 manorum
387 1430 500 1468 etiam
523 1429 701 1467 heroibus
723 1429 861 1466 multas
884 1428 995 1464 refert
1017 1426 1170 1463 historia
1192 1437 1278 1476 pro-

161 1483 251 1520 fana
279 1484 444 1534 egregias
475 1484 629 1521 virtutes
651 1512 660 1530 ‚
704 1482 750 1520 ad
779 1495 873 1533 quas
901 1488 1000 1519 certe
1027 1477 1167 1517 Christi
1195 1491 1281 1530 gra-

159 1537 211 1573 tia
241 1549 314 1573 non
344 1536 617 1574 concurrebat.

213 1590 279 1635 43.
311 1588 423 1643 Resp.
463 1589 547 1627 haec
577 1589 682 1628 lsaiae
713 1588 829 1627 verba
857 1602 938 1627 non
976 1600 1080 1640 posse
1120 1583 1281 1636 intelligi

160 1656 204 1680 eo
233 1656 369 1691 sensu,
413 1643 514 1695 quod
541 1643 666 1695 Cyrus
696 1643 827 1680 fecerit
855 1655 1008 1680 omnem
1038 1641 1111 1678 Dei
1146 1638 1280 1678 volun-

161 1704 273 1734 tatem
292 1726 302 1743 ,
345 1710 464 1747 quam
495 1694 679 1747 Theologi
717 1705 850 1734 vocant
888 1695 1119 1733 voluntatem
1149 1695 1279 1743 sigui,

162 1758 201 1786 ut
230 1750 360 1786 omnia
389 1749 530 1787 divinae
553 1748 645 1799 legis
665 1758 856 1800 praecepta
875 1747 1160 1793 observaverit,
1190 1758 1279 1782 cum

163 1815 207 1839 ez<
236 1802 393 1840 historia
422 1810 585 1849 constet,
619 1802 766 1854 Cyrum
797 1802 910 1838 fuisse
942 1800 1134 1837 hominem
1165 1812 1281 1849 supra

160 1855 336 1893 mortales
365 1869 495 1893 omnes
524 1855 796 1902 ambitiosum,
841 1854 874 1889 8<
903 1853 1136 1906 superbum,
1182 1852 1280 1888 unde

160 1919 344 1961 perpetua
374 1908 478 1946 bella
506 1909 647 1960 gessit,
679 1916 715 1946 ut
745 1907 873 1946 aliena
903 1908 1065 1959 imperia
1095 1905 1278 1943 invadeno

157 1963 232 2009 do,
275 1976 387 2000 suum
416 1970 492 1999 toto
519 1961 611 1999 orbe
640 1960 838 2000 dilataret:
880 1974 956 2012 qua
992 1961 1030 1997 in
1061 1973 1100 1996 re
1130 1959 1277 1996 fortuna

157 2014 218 2052 illi
249 2015 412 2066 propitia
442 2016 538 2062 fuit,
583 2028 702 2065 usque
731 2015 777 2052 ad
816 2022 1042 2065 postremam
1073 2011 1278 2063 expeditio-

159 2082 243 2105 nem
274 2077 403 2105 contra
432 2066 682 2118 Massagetas,
714 2068 753 2104 in
783 2080 860 2119 qua
889 2067 950 2118 (si
980 2066 1061 2105 veri
1091 2074 1173 2102 sunt
1203 2063 1278 2100 He-

158 2122 330 2168 rodotus,
369 2121 403 2156 8<
433 2121 598 2159 Justinus
628 2121 643 2169 )
688 2134 762 2158 una
792 2133 881 2158 cum
912 2128 983 2156 toto
1012 2131 1080 2155 suo
1111 2118 1280 2154 exercitu

158 2174 367 2213 infeliciter
388 2175 519 2226 periit.
552 2173 694 2225 Regina
723 2182 849 2211 autem
873 2172 1173 2224 Massagetarum
1202 2169 1281 2222 jus-

157 2228 228 2275 sit,
258 2237 372 2280 caput
399 2229 495 2280 Cyri
524 2229 562 2266 in
584 2237 706 2265 utrem
727 2226 894 2264 humano
913 2227 1095 2277 sanguine
1126 2223 1280 2276 plenum

159 2279 299 2331 conjici
315 2294 401 2318 cum
424 2281 495 2319 hac
515 2295 592 2318 suae
615 2280 847 2318 crudelitatis
870 2280 1181 2330 exprobratione:
1204 2276 1278 2314 Siz-

163 2338 223 2370 ti'u.
253 2342 290 2370 le
319 2338 536 2386 sanguiue,
565 2347 682 2385 quem
710 2337 857 2372 sitisti.
906 2333 1040 2385 Neque
1070 2331 1140 2371 hac
1171 2333 1207 2369 in
1239 2344 1279 2367 re

158 2386 358 2424 fidandum
387 2396 438 2424 est
468 2387 738 2439 Xenophonti,
781 2389 850 2440 qui
891 2400 965 2425 non
995 2385 1120 2438 qualis
1151 2385 1281 2423 fuisset

157 2440 310 2491 Cyrus,
342 2440 404 2478 sed
433 2439 558 2492 qualis
588 2454 663 2478 esse
694 2440 910 2489 debuisset,
941 2440 1150 2484 e-narravit;
1182 2437 1281 2475 unde

157 2502 256 2530 recte
284 2494 418 2531 Cicero
447 2493 535 2532 Lib.
557 2495 586 2532 Ι.
616 2509 678 2545 ep.
700 2495 746 2532 ad
763 2493 954 2541 Quintum
984 2494 1140 2531 fratrem
1171 2492 1279 2544 epist.

163 2560 197 2584 1.
219 2546 515 2598 Xenophontem
535 2547 626 2585 dicit
643 2546 928 2598 Cyropaeclt'am
949 2550 1152 2598 scripsisse
1169 2576 1179 2594 ‚
1200 2558 1280 2582 non

157 2599 213 2636 αλ
243 2598 416 2638 historice
434 2600 590 2653 fidem,
619 2599 689 2638 sed
717 2600 772 2638 ad
801 2600 973 2651 effigiem
995 2601 1279 2651 jusziimperii.

158 2653 204 2690 ln
233 2653 310 2691 alio
339 2655 468 2705 itaque
496 2667 605 2692 sensu
635 2654 814 2705 praedixit
836 2653 966 2701 Deus,
988 2649 1143 2706 'Cyrum
1172 2665 1280 2690 com-

157 2706 353 2756 pleturum
381 2720 545 2745 omnem
589 2720 706 2744 suam
748 2707 1013 2754 voluntate-m,
1057 2719 1197 2756 nempe
1241 2706 1279 2742 in

159 2758 382 2798 liberatione
410 2760 547 2813 populi
574 2760 728 2798 Judaici
770 2775 792 2798 a
825 2760 1041 2813 captivitate
1071 2758 1280 2811 Babyloni-

159 2824 205 2849 ca
226 2813 287 2860 (a)
302 2839 312 2850 .

213 2864 278 2910 44.
307 2866 502 2912 Quantum
531 2881 620 2906 vero
649 2868 695 2905 ad
718 2867 907 2906 Romanos
925 2897 935 2915 ,
965 2867 1096 2918 negari
1116 2879 1190 2905 non
1212 2880 1276 2916 po-

157 2926 252 2965 test,
294 2917 441 2971 aliquos
481 2923 520 2959 in
550 2936 593 2959 ea
621 2921 874 2960 celeberrima
903 2919 1117 2972 Republica
1158 2922 1277 2958 virtu-

159 2971 264 3009 tibus
293 2970 502 3021 insignibus
522 2973 768 3021 excelluisse3
798 2975 861 3013 sed
882 2973 948 3012 hos
966 2975 1095 3011 omnia
1109 3004 1118 3021 ,
1149 2973 1182 3009 St
1203 2975 1278 3011 sin-

160 3023 251 3076 gula
278 3024 461 3062 naturalis
490 3025 581 3078 legis
610 3038 805 3082 praecepta
825 3041 990 3069 servasse
1008 3057 1018 3077 ,
1048 3029 1133 3079 quis
1154 3027 1277 3076 dicat,

214 3188 262 3223 (a)
287 3184 321 3216 Si
347 3184 425 3235 quis
452 3192 568 3217 autem
594 3188 801 3230 contendat,
837 3189 1054 3235 prophetiam
1081 3188 1177 3222 lsaiae
1204 3201 1276 3223 esse

162 3231 270 3264 etiarn
295 3229 337 3262 ad
364 3231 431 3262 alia
457 3242 562 3274 opera
589 3234 674 3276 Cyri
700 3235 977 3277 extendendam,
1004 3237 1146 3269 minime
1174 3248 1278 3279 repu-

163 3277 278 3320 gnabo
293 3297 304 3315 ,
325 3285 462 3319 propter
477 3277 580 3309 verba
601 3282 779 3321 sequentia
793 3294 822 3314 c.
841 3284 903 3315 Xl.
923 3283 967 3315 V.
994 3283 1074 3315 Haec
1093 3284 1184 3315 dicit
1204 3282 1277 3314 Do-

163 3327 271 3364 minus
298 3322 441 3355 Christo
467 3335 536 3355 meo
564 3324 662 3366 Cyro
681 3347 692 3364 ‚
719 3327 813 3371 cujus
838 3329 1047 3371 apprehendi
1074 3331 1277 3367 dexteram,

164 3377 199 3401 ut
227 3369 404 3414 subjiciam
429 3376 509 3401 ante
523 3369 659 3412 faciem
685 3371 756 3415 ejus
783 3382 901 3413 gentes
919 3396 929 3413 ,
955 3378 995 3407 (9⁴
1020 3375 1124 3408 dorsa
1152 3375 1277 3417 Regum

165 3423 311 3455 vertam,
337 3418 376 3448 (Y
402 3418 553 3459 aperiam
576 3428 688 3450 coram
706 3429 743 3450 eo
755 3417 879 3463 januas
893 3439 905 3458 ‚
930 3425 1084 3464 &porta
1099 3432 1165 3456 non
1185 3423 1277 3455 cluu-

747 181 828 225 DE
863 181 1118 226 GRATIA.
1152 181 1198 222 P.
1230 180 1263 221 1.
1295 178 1660 224 DISSERT.V1.
1693 184 1891 227 CARII.

1357 270 1447 296 cum
1477 257 1598 308 potius
1627 263 1846 302 eorumdem
1878 264 2030 302 virtutes
2058 262 2182 302 laudis
2211 261 2396 310 aviditas,
2439 263 2475 299 St

1358 309 1490 368 gloriae
1520 312 1660 361 cupido
1689 315 1864 354 vitiaret?
1908 317 1980 365 Et,
2025 326 2064 354 ut
2093 317 2190 355 bene
2220 319 2364 354 monuit
2395 319 2473 352 Au-

1357 371 1527 412 gustinus
1556 361 1619 401 De
1651 365 1758 405 Cim.
1789 368 1865 406 Dei·
1894 370 1983 408 Lib.
2005 372 2052 408 ΙΙ.
2073 384 2157 422 cap.
2176 382 2239 421 29.
2268 370 2394 407 aderat
2423 367 2470 405 il-

1354 414 1404 451 lis
1433 414 1613 453 heroibus
1641 417 1760 467 gloria
1791 421 2011 473 popularis,
2048 422 2118 461 sed
2146 423 2294 460 occulto
2326 422 2471 470 judicio

1357 467 1498 527 divifice
1525 470 1774 515 providentioe
1802 486 1895 511 vera.
1923 476 2057 527 religio
2084 475 2241 524 deerat,
2284 470 2364 513 sine
2392 487 2470 526 qua

1355 533 1485 557 omnia
1513 520 1658 559 divinae
1690 523 1781 575 legis
1811 538 2001 579 praecepta
2030 531 2169 567 servari
2193 543 2266 567 non
2290 536 2469 581 possunt·

1408 574 1474 618 45.
1505 573 1596 611 Inst.
1625 576 1822 613 secundo.
1866 579 1992 618 Marci
2008 581 2058 618 X.
2086 595 2144 634 19.
2181 596 2270 620 cum
2299 581 2469 619 Christus

1354 626 1544 663 Dominus
1573 628 1725 665 cuidam
1755 628 1981 668 adolescenti
2010 636 2199 683 poscenti,
2241 635 2335 688 quid
2366 635 2470 672 factu

1352 692 1446 730 opus
1476 687 1567 716 esset
1595 680 1642 718 ad
1673 683 1789 720 vitam
1820 691 1999 720 aeternam
2036 690 2364 738 consequendam,
2409 700 2467 724 re-

1351 732 1586 783 spondisset:
1617 733 1826 783 Praecepta
1854 739 1984 772 nosti:
2014 749 2063 772 ne
2083 737 2278 778 adulteres
2295 771 2305 789 ,
2335 754 2384 777 ne
2404 752 2468 777 oc-

1352 784 1464 822 cidas
1492 786 1579 824 &a
1606 790 1773 838 reposuit
1803 787 1884 826 ille:
1933 788 2137 840 Magister
2156 819 2166 837 ,
2208 791 2291 829 hoec
2328 797 2468 830 omniu.

1351 837 1548 876 observavi·
1576 853 1603 876 a
1633 842 1829 887 juventute
1858 853 1977 879 mea.
2020 841 2132 879 Jesus
2175 853 2308 881 autem
2350 849 2466 884 intui·-

1352 901 1412 929 τας
1439 905 1555 940 eum,
1585 892 1722 931 dilexit
1752 907 1843 933 eum
1859 898 1944 935 ΘΟ.
1976 893 2042 933 ille
2073 909 2159 947 ergo
2188 896 2404 936 adolescens
2423 912 2464 935 o-

1349 946 1454 983 mnia
1482 946 1575 997 legis
1605 957 1797 998 praecepta
1825 949 1906 986 sine
1927 947 2006 986 ulla
2027 950 2147 1000 gratia
2167 949 2467 1001 adimpleverat.

1402 998 1468 1044 46.
1499 999 1609 1051 Resp.
1640 1000 1821 1039 Judaeum
1851 1001 1992 1050 illum²
2036 1003 2067 1040 si
2096 1015 2183 1041 vere
2211 1003 2339 1040 omnia
2368 1015 2469 1054 prae-

1348 1060 1457 1104 cepta
1486 1052 1580 1104 legis
1609 1056 1771 1092 servavit
1799 1069 1822 1092 a
1849 1068 1917 1093 sua
1955 1055 2189 1106 juventute,v
2222 1056 2273 1103 id,
2302 1069 2376 1093 non
2412 1056 2467 1094 se-

1347 1107 1440 1144 cisse
1471 1106 1558 1143 solis
1587 1108 1644 1144 sui
1674 1106 1824 1146 arbitrii
1871 1109 2039 1157 viribus,
2083 1110 2145 1148 sed
2188 1123 2279 1146 cum
2322 1109 2466 1146 auxilio

1347 1160 1506 1210 gratiae.
1550 1158 1790 1199 Probabilius
1821 1171 1946 1200 tamen
1977 1172 2056 1211 est,
2099 1176 2187 1200 eum
2225 1175 2298 1200 non
2339 1163 2472 1200 omnia.

1347 1226 1534 1259 servasse3
1578 1214 1642 1250 sed
1671 1213 1739 1252 illa
1768 1214 1918 1264 solum,
1967 1229 2055 1268 quae
2090 1216 2146 1253 ibi
2175 1214 2345 1253 Christus
2375 1229 2470 1253 enu-

1348 1267 1536 1313 meravit,
1581 1265 1726 1305 scilicet
1754 1280 1805 1304 ne
1834 1267 2060 1317 adulteres,
2103 1282 2154 1306 ne
2186 1268 2375 1316 occidas,
2418 1281 2468 1306 ne

1335 1317 1492 1370 jicreri's
1506 1348 1516 1366 ,
1546 1318 1766 1370 nefulsimz
1786 1324 2057 1358 testimonium
2077 1321 2226 1360 dixeris
2244 1352 2255 1370 ,
2284 1336 2335 1359 ne
2350 1321 2468 1373 jhm-

1349 1371 1441 1409 denz
1457 1371 1640 1423 feceris,
1672 1370 1821 1409 honor-iz
1850 1382 2008 1422 putrem
2028 1382 2166 1422 tuum,
2195 1374 2243 1413 (θ’
2262 1367 2437 1412 mairem
2454 1391 2467 1418 ,-

1347 1439 1435 1477 quae
1464 1426 1592 1463 omnia
1621 1435 1812 1478 praecepta
1841 1426 2016 1465 faciliora
2044 1435 2155 1467 sunt.
2199 1425 2344 1476 Adjicit
2382 1429 2471 1478 qui-

1348 1479 1436 1517 dem
1465 1479 1624 1517 Sanctus
1645 1478 1852 1518 Matthaeus
1866 1480 1978 1518 XIX.
2005 1479 2064 1518 16.
2081 1494 2160 1533 seq.
2189 1478 2223 1515 ἃ
2246 1479 2341 1517 illud
2372 1493 2472 1531 prae-

1348 1542 1525 1584 ceptum:
1555 1532 1708 1585 Diliges
1735 1537 1965 1583 proximum
1994 1543 2133 1578 tuum;
2162 1538 2259 1571 sicut
2276 1536 2440 1585 teipsum
2458 1557 2471 1572 .

1348 1586 1424 1624 Sed
1454 1586 1523 1624 hoc
1553 1588 1666 1624 etiam
1697 1585 1799 1623 haud
1841 1586 2048 1625 difficulter
2089 1587 2286 1625 observari
2324 1594 2477 1638 potest,

1348 1640 1423 1677 nisi
1451 1638 1583 1690 aliqua
1612 1638 1815 1678 vehemens
1845 1649 2002 1691 urgeat,
2030 1641 2209 1687 tentatio,
2239 1648 2304 1677 aut
2334 1641 2470 1678 immo-

1348 1692 1524 1737 deratus,
1571 1691 1830 1742 &perversus
1859 1695 1918 1731 sui
1957 1694 2076 1745 ipsius
2112 1706 2245 1731 amor.
2293 1693 2475 1731 Ceterum.

1347 1758 1422 1783 non
1453 1746 1565 1782 fuisse
1594 1744 1871 1796 adolescentem
1892 1761 1912 1783 a
1933 1748 2034 1785 vitiis
2053 1748 2211 1784 omnino
2233 1747 2471 1794 immunem,

1349 1799 1597 1836 manifestum
1627 1812 1672 1835 ex
1702 1812 1744 1835 eo
1774 1798 1842 1847 fit,
1885 1800 1986 1851 quod
2017 1814 2037 1838 a
2070 1801 2235 1837 Domino
2266 1799 2471 1846 invitatus,

1350 1863 1387 1889 ut
1419 1851 1559 1890 relictis
1588 1851 1696 1890 bonis
1739 1852 2015 1903 temporalibus
2058 1853 2184 1905 ipsum
2223 1861 2467 1904 sequeretur,

1348 1906 1442 1942 abiit
1464 1909 1584 1942 tristis
1602 1920 1616 1949 ;
1646 1914 1735 1943 erat
1762 1909 1872 1943 enim
1901 1905 2051 1944 liabens
2082 1906 2230 1943 multus
2257 1908 2468 1955 possessio-

1347 1971 1446 1995 nes:
1477 1958 1575 1996 unde
1607 1967 1730 2010 postea
1750 1957 1923 1997 Christus
1951 1961 2188 1997 occasionem
2218 1959 2399 2010 sumpsit,
2428 1970 2469 1994 o-

1347 2012 1541 2050 stendendi
1570 2011 1767 2063 discipulis
1797 2014 1871 2050 suis
1889 2042 1899 2061 ,
1928 2026 2047 2064 quam
2077 2011 2233 2049 difficile
2264 2020 2382 2059 esset,
2412 2010 2469 2048 di-

1347 2066 1440 2103 vites
1470 2067 1607 2102 intrare
1638 2065 1677 2103 in
1710 2079 1868 2116 regnum
1898 2064 2086 2103 coelorum
2104 2092 2115 2103 .

1403 2117 1468 2169 47.
1499 2118 1632 2170 Neque
1661 2121 1855 2170 negotium
1888 2119 2066 2157 facessant
2097 2133 2137 2155 esi
2169 2118 2311 2166 verba,
2354 2118 2467 2155 jesus

1348 2180 1485 2209 aiacem
1515 2175 1675 2209 intuitus
1703 2185 1794 2210 eum
1812 2201 1822 2220 ,
1853 2171 1990 2209 dilexit
2006 2185 2097 2209 eum
2115 2186 2129 2215 ;
2158 2171 2256 2209 nihil
2286 2171 2390 2207 enim
2419 2171 2470 2207 si-

1349 2225 1533 2276 gnificant
1560 2224 1666 2262 aliud
1684 2254 1694 2272 ,
1726 2238 1842 2276 quam
1865 2224 2052 2261 aChristo
2081 2225 2223 2270 fuisse,
2253 2224 2311 2261 sin
2341 2224 2466 2262 minus

1348 2280 1534 2326 omnino,
1576 2277 1708 2315 saltem
1739 2290 1783 2314 ex
1813 2285 1917 2328 parte
1948 2279 2144 2328 probatam
2175 2276 2256 2328 ejus
2285 2284 2470 2315 anteacta:

1348 2334 1437 2372 vitae
1460 2333 1640 2369 rationem
1658 2360 1669 2378 ,
1701 2328 1735 2365 8(
1756 2343 1839 2367 eam
1860 2331 1981 2368 animi
2000 2331 2340 2383 promptitudinem
2359 2359 2369 2378 ,
2390 2344 2468 2382 qua.

1348 2385 1520 2437 petebat,
1550 2384 1644 2436 quid
1673 2382 1771 2422 ultra
1800 2383 1925 2421 facere
1953 2383 2105 2421 deberet
2134 2396 2202 2436 pro
2232 2392 2384 2421 aeternae
2415 2384 2472 2421 vi-

1348 2447 1396 2476 tae
1426 2439 1719 2483 consecutione3
1761 2438 1938 2489 quamvis
1979 2447 2125 2475 certum
2168 2446 2220 2475 est
2261 2450 2307 2475 ex
2342 2450 2470 2476 couse-

1347 2491 1554 2544 quentibus
1573 2521 1582 2539 ,
1612 2491 1742 2529 Jesum
1773 2490 1965 2529 Christum
1988 2503 2063 2528 non
2083 2505 2171 2528 eum
2203 2492 2254 2527 ita
2285 2491 2468 2542 respexis-

1348 2560 1387 2584 se
1403 2576 1414 2594 ‚
1444 2545 1477 2581 ἃ
1507 2544 1683 2583 dilexisse
1700 2575 1709 2593 ‚
1743 2553 1782 2582 ut
1801 2557 1912 2582 suum
1933 2542 2166 2594 discipulum
2188 2542 2377 2588 efficeret3
2407 2543 2470 2580 sed

1348 2599 1564 2650 permisisse
1594 2612 1682 2635 eum
1713 2598 1820 2637 abire
1847 2597 2072 2635 divitiarum
2093 2609 2246 2633 suarum
2268 2609 2396 2634 amore
2419 2595 2466 2634 il-

1349 2652 1489 2690 lectum
1507 2678 1517 2690 .

1403 2705 1469 2753 48.
1501 2706 1590 2743 Inst.
1619 2708 1733 2744 tertio
1750 2731 1760 2742 .
1790 2704 1920 2743 Sanct.
1941 2701 2082 2741 Paulus
2101 2703 2271 2741 nondum
2293 2703 2364 2741 sub
2383 2716 2467 2755 gra-

1348 2761 1400 2798 tia
1429 2760 1653 2797 constitutus
1681 2759 1772 2810 legis
1800 2755 1984 2807 justitiam
2014 2756 2214 2809 implevit3
2243 2758 2335 2795 dicit
2365 2759 2467 2795 euim.

1346 2814 1392 2852 de
1412 2814 1533 2864 seipso
1553 2811 1720 2864 Philipp.
1738 2812 1801 2851 111.
1816 2809 1855 2848 6.
1885 2809 2112 2848 Secundum
2127 2812 2330 2862 justitium
2347 2841 2357 2858 ,
2387 2822 2467 2861 qua

1344 2871 1386 2905 in
1416 2868 1500 2918 lege
1530 2874 1609 2914 est,
1640 2871 1891 2901 conversatus
1919 2868 2005 2902 sine
2025 2865 2216 2915 querelam
2247 2864 2463 2902 conversari

1345 2930 1470 2958 autem
1499 2922 1585 2956 sine
1613 2917 1772 2968 querela
1801 2915 1910 2966 juxta
1946 2917 2116 2970 phrasim
2146 2917 2355 2969 Scripturae
2386 2918 2462 2954 Lu-

1345 2988 1401 3013 cae
1432 2974 1462 3011 Ι.
1483 2971 1520 3009 6.
1564 2970 1753 3021 siguificat
1784 2980 1936 3020 sancte,
1981 2970 2015 3006 &
2043 2969 2140 3023 juste
2168 2973 2298 3011 vivere
2327 2983 2457 3008 secuu-

1346 3028 1439 3065 dum
1468 3025 1614 3076 legem:
1645 3036 1733 3075 ergo
1763 3023 1834 3062 &c-

2343 3077 2411 3128 49·

1345 3190 1488 3222 dentur.
1515 3184 1594 3230 Ego
1618 3193 1697 3219 ante
1723 3192 1755 3218 te
1781 3185 1835 3218 ibo
1852 3208 1862 3226 ,
1890 3188 1932 3219 Θ
1957 3188 2128 3232 gloriosos
2152 3193 2249 3218 terrae
2278 3184 2460 3216 humiliabo

1345 3241 1418 3268 (ῖς.
1435 3239 1508 3268 Φσ.
1535 3231 1599 3266 Sed
1625 3232 1697 3264 liaec
1721 3232 1838 3265 omnia
1864 3244 1932 3266 non
1959 3233 2182 3276 significant,
2209 3230 2275 3263 nisi
2295 3230 2460 3262 victorias

1345 3284 1442 3326 Cyro
1467 3292 1484 3312 a
1513 3280 1583 3312 Deo
1608 3290 1807 3318 concessas,
1846 3289 1883 3312 ut
1911 3278 2049 3311 tandem
2075 3275 2264 3321 Babylonis
2301 3277 2458 3321 petitus,

1345 3328 1512 3372 populum
1532 3324 1635 3357 lsrael
1662 3337 1678 3355 a
1706 3325 1805 3368 longa
1824 3325 2026 3369 captivitate
2044 3323 2210 3356 liberaret
2226 3346 2233 3354 .
2261 3323 2368 3357 Nulla
2394 3335 2456 3355 au-

1345 3381 1416 3406 tem
1442 3372 1574 3404 ratione
1602 3368 1782 3410 indicant,
1819 3373 1955 3416 Cyrum
1979 3381 2115 3402 omnem
2144 3369 2207 3402 Dei
2241 3370 2456 3405 voluntatem

1344 3419 1465 3453 fecisse
1488 3417 1527 3451 in
1550 3415 1790 3452 observatione
1815 3423 2071 3462 praeceptorum
2096 3416 2203 3461 legis.
