2570 3745
223 168 278 216 4'0
725 156 805 201 DE
840 156 1073 202 GRATIA
1106 155 1153 198 P.
1175 156 1209 198 Ι.
1242 154 1545 198 DISSER.11.
1579 154 1708 197 CAP.
1731 155 1809 198 IV.

161 251 265 290 tum,
296 241 327 279 si
357 238 502 289 aliquid
532 236 701 285 valeret,
731 237 769 276 id
800 237 926 274 valere
954 238 1097 284 etiam,
1129 245 1166 273 ut
1185 249 1270 286 gra-

159 296 210 333 tia
241 308 334 346 pure
364 292 564 341 Pelagiana
588 289 784 338 sufficiat,
826 291 1034 328 dummodo
1061 302 1138 327 non
1170 288 1273 326 utilis

158 349 280 385 solum
299 375 309 392 ‚
339 340 586 383 sed'omuino
614 344 823 382 necessaria
852 357 928 381 esse
957 343 1131 380 dicatur.
1160 342 1274 389 Quod

158 402 189 438 si
221 399 311 436 vidit
341 398 540 445 petavius,
571 411 640 436 cur
669 407 769 435 tanto
797 397 918 434 studio
947 405 1100 433 conatus
1129 404 1181 431 est
1210 396 1272 431 dc-

157 461 363 491 nionstrare
381 481 390 499 ,
421 464 505 489 suos
535 450 618 488 illos
638 450 854 502 complures
874 447 1088 487 Catliolicos
1109 446 1272 484 Tlieolo-

156 519 219 557 gos
248 504 383 557 procul
413 520 435 542 a
466 503 658 555 Pelagiani
677 535 686 551 ,
726 505 783 541 vel
815 500 1112 553 Semipelagiani
1143 509 1270 539 conta·

155 561 264 610 gione
295 559 431 596 erroris
451 558 601 605 abesse,
633 559 724 609 quia
746 556 1004 604 efficientiam
1021 558 1167 606 gratioe
1182 567 1270 604 pro-

156 616 268 650 :rime
298 616 337 649 in
368 612 495 649 solam
527 611 697 648 derivari
728 610 1035 661 intelligentiam
1058 637 1068 655 ‚
1111 620 1161 644 ac
1203 618 1271 656 per

154 678 248 703 earn
279 669 320 702 in
349 666 592 701 voluntatem
621 665 756 714 trajici
784 660 965 713 putant?
995 660 1099 707 Quid
1121 660 1157 697 id
1178 673 1270 711 opus

153 717 229 757 est?
267 718 468 771 Siquidem
497 718 644 754 etiamsi
675 724 878 753 statuerent
906 728 995 751 cum
1026 713 1237 763 pelagianis
1257 741 1269 760 ‚

152 786 198 817 :tc
228 771 548 823 Semipel:2gianis
565 791 574 808 2
603 773 784 821 gratiam
809 768 949 806 Christi
979 773 1020 803 in
1048 767 1133 803 sola
1156 777 1266 801 inen-

151 828 202 863 tis
231 826 490 862 illustratione
520 827 641 861 sitam
670 828 755 859 sine
785 822 866 858 ulla
888 823 1061 857 motione
1089 817 1267 855 volunta-

152 881 202 915 tis
219 909 229 927 ,
259 878 465 916 dummodo
495 890 577 913 eam
608 876 857 913 necessariam
880 887 957 910 esse
978 871 1266 920 confiterentur,

154 943 194 973 ut
225 941 328 984 putat
358 930 560 977 Petavius,
594 929 798 980 Augustino
829 926 1048 978 plenissime
1077 924 1268 963 satisface-

149 995 233 1023 rent
254 1011 266 1023 .

205 1039 272 1091 94.
302 1039 383 1090 Ego
411 1050 526 1085 vero,
556 1050 650 1088 pace
678 1035 768 1073 tanti
799 1034 900 1082 viri,
930 1034 1088 1071 fidenter
1117 1046 1268 1083 assero,

150 1092 248 1128 niliil
282 1093 444 1128 inveniri
477 1104 581 1142 posse
620 1090 849 1127 inconcussis
892 1088 1013 1135 sancti
1045 1085 1160 1138 liujus
1189 1087 1267 1125 Do-

150 1146 264 1182 ctoris
293 1145 492 1194 principiis
522 1144 639 1194 magis
668 1143 884 1194 oppositum
902 1171 913 1189 ,
956 1155 1045 1178 cum
1076 1141 1114 1177 in
1143 1141 1267 1178 omni-

146 1197 220 1235 bus
250 1200 324 1234 suis
353 1197 480 1234 aureis
509 1196 716 1248 operibus,
747 1210 790 1233 ac
821 1196 1063 1246 potissimum
1094 1195 1130 1231 in
1160 1193 1267 1233 land.

150 1250 269 1288 Libro
297 1248 345 1286 <le
373 1253 509 1300 gratia
541 1248 681 1286 Christi
711 1258 815 1297 totus·
834 1250 908 1295 sit,
940 1256 977 1284 ut
998 1246 1196 1297 Pelagium
1227 1262 1266 1285 a-

145 1304 249 1354 digat
276 1303 323 1340 ad
353 1302 607 1340 confitendam
629 1312 767 1353 praeter
786 1303 948 1352 gratiam
964 1301 1237 1338 illustrationis
1255 1331 1265 1350 ,

145 1357 307 1407 gratiam
337 1356 575 1403 voluntatis,
605 1356 652 1394 <9⁴
682 1358 851 1392 actionis
873 1384 883 1401 ,
912 1369 991 1406 qua
1019 1352 1109 1401 ipsa
1137 1354 1266 1391 volun-

147 1418 233 1455 tas,
264 1410 312 1448 ὗ)
343 1414 449 1446 actio
469 1409 835 1446 subministratione
853 1408 992 1445 Sancti
1009 1407 1174 1453 Sarnus
1195 1407 1266 1444 (hl-

150 1463 307 1511 juratur
348 1462 434 1513 (lle
461 1471 568 1514 grat.
603 1461 692 1498 Chr.
724 1475 810 1512 cap.
834 1461 899 1505 54.
920 1461 933 1507 )
952 1487 963 1496 .
1006 1459 1140 1510 Neque
1180 1473 1268 1497 vero

142 1510 295 1566 'putavit
325 1529 496 1564 unquam
525 1514 565 1551 S.
588 1513 719 1560 Pater,
750 1526 795 1549 ex
825 1513 962 1549 inentis
985 1511 1267 1549 illuminatione

146 1568 292 1618 aliquid
323 1569 533 1604 necessario
563 1579 786 1617 promanare
815 1567 855 1602 in
887 1564 1118 1602 voluntatem
1138 1595 1147 1613 ,
1190 1579 1267 1617 quo

146 1620 227 1670 ejus
256 1622 438 1657 excitetur
469 1619 648 1667 affectus,
681 1628 719 1657 ut
751 1619 908 1670 proinde
930 1619 1042 1670 possit
1062 1617 1141 1656 sola
1160 1633 1266 1657 meu-

144 1674 192 1711 tis
223 1672 425 1711 illustratio
453 1674 502 1711 ad
522 1673 667 1711 bonum
684 1673 922 1724 operandum
938 1671 1136 1709 sufficere.
1167 1671 1266 1710 Nam

146 1741 232 1778 cap.
264 1726 329 1764 55.
360 1756 386 1773 ,‚
416 1726 502 1763 Non
533 1736 585 1763 est
613 1735 739 1762 autem
761 1739 1020 1777 consequens,
1050 1728 1195 1776 inquit,
1228 1734 1266 1763 ut

147 1810 173 1827 „
203 1781 270 1831 qui
304 1779 417 1816 liabet
448 1780 592 1817 donum
624 1780 789 1816 scientiae
808 1808 819 1826 ,
857 1781 926 1831 qui
955 1780 1130 1827 noverit,
1172 1780 1266 1831 quid

144 1863 171 1881 e,
201 1846 312 1884 agere
333 1832 488 1880 debeat,
518 1832 654 1870 habeat
671 1833 786 1870 etiam
803 1831 1019 1879 charitatis,
1052 1840 1090 1868 ut
1113 1843 1196 1884 agat
1214 1836 1239 1854 “
1255 1858 1265 1870 .

201 1888 267 1937 95.
299 1886 497 1933 Quantum
528 1887 799 1938 itaqueattinet
814 1886 860 1923 ad
877 1885 960 1923 loca
977 1885 1150 1936 objecta,
1180 1887 1265 1938 quis

144 1939 320 1986 dubitet,
351 1954 393 1976 ea
424 1941 474 1976 ita
502 1953 579 1977 esse
598 1939 865 1990 intelligenda,
897 1948 936 1976 ut
960 1948 1154 1991 perpetuae
1177 1953 1266 1977 cou-

145 1994 334 2044 stantique
372 1992 501 2030 Sancti
545 1994 747 2044 Augustini
791 1994 972 2030 doctrinae
1016 1991 1266 2031 cohaereant?

145 2045 242 2082 Cum
276 2047 391 2096 igitur
421 2048 458 2085 in
489 2048 619 2084 eodem
649 2060 762 2099 opere
783 2045 830 2083 (le
847 2046 991 2097 Spiritu
1013 2076 1024 2093 ,
1055 2047 1104 2087 Θ
1134 2047 1267 2084 littera

146 2098 263 2135 taleni
293 2102 456 2149 gratiam
486 2099 631 2151 ubique
663 2101 844 2151 praedicet
865 2100 1117 2137 necessariam
1137 2130 1147 2148 ,
1177 2114 1265 2152 quae

143 2165 217 2190 non
247 2151 370 2189 solum
399 2153 594 2200 ostendat,
633 2154 726 2204 quid
758 2153 977 2191 faciendum
1008 2154 1080 2202 sit,
1111 2154 1172 2191 sed
1202 2155 1267 2192 ad-

144 2203 250 2255 juvet
281 2206 422 2254 etiam,
454 2215 493 2243 ut
524 2206 610 2243 fieri
640 2207 777 2258 possit,
819 2208 920 2259 quod
949 2207 1152 2244 ostenderit
1183 2207 1268 2258 (de

145 2257 291 2307 Spiritu
309 2287 319 2305 ,
348 2259 397 2298 <9⁶
427 2259 560 2297 littera
589 2274 674 2311 cap.
698 2260 794 2308 35.)
818 2275 829 2306 3
866 2263 982 2298 etiam
1012 2260 1087 2298 alia
1119 2261 1263 2309 verba,

146 2325 237 2362 qnae
268 2311 380 2348 babet
409 2325 496 2363 cap.
526 2314 720 2364 praeced.,
750 2314 800 2352 ita
821 2313 1068 2365 intelligenda
1087 2325 1195 2360 sunt3
1225 2324 1265 2352 ut

145 2364 307 2402 interius
335 2368 504 2401 visorum
533 2364 779 2402 suasionibus
809 2369 859 2405 ita
889 2376 973 2418 agat
990 2366 1115 2416 Deus,
1147 2377 1185 2405 ut
1203 2382 1265 2407 ve-

148 2415 294 2464 limus,
339 2430 413 2454 non
444 2417 567 2455 solum
600 2417 859 2457 illuminando
895 2429 1060 2458 mentem
1080 2451 1089 2469 ,
1133 2422 1195 2459 sed
1226 2436 1264 2458 e-

143 2471 237 2507 tiam
268 2470 498 2508 voluntatem
531 2471 741 2518 movendo,
773 2482 812 2509 ut
831 2475 1063 2513 consentiat.
1095 2474 1142 2512 Et
1162 2475 1264 2527 quod

147 2524 253 2561 addit
283 2523 408 2562 Sanct-
428 2524 591 2562 Doctor:
625 2524 858 2563 Consentire
887 2531 1055 2577 propriae
1085 2529 1261 2566 volunta—

147 2581 196 2614 tis
227 2586 312 2627 est,
357 2577 629 2629 explicandum
673 2588 725 2616 est
754 2579 801 2616 de
830 2579 1018 2618 voluntate
1047 2592 1263 2632 praeparata

146 2643 214 2680 per
243 2633 427 2680 gratiam,
460 2641 571 2682 prout
600 2633 680 2683 ipse
710 2632 840 2671 multis
869 2635 956 2672 aliis
986 2635 1026 2671 in
1057 2629 1147 2673 locis
1171 2636 1262 2674 ube-

144 2684 226 2719 rius
254 2683 419 2734 explicat
440 2714 451 2732 ,
497 2694 534 2722 ut
564 2699 654 2723 cum
684 2684 732 2722 <Ze
759 2686 883 2737 proed.
914 2686 987 2724 SS.
1017 2701 1101 2739 cap.
1136 2689 1172 2725 5.
1204 2690 1262 2727 in·

144 2736 253 2785 quit:
297 2765 322 2783 „
352 2736 436 2774 Non
464 2739 555 2790 quia
583 2738 764 2787 credere,
808 2739 868 2777 vel
901 2754 975 2778 non
1006 2741 1158 2778 credere
1186 2754 1262 2779 non

144 2817 170 2836 :a
202 2796 253 2824 est
282 2789 322 2825 in
352 2789 508 2827 arbitrio
538 2791 738 2829 voluntatis
768 2792 948 2831 humanae
971 2823 982 2841 ,
1025 2794 1087 2831 sed
1118 2795 1156 2833 in
1185 2794 1260 2833 ele-

142 2870 171 2889 „
200 2842 268 2878 ctis
299 2841 536 2892 praeparatur
566 2844 735 2883 voluntas
764 2862 783 2883 a
816 2846 983 2885 Domino
1011 2850 1036 2868 ‘⁶
1060 2874 1070 2885 .

198 2892 265 2946 96.
295 2896 394 2932 Cum
425 2909 514 2932 vero
543 2899 746 2948 reponebat
764 2897 938 2951 Pelagio:
973 2899 1078 2939 Tolle
1097 2901 1258 2951 facilius

141 2947 227 2988 &m
246 2977 256 2995 ,
301 2948 337 2985 id
367 2948 477 2985 debet
511 2948 577 2986 lific
609 2952 750 2989 ratione
781 2954 975 3006 intelligi,
1015 2964 1055 2992 ut
1084 2947 1258 3006 Pelagius

141 3003 314 3053 primuni
346 3016 475 3039 veram
505 3001 644 3040 Christi
674 3008 834 3053 gratiam
865 3019 1078 3060 agnosceret
1109 3039 1134 3057 „
1165 3005 1253 3063 (suec

141 3083 169 3103 5„
197 3064 377 3106 operatur
409 3057 447 3093 in
477 3055 654 3093 cordibus
686 3058 912 3109 hominum,
943 3076 1016 3100 non
1037 3062 1160 3100 solum
1192 3079 1255 3101 ve-

142 3136 168 3155 „
199 3121 256 3145 ras
286 3108 536 3146 revelationes
558 3139 568 3157 ,
611 3109 673 3147 sed
717 3113 829 3149 etiam
868 3115 983 3153 bonas
1014 3115 1223 3155 voluntates
1243 3148 1253 3166 ,

143 3189 169 3209 9,
199 3174 266 3213 per
297 3163 586 3213 inspirationem
616 3162 920 3204 luminosissimus
953 3168 985 3206 St
1007 3169 1254 3222 flagrantissi-

142 3242 167 3261 υ
198 3227 271 3250 111ae
305 3214 497 3253 charitatis
527 3219 551 3236 ‘²
571 3243 580 3253 .
611 3216 785 3254 Secundo
815 3228 851 3255 ut
882 3220 978 3260 lianc
999 3227 1158 3275 gratiam
1179 3238 1255 3264 non

140 3265 274 3303 utilem
304 3276 448 3306 tantuin
467 3300 477 3317 ,
508 3269 570 3306 sed
600 3271 755 3307 omnino
776 3278 1026 3313 necessariam
1057 3278 1254 3316 confitere—

142 3328 203 3357 tur
224 3347 234 3357 .
266 3320 377 3358 Unde
407 3323 444 3359 in
474 3322 544 3360 fini
575 3321 666 3360 libri
697 3322 746 3360 (le
774 3329 909 3376 gratia
935 3327 1073 3367 Christi
1104 3332 1153 3369 ita
1175 3347 1255 3370 rem

139 3373 388 3414 conficiebat:
433 3405 458 3424 „
480 3376 530 3415 'Si
559 3379 788 3417 consenserit
815 3379 926 3418 nobis
954 3380 1152 3435 Pelagius,
1184 3400 1259 3425 non

1397 233 1519 271 solum
1549 233 1837 284 possibilitatem
1868 235 1905 271 in
1933 231 2087 272 homine
2107 257 2123 264 -
2140 257 2153 264 -
2173 257 2188 265 -
2209 256 2225 264 -
2253 234 2316 272 sed
2338 235 2454 274 etiam

1343 316 1368 336 ,‚
1399 288 1521 338 ipsam
1553 285 1811 336 voluntatem,
1849 287 1881 323 ἆ
1911 288 2098 325 actionem
2127 288 2310 326 divinitus
2342 289 2452 337 adi-1-

1343 369 1369 388 ,‚
1399 341 1508 385 vari,
1539 337 1572 373 8<
1602 340 1653 376 sic
1681 339 1879 391 adjuvari,
1910 349 1949 376 ut
1978 341 2056 377 sine
2087 341 2154 378 illo
2183 341 2372 387 adiutorio
2394 342 2452 378 ni-

1342 422 1367 440 „
1399 391 1454 428 hil
1484 391 1579 428 bene
1609 386 1792 442 velimus,
1824 394 1857 430 8(
1878 407 2035 445 agamus
2055 415 2164 423 ----
2196 395 2291 432 nihil
2322 395 2367 431 de
2386 394 2450 431 ad-

1341 475 1366 494 „
1397 444 1536 495 jutorio
1555 445 1686 494 gratiae
1708 446 1780 484 Dei
1797 477 1808 495 ‚
1837 455 2025 500 quantum
2047 447 2210 485 arbitror
2227 477 2238 496 ,
2270 449 2453 487 internos

1344 527 1370 546 „
1400 498 1664 537 controversiae
1693 499 1928 552 relinquetur
1958 502 2007 539 “-

1342 264 1367 282 θ’

1770 603 1940 642 CAPUT
1970 606 2021 645 V.

1340 707 1674 757 Demonstramr,
1703 711 1882 760 gratiam
1914 721 1998 746 esse
2012 724 2106 760 pure
2119 716 2342 763 gratuitam
2360 726 2376 756 ;
2405 711 2456 753 <J

1390 762 1538 801 celebre
1567 761 1661 800 illud
1690 764 1861 799 axioma
1878 775 1891 797 .·
1923 760 2093 802 Faciem}
2125 767 2224 818 quod
2257 770 2295 804 in
2324 780 2361 803 se
2377 774 2455 814 est,

1389 817 1495 855 Deus
1526 830 1597 854 non
1627 817 1786 866 denegat
1813 815 2004 866 gratiani,
2044 829 2127 854 esse
2158 820 2357 871 intelligen
2373 819 2456 856 lum

1390 869 1438 907 de
1469 884 1540 919 eo,
1570 873 1634 922 qui
1650 867 1763 921 facit
1793 868 1894 921 quoti
1923 872 1964 906 in
1993 881 2035 907 se
2056 878 2113 907 est
2134 883 2186 908 ex
2201 872 2340 910 viribus
2357 885 2453 924 gra-

1388 933 1458 962 ἵζω
1473 953 1484 966 .

1389 1044 1456 1084 97.
1475 1009 1601 1076 Cum
1630 1031 1761 1083 negari
1790 1045 1813 1069 :t
1843 1033 1991 1070 nemine
2022 1032 2159 1083 possit,
2196 1033 2329 1084 gratiae
2360 1031 2456 1070 dona

1335 1088 1442 1123 vario
1470 1099 1513 1122 ac
1545 1086 1729 1137 inaequali
1747 1084 1871 1122 ‘modo
1900 1101 1921 1123 a
1944 1085 2025 1124 Deo
2055 1085 2261 1134 distribui,
2291 1085 2453 1138 quidam

1336 1139 1495 1177 diversae
1528 1137 1642 1190 liujus
1671 1139 1950 1177 distributionis
1988 1140 2174 1176 rationem
2220 1149 2324 1177 extra
2353 1138 2454 1176 divi-

1336 1205 1395 1229 nae
1427 1192 1629 1231 voluntatis
1657 1192 1944 1244 beneplacitum
1974 1193 2013 1230 in
2045 1191 2263 1231 hominibus
2284 1194 2376 1244 ipsis
2392 1193 2450 1229 in-

1335 1247 1466 1283 venire
1495 1261 1532 1283 se
1564 1259 1692 1298 posse,
1738 1255 2093 1297 praesumpserant,
2132 1247 2194 1284 sed
2225 1261 2247 1284 a
2284 1245 2453 1284 veritatis

1335 1300 1484 1337 tramite
1515 1299 1726 1337 recedentes
1757 1300 1794 1336 in
1826 1313 1980 1349 magnos
2009 1299 2377 1352 absurdissimosque
2399 1311 2458 1336 er-

1336 1365 1437 1390 rores
1466 1367 1503 1389 se
1536 1353 1854 1404 praecipitarunt.
1884 1352 1932 1388 Et
1964 1353 2134 1402 primum
2158 1368 2225 1402 pro
2254 1353 2402 1391 somnio
2423 1350 2458 1387 8t

1334 1405 1474 1442 delirio
1503 1406 1758 1443 communiter
1789 1404 1950 1441 liabetur
1980 1405 2111 1456 opinio
2140 1405 2344 1455 Origenis,
2389 1404 2458 1454 qui

1336 1459 1483 1495 animas
1514 1457 1718 1495 bominum
1751 1455 1871 1494 multo
1901 1465 2039 1503 antea,
2083 1471 2200 1508 quam
2232 1456 2462 1509 corporibus

1338 1512 1540 1548 unirentur
1557 1541 1566 1558 ,
1598 1517 1742 1547 creatas
1758 1523 1834 1547 esse
1851 1510 2015 1561 ponebat
2032 1540 2043 1557 ,
2074 1509 2106 1545 δε
2129 1523 2196 1562 pro
2216 1510 2345 1556 bonis,
2376 1523 2457 1547 ma-

1336 1562 1461 1615 lisque
1492 1565 1638 1602 meritis
1657 1593 1667 1612 ,
1712 1563 1785 1601 sibi
1829 1572 1917 1600 tunc
1947 1566 2203 1615 comparatis,
2247 1563 2424 1601 uberiora
2446 1593 2457 1611 ,

1336 1615 1396 1653 vel
1428 1618 1576 1654 minora
1604 1618 1737 1667 gratiae
1768 1616 1866 1653 dona
1898 1625 1986 1653 tunc
2007 1618 2214 1667 consequi.
2246 1617 2320 1654 Hic
2342 1617 2457 1653 meri-

1335 1677 1371 1706 to
1401 1669 1498 1707 illud
1531 1669 1707 1721 usurpari
1738 1677 1882 1721 potest3
1916 1667 1992 1706 Cur
2019 1677 2206 1720 portenta
2235 1667 2457 1722 refellam?

1334 1721 1583 1771 Exposuisse
1613 1732 1678 1760 sat
1707 1730 1793 1760 est.

1360 1774 1364 1778 ’
1390 1776 1455 1829 98.
1486 1776 1682 1827 Pelagiani
1702 1806 1712 1824 ,
1743 1785 1943 1828 postquam
1973 1777 2079 1814 fuere
2112 1777 2313 1828 Augustini
2343 1790 2455 1828 argu-

1336 1833 1474 1868 mentis
1493 1860 1503 1876 ,
1535 1828 1566 1864 8(
1585 1828 1767 1867 Ecclesiae
1783 1831 2001 1867 auctoritate
2017 1830 2064 1868 ad
2093 1828 2263 1882 aliquam
2294 1832 2456 1882 gratiam

1336 1883 1607 1921 admittendam
1639 1881 1858 1934 compulsi,
1891 1897 1975 1920 eam
2005 1884 2113 1922 bonis
2144 1885 2278 1922 nostris
2308 1885 2454 1933 meritis

1335 1937 1469 1984 reddi,
1500 1937 1701 1975 commenti
1734 1945 1820 1973 sunt
1851 1936 1974 1987 (Vid.
2004 1937 2149 1975 dissert.
2172 1938 2200 1975 Ι.
2218 1937 2455 1988 >2²5emipe-

1336 1990 1475 2042 lagiarii
1506 2000 1633 2028 autem
1663 1991 1824 2027 contenti
1855 1998 1988 2038 erant,
2019 1991 2048 2028 si
2070 1990 2224 2042 aliquod
2240 1990 2369 2030 saltem
2387 1990 2455 2028 bo-

1335 2046 1374 2082 ni
1404 2046 1553 2096 operis,
1598 2042 1659 2080 vel
1689 2043 1779 2081 fidei
1810 2044 1961 2081 initium
1981 2073 1991 2091 ,
2036 2044 2095 2082 vel
2139 2043 2294 2097 aliquod
2324 2043 2454 2083 salutis

1335 2099 1565 2136 desiderium
1597 2097 1812 2150 praecedere
1842 2098 2136 2146 concederetur,
2176 2097 2286 2150 cujus
2315 2099 2454 2137 intuitu

1337 2153 1385 2189 ad
1401 2151 1637 2204 largiendam
1654 2164 1761 2188 suam
1777 2151 1938 2203 gratiam
1954 2150 2059 2188 Deus
2076 2161 2292 2190 moveretur
2305 2179 2315 2191 .
2335 2152 2454 2189 Cum-

1336 2220 1411 2257 que
1441 2204 1618 2257 exemplo
1648 2204 1898 2255 parvulorum
1920 2214 2212 2256 premerentur,
2242 2206 2281 2243 in
2312 2205 2453 2258 quibus

1335 2269 1435 2297 certe
1465 2258 1615 2296 nullum
1646 2258 1851 2309 excogitari
1873 2266 1989 2309 potest
2011 2259 2228 2310 praecedens
2248 2261 2451 2307 meritum,

1334 2312 1395 2351 vel
1424 2313 1653 2350 demeritum
1677 2341 1687 2357 ‚
1730 2324 1806 2363 quo
1849 2321 2044 2349 moveatur
2074 2313 2179 2351 Deus
2214 2313 2261 2350 ad
2290 2314 2452 2365 gratiam

1333 2366 1515 2418 baptismi
1546 2365 1827 2403 concedendam
1846 2393 1857 2411 ,
1887 2363 1946 2402 vel
1967 2366 2228 2417 denegandam
2247 2396 2258 2413 ,
2287 2367 2335 2404 ad
2350 2378 2455 2404 coin-

1334 2421 1508 2458 nientitia
1537 2418 1605 2457 illa
1633 2418 1734 2456 bona
1752 2447 1762 2465 ,
1808 2417 1866 2454 vel
1906 2416 2009 2456 mala
2038 2419 2321 2469 confugerunt,
2362 2431 2452 2471 quae

1334 2472 1504 2512 habituri
1535 2473 1720 2518 fuissent,
1764 2471 1792 2508 si
1823 2469 1993 2509 adultam
2033 2472 2239 2523 attigissent
2268 2481 2418 2510 aetatem
2440 2499 2452 2511 .

1336 2527 1482 2564 Horum
1514 2539 1617 2564 error
1646 2527 1733 2562 satis
1763 2526 1936 2576 superius
1965 2525 2140 2576 explosus
2168 2535 2247 2572 est,
2277 2539 2367 2563 cum
2388 2527 2452 2563 de-

1332 2589 1584 2619 monstratum
1616 2578 1688 2616 fuit
1718 2579 1765 2615 ad
1794 2577 2062 2630 quodcumque
2106 2577 2194 2615 boni
2224 2579 2348 2629 operis
2378 2580 2450 2616 ini-

1333 2636 1431 2672 tium
1460 2635 1621 2685 gratiam
1653 2646 1732 2669 esse
1763 2631 2009 2669 necessariam
2027 2660 2039 2678 ,
2069 2630 2168 2668 unde
2189 2631 2221 2668 8<
2246 2630 2340 2669 illud
2364 2645 2451 2684 pro-

1333 2698 1460 2725 manat
1479 2717 1489 2736 ,
1519 2686 1619 2738 quod
1652 2687 1689 2723 in
1719 2685 1873 2737 Synodo
1894 2682 2156 2734 Diospolitana
2176 2683 2373 2735 Pelagius,
2405 2700 2451 2724 ne

1331 2741 1604 2788 damnaretur,
1635 2738 1809 2777 confiteri
1839 2736 1992 2774 debuit:
2040 2736 2232 2776 Gratiam
2261 2737 2340 2778 Det
2368 2752 2450 2776 non

1330 2794 1549 2832 Secundum
1581 2796 1724 2830 merita
1755 2797 1892 2827 nostra
1922 2788 2034 2828 dari.
2269 2797 2273 2800 ”

1384 2861 1450 2901 99.
1481 2847 1554 2886 Sed
1585 2848 1691 2885 fuere
1710 2843 1867 2894 quidam
1884 2842 2104 2893 Scolastici,
2134 2847 2201 2899 qui
2232 2845 2448 2885 fatebantur

1328 2904 1486 2954 quidem
1515 2901 1677 2954 gratiam
1707 2896 1779 2934 Dei
1811 2898 1966 2948 proprie
2006 2900 2152 2938 meritis
2196 2914 2271 2939 non
2314 2900 2449 2950 reddi,

1326 2956 1602 2994 contendebant
1630 2960 1788 3006 tamen,
1810 2962 1913 3000 posse
1944 2964 2007 2990 nos
2036 2952 2169 2992 saltem
2191 2955 2236 2992 de
2256 2967 2448 3006 congruo,

1326 3009 1360 3046 &
1391 3024 1457 3062 per
1487 3008 1641 3046 modum
1672 3001 1838 3053 alicujus
1867 3003 2119 3057 dispositionis
2140 3038 2151 3055 ,
2183 3009 2261 3046 sive
2290 3010 2448 3060 propin-

1324 3076 1414 3115 quae
1436 3091 1447 3109 ,
1477 3062 1556 3098 sive
1587 3065 1741 3095 remotae
1774 3057 1947 3096 eamdem
1969 3059 2100 3113 aliqua
2118 3062 2257 3100 ratione
2278 3060 2415 3098 mereri
2434 3089 2446 3108 ,

1323 3117 1358 3153 &
1388 3117 1618 3166 impetrare.
1650 3110 1751 3147 Hinc
1780 3110 1931 3149 celebre
1963 3113 1996 3150 &
2029 3115 2316 3154 usitatissimum
2347 3112 2446 3151 illud

1324 3169 1561 3222 principium
1579 3196 1589 3213 ,
1621 3162 1801 3202 Facienti
1831 3166 1932 3214 quorl
1960 3171 2001 3206 in
2030 3182 2073 3207 se
2103 3177 2161 3207 est
2182 3198 2192 3215 ,
2221 3166 2333 3204 Deus
2362 3180 2448 3204 non

1325 3222 1498 3273 denegat
1526 3222 1708 3272 gratiam
1731 3247 1742 3264 ,
1773 3218 1819 3255 de
1850 3233 1892 3256 eo
1923 3221 2214 3273 intelligebant,
2258 3223 2326 3272 qui
2356 3221 2445 3258 solis

1326 3286 1470 3314 naturae
1499 3274 1648 3313 viribus
1679 3271 1774 3309 bene
1803 3285 2008 3325 operatur,
2047 3275 2081 3310 δε
2109 3275 2156 3312 ad
2185 3273 2346 3312 salutem
2376 3274 2446 3312 ob-

1328 3330 1522 3367 tinendam
1553 3334 1710 3366 conatur
1729 3354 1739 3370 ,
1770 3337 1953 3375 quatenus
1984 3331 2072 3381 ipsis
2101 3342 2308 3379 congruum
2340 3327 2445 3365 vide-

1326 3383 1467 3432 batur,
1506 3392 1546 3422 ut
1573 3384 1678 3424 Deus
1709 3377 1882 3431 aliquam
1911 3384 2067 3423 istorum
2097 3391 2299 3422 conatuum
2332 3382 2445 3420 ratio-

2302 3449 2390 3475 nem
