2570 3745
788 187 868 232 DE
903 187 1136 233 GRATIA

22 271 73 313 fle
100 272 224 325 inquit
251 270 347 311 ibid.
375 282 462 323 cap.
482 280 573 308 lh:
604 267 664 308 Fit
693 272 832 322 quippe
862 275 902 308 in
930 269 1035 308 nobis
1063 282 1130 320 per

23 325 130 365 hanc
155 329 334 378 gratiam
355 348 366 362 .
388 349 399 363 .
421 349 432 362 .
461 336 543 362 non
571 323 701 362 solum
729 336 842 376 posse
858 354 869 372 ‚
898 323 1000 374 quod
1027 323 1130 360 volu-

22 391 113 419 mus
140 381 218 430 (en
246 376 435 417 auxilium
463 381 551 415 stne
577 389 653 428 quo
673 377 691 426 )
708 408 720 426 ,
748 390 883 416 verum
911 382 1036 416 etiam
1056 377 1131 414 vel-

21 433 61 472 le
82 461 94 480 ,
120 429 222 484 quod
248 436 453 482 possumus
482 433 587 483 (per
615 431 806 469 auxilium
837 444 911 481 quo
933 432 948 479 )
974 446 990 476 ;
1032 428 1132 480 quod

21 482 204 535 nonfuit
233 488 274 522 in
302 482 460 523 homine
487 488 642 536 primo,
685 498 806 522 unum
849 489 959 522 enim
988 482 1131 521 bonum

19 541 64 576 in
91 537 156 575 illo
170 535 257 589 fuit
277 567 288 587 ‚
317 538 491 576 alterum
521 536 728 590 nonfuit.
756 538 919 585 Quando
947 538 1061 589 igitur
1089 535 1132 574 S.

20 588 131 629 Pater
146 589 264 641 dicit,
293 590 439 630 Sanctis
467 592 506 631 in
534 599 629 629 statu
658 601 803 631 naturae
833 591 950 643 lapsae
972 603 1044 628 non
1064 590 1132 627 da-

17 644 55 682 ri
81 643 271 683 auxilium
298 644 408 694 tale,
451 645 595 683 scilicet
624 649 709 683 sine
734 658 809 695 quo
827 673 838 692 ,
879 641 1037 694 intelligi
1067 643 1132 680 de-

20 696 85 736 bet
100 726 112 746 ,
141 704 180 734 ut
210 710 285 736 non
303 698 412 737 detur
431 698 710 737 tantummodo
726 698 799 736 tale
819 698 1010 735 auxilium
1029 727 1039 744 ,
1069 697 1131 733 sed

20 750 135 789 etiam
163 749 270 790 aliud
287 781 299 800 ,
328 766 465 805 nempe
494 751 628 790 efficax
645 779 656 791 .
687 752 733 790 Et
749 751 904 803 quidem
923 751 1133 789 Lovanien-

20 816 79 843 σε,
104 801 381 853 observarunt,
429 807 467 844 in
495 807 660 858 antiquis
689 804 916 842 editionibus
944 803 1134 847 inveniri;

20 868 105 895 non
118 865 278 895 tantum
296 859 379 896 tale
396 884 407 896 .
436 858 588 896 Deinde
616 858 654 895 id
684 859 797 895 etiam
828 857 1029 894 ostendunt
1049 868 1132 893 ver-

20 908 75 949 ba
100 912 321 962 seque-utin
354 914 405 951 ita
421 913 525 951 enim
542 912 808 962 prosequitur:
839 939 865 957 ,‚
895 923 966 946 non
983 909 1104 947 solum
1123 939 1135 958 ,

21 991 51 1013 „
78 971 119 1000 ut
147 963 227 1002 sine
254 965 326 1004 isto
352 965 451 1003 dono
477 973 758 1015 perseverantes
785 975 954 999 essenon
972 963 1134 1012 possint,

22 1045 53 1065 ‚.‚
80 1029 215 1055 verum
245 1019 386 1066 etiam,
429 1024 467 1054 ut
497 1029 565 1068 per
593 1015 664 1054 hoc
693 1016 836 1054 donum
866 1016 1019 1053 nonnisi
1049 1028 1134 1066 per-

24 1097 55 1118 „
83 1078 294 1110 severantes
321 1072 421 1108 sint.

35 1152 41 1155 .
84 1135 146 1175 ¹9·
173 1122 248 1161 Sed
276 1122 311 1159 8(
338 1121 434 1160 illud
464 1121 551 1161 addi
581 1130 697 1174 potest
726 1134 814 1160 cum
836 1120 967 1158 eodem
995 1119 1132 1158 S.Au-

22 1177 172 1226 gustino
199 1189 284 1228 cap.
310 1188 369 1214 11.
386 1205 397 1223 ,
427 1173 497 1214 hoc
526 1177 624 1214 iuter
653 1183 859 1226 utrumque
887 1182 1024 1212 statum
1052 1186 1133 1210 esse

24 1228 227 1267 discrimen
248 1258 259 1277 ,
294 1229 398 1281 quod
435 1230 468 1250 “
493 1230 528 1267 si
556 1227 626 1267 hoc
656 1228 891 1280 adjutorium
919 1229 1001 1266 sine
1030 1239 1107 1278 quo
1124 1255 1135 1274 ,

24 1308 53 1330 „
81 1281 142 1319 vel
169 1281 320 1334 Angelo
338 1311 350 1330 ,
385 1280 449 1321 vel
478 1280 627 1320 homini
650 1311 661 1330 ,
690 1295 812 1334 quum
842 1282 1013 1334 primum
1044 1281 1136 1318 facti

22 1361 52 1383 „
79 1342 167 1373 sunt
185 1365 197 1384 ,
226 1336 462 1374 defuisset...
491 1349 567 1373 non
598 1336 729 1387 utique
757 1349 824 1373 sua
842 1333 959 1386 culpa
977 1333 1136 1372 cecidis-

23 1415 53 1435 „
80 1396 188 1434 sent3
215 1389 449 1440 adjutorium
462 1390 610 1441 quippe
629 1389 834 1436 defuisset,
854 1389 937 1425 siue
957 1400 1033 1438 quo
1053 1400 1135 1423 ma-

25 1467 54 1489 „
80 1452 172 1478 nere
199 1455 276 1479 non
304 1451 452 1493 possent
467 1467 479 1479 .
510 1441 618 1480 Nunc
640 1451 764 1479 autern
785 1441 924 1492 quibus
944 1441 1043 1478 deest
1062 1440 1135 1477 tale

24 1521 53 1542 ῃ
81 1491 342 1544 adjutorium,
372 1493 452 1546 jam
483 1509 597 1546 poena
627 1496 770 1546 peccati
803 1503 878 1539 θεὶς
908 1494 1048 1546 quibus
1068 1507 1135 1530 au·

26 1575 56 1595 5,
85 1554 160 1584 tem
189 1547 326 1596 datur,
366 1548 573 1586 secundum
603 1557 761 1598 gratiam
791 1548 928 1595 datur,
971 1559 1043 1584 non
1081 1561 1137 1583 se-

25 1627 56 1647 „
83 1599 253 1638 cundum
274 1600 445 1639 debitum
468 1631 494 1650 „
509 1627 522 1639 .
551 1600 661 1638 Unde
677 1601 838 1652 quidam
855 1598 1038 1648 Theologi
1057 1613 1136 1637 ma-

50 1665 96 1690 na
123 1653 455 1692 verisimilitudine
472 1683 482 1701 ‚
512 1654 676 1691 inserunt
694 1682 705 1700 ,
749 1651 943 1704 plerisque
972 1651 1137 1690 infideli·

21 1665 126 1754 gns,
168 1704 206 1741 ἃ
236 1706 501 1758 peccatoribus
530 1714 802 1745 consummate
843 1704 1004 1743 malitiae
1042 1704 1140 1743 illud

25 1756 67 1796 in
93 1771 252 1811 penam
279 1759 459 1812 denegari
480 1785 493 1798 .
914 1792 918 1794 -

80 1823 146 1849 20.
174 1812 238 1850 lst.
267 1811 306 1857 4.
335 1813 376 1851 S.
396 1813 538 1852 Doctor
566 1815 605 1852 in
634 1813 724 1852 Lib.
754 1811 802 1851 de
827 1815 967 1864 gratia
998 1809 1140 1850 Christi

26 1870 124 1903 totus
149 1873 225 1914 est,
253 1873 293 1903 ut
321 1866 510 1918 adjutorio
528 1866 794 1918 possibilitatis
813 1866 990 1919 exploso,
1019 1865 1138 1904 solam

26 1917 192 1955 adstruat
219 1919 381 1970 gratiam
411 1923 582 1958 actionis
599 1950 611 1969 ,
641 1920 674 1957 8(
705 1921 916 1959 voluntatis
933 1949 944 1968 ,
973 1933 1138 1971 seugra-

26 1970 120 2008 tiam
150 1970 367 2010 efficacem:
397 1986 484 2025 ergo
514 1973 587 2012 &c-

79 2036 144 2062 21.
174 2023 220 2063 R.
241 2054 254 2074 ‚
295 2025 338 2064 Id
367 2040 445 2065 esse
474 2025 641 2074 salsum3
686 2028 917 2080 Augustinus
946 2027 1137 2080 siquidem

24 2088 178 2116 omnem
204 2091 362 2131 operam
390 2080 519 2129 dedit,
563 2090 604 2118 ut
632 2080 828 2133 Pelagium
866 2081 913 2119 ad
954 2080 1137 2119 confiten-

27 2129 116 2169 dam
134 2133 295 2183 gratiam
316 2136 483 2172 actionis
498 2162 509 2180 ,
538 2133 574 2170 8(
593 2135 801 2173 voluntatis
815 2135 982 2187 adigeret
1000 2164 1011 2182 ,
1041 2147 1137 2171 nun-

25 2196 144 2273 quam
172 2193 298 2225 tamen
325 2185 558 2237 adjutorium
580 2188 842 2240 possibilitatis
862 2189 1038 2239 negavit3
1067 2201 1137 2225 un-

53 2249 175 2289 ecap.
200 2238 260 2283 14.
289 2237 344 2276 Εε
372 2243 473 2289 isto,
503 2241 657 2294 inquit,
686 2241 851 2280 docendi
880 2241 1137 2280 modoetiam

27 2291 116 2338 ipsa
142 2289 347 2340 voluntas,
384 2293 434 2333 (θ’
463 2297 550 2344 ipsa
578 2299 781 2345 operatio,
811 2308 891 2333 non
920 2295 1046 2332 solum
1076 2308 1137 2332 ro-

29 2341 137 2380 lenda·
153 2372 165 2392 ,
193 2343 243 2384 (9¹
270 2345 463 2395 operandi
491 2348 687 2386 naturalis
715 2347 949 2399 possibilitas
968 2347 1136 2400 adjuva-

27 2403 120 2434 tur.
161 2395 210 2434 Et
237 2407 387 2449 postea:
430 2427 457 2447 ,‚
486 2399 646 2448 Omnis,
690 2402 757 2451 qui
786 2401 920 2439 didicit
949 2415 970 2439 a
997 2400 1137 2450 Patre,

29 2477 58 2497 „
85 2460 160 2487 non
186 2449 310 2489 sotum
339 2459 457 2502 potest
485 2453 642 2500 venire,
686 2453 750 2490 sed
778 2455 908 2502 veuit,
951 2453 1018 2492 ubi
1056 2453 1137 2505 jam

29 2530 58 2551 „
86 2500 121 2538 8(
149 2502 407 2555 possibilitatis
437 2505 648 2556 profectus,
678 2505 712 2542 &
741 2505 942 2545 voluntatis
961 2505 1136 2558 affectus‘

29 2582 57 2604 ,‚
86 2553 121 2590 &
149 2557 305 2593 actionis
332 2555 485 2594 effectus
506 2565 557 2595 est
577 2561 632 2596 “.
661 2558 709 2596 Et
737 2572 821 2610 cap.
839 2560 904 2597 25.
935 2558 1061 2607 „Non
1081 2572 1137 2598 so-

27 2635 58 2656 „
84 2606 168 2649 lum
196 2607 303 2647 Deus
329 2609 438 2648 nobis
467 2623 573 2662 posse
601 2611 784 2660 donavit,
814 2610 1046 2663 &adjuvat,
1074 2613 1136 2652 sed

30 2688 58 2709 „
84 2660 120 2698 8(
149 2659 276 2711 velle,
305 2661 339 2700 8(
367 2665 517 2716 operari
546 2674 725 2717 operatur
754 2667 793 2703 in
822 2665 931 2704 nobis
951 2669 977 2687 “
999 2691 1010 2704 .

85 2726 148 2753 22.
180 2715 268 2754 Inst.
290 2715 328 2754 5.
355 2716 487 2756 Sanct.
517 2716 599 2755 Pat.
629 2718 861 2770 Augustinus
889 2717 1065 2771 pluribus
1094 2721 1134 2759 in

29 2764 123 2806 locis
151 2765 259 2808 illam
286 2771 447 2822 gratiam
468 2771 740 2810 admittendam
772 2786 846 2809 esse
861 2774 989 2820 docet,
1018 2787 1135 2824 quam

30 2819 203 2860 Ecclesia
230 2823 272 2861 in
299 2825 376 2862 suis
405 2825 582 2877 precibus
611 2840 632 2863 a
662 2825 744 2864 Deo
774 2824 962 2877 postulare
982 2837 1135 2863 consue-

31 2873 114 2918 vit3
142 2875 239 2914 unde
265 2878 381 2916 etiarn
410 2888 540 2918 auctor
567 2878 832 2931 Capitulorum
862 2879 909 2917 ad
930 2878 1137 2929 Episcopos

31 2925 198 2976 Galliae,
241 2943 329 2982 quae
358 2931 504 2971 adnexa
531 2942 615 2971 sunt
645 2934 755 2984 epist.
784 2931 912 2969 Sanct.
942 2930 1139 2969 Coelestini

30 2991 118 3032 cap.
147 2980 187 3019 8.
216 2980 393 3035 Legem,
437 2987 588 3039 inquit,
635 2984 821 3024 credenda·
849 2988 983 3022 statuit
1012 2984 1079 3021 Iex
1099 2996 1140 3021 o-

30 3033 151 3072 randi
170 3050 186 3080 ;
232 3038 337 3088 atqui
367 3037 539 3078 Ecclesia
574 3040 803 3092 quotidianis
845 3040 920 3077 suis
962 3037 1139 3089 precibus

30 3088 193 3138 gratiam
213 3089 447 3129 inefficacem
463 3121 475 3140 ,
503 3103 566 3130 aut
581 3092 831 3132 sufficientem
853 3104 1052 3144 nunquam
1075 3103 1139 3142 po·

33 3140 169 3191 siuki,
198 3144 261 3182 sed
289 3146 451 3196 gratiam
482 3150 685 3195 actionis‚·
707 3147 741 3183 8(
771 3145 996 3191 efficacem3
1039 3144 1138 3182 Hinc

34 3189 160 3234 Sanct-
188 3197 418 3250 Augustinus
446 3197 495 3236 ‹le
524 3198 714 3238 Proedest.
736 3199 974 3248 Sanctorum
997 3211 1082 3249 cap.
1101 3209 1138 3236 2.

39 3244 144 3293 Quid
169 3263 261 3304 ergo
288 3265 451 3291 oramus
468 3283 478 3301 ‚
522 3254 645 3305 inquit
663 3282 673 3301 ‚
709 3266 778 3304 pro
806 3250 1023 3290 nolentibus
1053 3261 1139 3288 cre-

33 3297 156 3349 dere,
182 3308 258 3343 nisi
284 3315 324 3344 ut
352 3305 463 3345 Deus
492 3309 533 3343 in
562 3307 638 3344 illis
665 3309 845 3357 operett'ff
873 3307 921 3347 <9-
951 3303 1085 3342 velle?

92 3353 155 3392 23.
186 3353 323 3447 Resg„
351 3358 566 3399 Ecclesiam
595 3374 617 3397 a
646 3358 730 3398 Deo
758 3369 882 3413 petere
911 3359 1070 3410 gratiam
1093 3369 1138 3394 a·

34 3409 176 3447 ctionis
196 3439 208 3458 ,
312 3412 533 3462 efficacem,
575 3422 658 3452 tum
687 3414 780 3467 quia
820 3413 904 3452 haec
935 3410 1138 3466 perfectior

1171 185 1524 232 INEFFICACI
1541 217 1552 229 .
2198 206 2252 249 79

1199 276 1278 316 est,
1307 267 1341 303 8(
1373 269 1492 319 magis
1520 265 1759 311 necessaria3
1787 271 1867 305 tum
1889 269 1979 320 quia
1995 268 2080 309 ltaec
2099 271 2212 309 etiam
2234 271 2313 308 suf-

1198 323 1396 361 ficientem
1427 320 1610 358 includit:
1652 330 1884 372 quapropter
1913 323 2004 359 dum
2038 323 2199 374 postulat
2229 324 2311 361 effi-

1198 389 1329 414 cacem
1347 404 1358 422 ‚
1389 373 1577 426 implicite
1607 374 1721 410 etiam
1750 372 1998 411 sufficientem
2022 378 2139 425 petit.
2172 378 2313 416 Exem-

1199 428 1309 482 plum
1340 436 1392 465 ες(
1421 428 1461 465 111
1492 426 1560 464 illo
1587 439 1722 473 coec0‚
1759 427 1827 478 qui
1855 425 2052 463 Christum
2081 431 2133 467 ita
2162 444 2313 482 rogans5

1199 479 1504 531 Domine,fac
1534 488 1574 516 ut
1603 479 1762 517 rideam
1791 480 1909 517 Lucae
1941 478 2086 517 XVlll.
2122 483 2197 530 14„
2241 498 2315 524 non

1200 536 1323 573 solum
1352 543 1480 573 actum
1499 563 1510 582 ‚
1539 534 1606 572 sed
1634 534 1749 571 etiam
1779 534 1989 584 potentiam
2011 533 2165 572 videndi
2187 540 2314 586 petiit,

1200 590 1234 626 8(
1262 589 1426 627 obtinuit
1444 614 1454 626 .

1258 643 1322 687 24.
1350 641 1461 711 Obij.
1487 655 1521 681 2·
1553 640 1681 679 Sanct.
1712 640 1880 679 Thomas
1909 641 1940 678 Ι.
1960 639 2061 679 Part.
2090 650 2228 693 quaest.
2255 655 2316 694 ¹9·

1201 697 1309 735 artic.
1323 695 1365 734 6.
1395 694 1570 733 ,Necesse
1590 704 1648 733 est
1665 725 1676 743 ,
1693 695 1842 746 inquit,
1863 694 2106 732 voluntatem
2121 694 2201 734 Det
2213 708 2320 733 sem·

1201 762 1271 800 per
1289 749 1472 798 impleri5
1501 750 1604 802 atqui
1635 749 1757 800 gratia
1786 761 2046 800 quaecumque
2076 757 2128 786 est
2157 748 2318 786 actualis

1204 804 1319 840 motio
1349 801 1549 840 voluntatis
1578 802 1760 840 humanae
1803 817 1826 840 a
1855 801 1929 839 Dei
1959 801 2150 839 voluntate
2185 814 2317 854 proce·

1203 856 1323 894 dens:
1352 869 1443 907 ergo
1472 857 1565 900 Bne-3
1596 856 1765 908 adeoque
1793 854 1867 894 ἃς.

1261 910 1325 947 25.
1357 908 1468 960 Resp.
1498 909 1667 960 Disting.
1696 907 1792 960 maj.
1820 921 1973 947 omnem
1994 908 2226 948 voluntatem
2243 908 2318 947 Dei

1206 972 1538 1014 consequentem,
1559 963 1608 1003 (9-
1629 960 1855 1000 absolutam
1871 992 1883 1009 ‚
1913 975 2049 1008 mne-3
2077 962 2320 1001 anteceden-

1204 1025 1284 1053 tem
1304 1047 1314 1064 ‚
1342 1018 1392 1056 Θ
1411 1015 1730 1053 conditionatum
1750 1047 1760 1064 ‚
1778 1015 1925 1053 subdist
1943 1030 1954 1061 ;
1982 1025 2169 1068 quantum
2190 1017 2236 1055 ad
2261 1016 2319 1054 ul-

1203 1070 1341 1105 timum
1365 1099 1374 1115 ‚
1404 1082 1524 1120 negO.
1555 1068 1740 1107 Voluntas
1769 1069 1843 1106 Dei
1873 1068 1949 1106 alia
1976 1082 2206 1121 consequens
2238 1079 2320 1117 est,

1204 1119 1238 1156 8(
1267 1120 1459 1168 absoluta,
1488 1135 1576 1172 quae
1607 1136 1756 1174 semper
1778 1121 1987 1173 impletur,
2016 1121 2111 1160 &de
2129 1137 2206 1175 qua
2226 1124 2319 1161 scri·

1204 1182 1312 1226 ptum
1344 1183 1394 1211 est
1426 1173 1535 1211 Rom.
1568 1175 1637 1212 lX.
1673 1188 1756 1227 ¹9⁰²
1796 1173 2000 1213 Voluntati
2029 1176 2114 1228 ejus
2141 1180 2227 1227 qut's
2256 1189 2318 1214 re-

1204 1226 1344 1265 sistit?
1391 1226 1478 1265 Alia
1507 1228 1754 1275 antecedens,
1784 1228 1992 1265 secundum
2021 1242 2139 1279 quam
2168 1229 2319 1268 dicebat

1204 1280 1375 1318 Christus
1406 1278 1516 1318 Maec.
1548 1279 1677 1317 XXII.
1720 1279 1943 1317 Jerusalem
1967 1309 1978 1327 ‚
2006 1280 2232 1319 Jerusalem
2260 1306 2318 1320 ...-

1205 1337 1353 1385 quoties
1380 1333 1480 1371 volui
1508 1345 1756 1385 congregare
1771 1332 1886 1385 filios
1915 1340 2029 1380 tuos,
2059 1333 2317 1382 quemadmo-

1205 1387 1299 1424 dum
1326 1387 1484 1440 gallina
1512 1395 1731 1439 congregat
1760 1386 1883 1437 pullos
1911 1398 2001 1423 suos
2029 1384 2098 1423 sub
2118 1387 2237 1435 alas,
2267 1387 2316 1428 (9⁴

1206 1439 1402 1478 noluisti?
1431 1439 1465 1475 &
1494 1439 1580 1479 haec
1593 1440 1710 1478 etiam
1726 1452 1793 1478 suo
1809 1439 1920 1478 modo
1939 1438 2075 1478 efficax
2089 1449 2143 1478 est
2158 1471 2170 1489 ,
2228 1454 2318 1479 uan-

1203 1503 1284 1531 tum
1314 1494 1361 1531 ad
1387 1493 1566 1531 effectum
1596 1505 1708 1531 suum
1730 1492 1995 1531 immediatum
2014 1519 2025 1530 .
2055 1493 2184 1542 Quam
2240 1507 2320 1532 rem

1205 1548 1321 1585 etiam
1352 1547 1473 1598 gratia
1493 1545 1686 1584 sufficiens
1714 1559 1822 1583 suam
1843 1544 1959 1583 habet
1988 1545 2200 1584 efficaciam
2218 1549 2257 1586 in
2277 1560 2322 1585 eo

1205 1602 1314 1638 sitam
1334 1629 1345 1648 ,
1388 1599 1491 1652 quod
1520 1598 1756 1638 intellectum
1785 1598 1918 1651 aliqua
1959 1600 2100 1637 ratione
2129 1599 2319 1648 illustret,

1208 1652 1241 1688 8(
1270 1652 1504 1692 voluntatem
1533 1653 1582 1690 ad
1610 1651 1757 1691 honum
1786 1652 2132 1703 concupiscendum
2161 1654 2320 1703 excitet,

1207 1720 1430 1758 quanquam
1472 1705 1654 1744 ultimum
1697 1704 1732 1741 8(
1774 1714 2078 1744 consummatum
2116 1704 2319 1755 effectum,

1207 1759 1354 1798 scilicet
1383 1760 1492 1811 pium
1523 1757 1558 1795 8(
1587 1758 1750 1797 salutare
1778 1770 1894 1810 opus,
1924 1757 1970 1795 ad
1983 1758 2086 1810 quod
2103 1766 2238 1797 natura
2252 1773 2319 1797 sua

1206 1813 1433 1862 ordinatur,
1462 1812 1613 1850 defectu
1642 1810 1848 1850 voluntatis
1875 1809 2059 1849 humanae
2087 1824 2163 1850 non
2192 1825 2321 1851 conse—

1207 1867 1366 1919 quitur,
1396 1867 1435 1904 in
1463 1879 1542 1918 quo
1570 1864 1653 1917 ejus
1681 1863 1896 1903 inefficacia
1925 1865 2116 1903 consistit.

1264 1919 1328 1958 26.
1358 1917 1467 1971 Ohij.
1484 1919 1552 1956 ult.
1582 1919 1718 1956 Gratia
1740 1917 1824 1957 haec
1845 1917 2023 1956 inefficax
2040 1947 2052 1966 ,
2081 1917 2115 1954 8(
2130 1918 2319 1959 sufficiens

1209 1981 1259 2010 est
1288 1972 1593 2026 planeinutilis:
1621 1980 1661 2010 ut
1687 1972 1796 2010 enim
1824 1970 2114 2023 &Augustinus
2143 1971 2206 2010 De
2224 1986 2320 2026 gra-

1206 2030 1288 2074 tia,
1316 2026 1368 2066 <90
1397 2024 1514 2064 libero
1541 2023 1659 2063 arbit.
1688 2039 1774 2077 cap.
1809 2025 1870 2063 15.
1898 2025 2047 2076 inquit:
2093 2024 2197 2075 Quid
2231 2039 2318 2074 pro·

1207 2079 1292 2117 dest
1309 2109 1319 2127 ,
1363 2082 1396 2116 si
1425 2078 1526 2128 quod
1553 2090 1635 2116 non
1662 2090 1897 2127 possumus,
1939 2077 2141 2125 volumus,
2184 2088 2255 2115 auc
2283 2082 2317 2116 sz'

1207 2132 1307 2183 quod
1334 2145 1566 2182 possumus,
1595 2128 1813 2169 nolumus?
1841 2129 1914 2168 Sed
1936 2139 2118 2180 praeterea
2135 2139 2185 2169 est
2200 2133 2317 2169 etiam

1206 2187 1342 2224 noxia:
1386 2200 1429 2224 ea
1458 2187 1563 2223 enim
1593 2196 1704 2222 nemo
1734 2182 1852 2232 justus
1882 2181 2072 2231 efficitur,
2101 2183 2164 2221 sed
2194 2187 2318 2236 potius

1206 2249 1407 2293 peccator.
1436 2238 1536 2277 Nam
1564 2239 1596 2276 si
1623 2252 1667 2275 ea
1695 2236 1900 2284 deficeret,
1928 2236 2140 2274 observatio
2159 2238 2318 2275 manda-

1207 2303 1331 2331 torum
1361 2295 1401 2331 in
1425 2292 1533 2330 nobis
1563 2288 1811 2343 impossibilis
1832 2290 1954 2334 foret;
1982 2289 2151 2341 adeoque
2166 2301 2320 2328 eorum-

1206 2347 1293 2384 dem
1337 2345 1491 2384 violatio
1537 2345 1584 2382 ad
1627 2343 1784 2396 culpam
1827 2343 1989 2380 minime
2033 2343 2284 2394 imputaretur
2307 2369 2318 2381 .

1206 2399 1469 2447 Quamobrem
1501 2411 1574 2436 non
1603 2397 1704 2436 male
1733 2396 1882 2434 videtur
1910 2393 1976 2433 ille
1995 2408 2142 2444 orasse,
2171 2396 2238 2448 qui
2259 2397 2320 2435 di·

1208 2454 1341 2491 cebat:
1386 2453 1421 2490 A
1447 2455 1584 2504 gratia
1613 2449 1834 2499 sufficiente
1861 2447 1984 2487 llbera
2014 2462 2113 2498 nos,
2142 2448 2319 2488 Domine

1208 2511 1223 2558 (
1241 2507 1321 2545 Hoc
1350 2515 1614 2557 argumentum
1645 2505 1726 2541 fuse
1746 2511 1878 2541 tractat
1893 2502 2094 2540 Jansenius
2113 2502 2232 2541 Libro
2250 2503 2315 2540 lll.

1206 2559 1254 2598 de
1281 2563 1420 2612 gratia
1450 2557 1600 2597 Salvat.
1630 2570 1715 2608 cap.
1733 2570 1770 2595 2.
1800 2555 1834 2592 8(
1863 2570 1968 2608 sequ.
1990 2556 2004 2604 )
2024 2581 2033 2593 .

1261 2627 1325 2664 27.
1357 2612 1471 2664 Resp.
1514 2612 1611 2651 Dist.
1641 2619 1694 2649 est
1722 2608 1868 2648 inutilis
1909 2622 1955 2646 ex
1982 2608 2129 2645 defectu
2158 2614 2315 2655 nostro,

1205 2679 1318 2704 conc.
1340 2697 1352 2715 ,
1379 2666 1530 2704 defectu
1559 2678 1653 2714 suo,
1683 2676 1784 2716 nego
1805 2687 1815 2700 .
1855 2661 1986 2700 Facile
2013 2668 2064 2697 est
2090 2661 2283 2697 ostendere
2303 2688 2317 2708 ,

1206 2719 1383 2758 inutilem
1413 2732 1485 2758 non
1515 2733 1592 2757 esse
1611 2718 1768 2770 gratiam
1787 2713 2045 2760 inefficacem,
2075 2711 2317 2751 &sufficien-

1206 2782 1316 2822 tem,
1345 2773 1465 2812 multo
1496 2787 1541 2811 ue
1571 2773 1697 2809 minus
1725 2768 1904 2814 noxiam,
1934 2765 1968 2801 8(
1997 2765 2152 2818 quidem
2183 2764 2316 2805 multis

1204 2827 1251 2865 de
1280 2829 1402 2865 causis
1423 2853 1434 2865 .
1467 2788 1650 2864 tl'rimum
1681 2823 1784 2858 enim
1815 2818 1961 2857 homini
1992 2820 2195 2869 potentiam
2227 2832 2317 2859 con-

1206 2880 1277 2917 fert
1305 2881 1352 2918 ad
1380 2880 1525 2918 bonum
1555 2876 1697 2914 ordinis
1726 2871 2023 2923 supernaturalis
2043 2870 2316 2911 efficiendum:

1206 2933 1530 2983 quemadmodum
1560 2940 1648 2978 ergo
1690 2927 1729 2964 in
1760 2927 1892 2963 ceteris
1921 2925 2034 2963 rebus
2062 2924 2318 2977 quibuscum-

1207 2998 1283 3035 que
1310 2987 1474 3037 potentia
1503 2980 1635 3034 agendi
1668 2980 1780 3016 etiam
1810 2986 1895 3016 actu
1924 2979 2057 3017 orbata
2077 2992 2147 3017 nec
2164 2980 2314 3020 inutilis

1209 3046 1288 3086 est,
1317 3052 1384 3077 nec
1413 3038 1550 3081 noxia,
1580 3035 1631 3070 ita
1659 3033 1772 3070 etiam
1802 3033 1841 3070 in
1871 3041 1997 3070 nostro
2024 3046 2141 3070 casu.
2171 3032 2314 3072 Secun-

1208 3090 1256 3127 do
1284 3100 1335 3129 est
1363 3093 1452 3129 item
1481 3085 1694 3138 dispositio,
1728 3098 1816 3138 quae
1844 3086 2044 3124 accedente
2073 3086 2204 3138 aliquo
2233 3101 2315 3125 ma-

1209 3142 1289 3194 jore
1315 3146 1447 3196 gratiae
1477 3148 1677 3192 augmento
1697 3152 1807 3177 suum
1829 3137 2006 3177 effectum
2030 3142 2152 3192 reipsa
2173 3139 2314 3186 liabet5

1208 3210 1297 3234 nam
1326 3196 1502 3248 quamvis
1529 3193 1648 3245 gratia
1670 3191 1736 3230 illa
1757 3192 1945 3231 inefficaci
1963 3223 1974 3241 ‚
2006 3203 2116 3245 prout
2136 3193 2220 3231 talis
2240 3201 2313 3243 est,

1207 3262 1317 3287 nemo
1347 3260 1517 3300 unquam
1554 3246 1696 3284 bonum
1725 3255 1901 3297 operatus
1932 3247 2073 3294 fuerit,
2115 3248 2146 3284 si
2187 3255 2313 3285 tamen

1209 3304 1241 3340 ei
1272 3300 1411 3354 aliquis
1432 3297 1554 3352 major
1582 3298 1811 3351 adjungatur
1831 3300 2008 3338 motionis
2028 3299 2167 3350 gradus
2183 3329 2194 3348 ,
2224 3313 2312 3338 con·

1206 3357 1321 3393 traria
1350 3351 1556 3393 resistentia
1584 3362 1759 3405 superata
1781 3383 1792 3401 ‚
1836 3353 1972 3405 plenus
2001 3347 2154 3391 effectus
2183 3365 2311 3390 conse-

1205 3410 1334 3461 quitur
1355 3434 1366 3448 .
1415 3407 1525 3448 Unde
1552 3405 1593 3469 S.
1623 3407 1854 3459 Augustinus
1887 3406 1936 3444 de
1963 3409 2099 3458 gratia
2121 3434 2132 3453 ,
2169 3401 2312 3493 ἷόῖῐό.
