2570 3745
675 154 756 200 DE
792 155 1021 199 GRATIA
1059 153 1104 199 P.
1138 156 1172 199 l.
1219 155 1483 199 DISSER'P.
1517 157 1551 197 Ι.
1597 157 1729 200 CAP.
1762 158 1858 201 VII.
2288 172 2335 212 15

103 239 361 294 uispwdittir,
397 234 461 275 sad
490 242 654 283 nutum,
697 234 734 271 8(
761 248 981 274 consensum
1011 234 1213 275 voluntatis

103 297 221 336 facit.
247 291 298 331 Et
324 289 370 327 de
398 288 456 327 liis
484 287 664 327 hactenus
681 318 692 337 ,
718 301 886 340 quorum
915 292 1057 328 veritas
1074 291 1213 340 majori

103 351 147 389 in
173 345 260 385 luce
285 342 564 392 collocabitur,
601 342 668 381 ubi
696 342 742 381 de
770 341 944 382 efficacia
971 344 1104 395 gratiae
1134 356 1209 382 ser-

102 411 168 442 mo
195 397 264 441 erit
283 422 296 437 .

510 501 683 543 CAPUT
713 501 796 541 Vn.

332 606 400 652 De
427 605 590 650 Hoeresi.
618 610 969 662 Semipelrtgitina·

154 720 219 773 75.
234 692 445 762 prostrata
474 718 571 757 acies
602 717 759 755 inimica
787 718 918 767 gratiae
937 746 947 765 ,
989 716 1038 758 (ἲ)
1067 715 1207 754 bellum

97 774 326 827 conjectum
356 781 498 811 contra.
517 770 759 821 Pelagianos
790 770 862 820 (S.
885 770 1040 822 Prosper
1066 779 1206 808 contra

104 826 348 867 collatorem
376 838 462 877 cap.
483 823 522 863 6.
539 824 578 873 );
606 836 696 860 cum
724 821 803 860 alia
831 833 957 860 exorta
988 833 1038 861 est
1057 822 1208 862 liaeresis

95 893 142 918 eo
172 879 440 932 perniciosior,
468 870 546 929 q'uo
573 874 657 925 ejus
685 887 877 912 venenum
908 879 1026 927 magis
1055 876 1171 916 latens
1194 907 1204 925 ,

82 930 250 973 'facilius
277 935 319 972 iu
344 929 516 970 hominos
545 930 712 966 incautos
732 925 1037 965 diffundebatur:
1067 944 1206 982 nennpe

93 988 200 1026 circa
227 1000 319 1025 ann.
349 985 441 1034 4¹7·
467 980 626 1033 quidam
656 989 860 1032 eruperunt
889 979 1072 1027 subtiles,
1103 982 1137 1017 ἃ
1164 999 1204 1021 a-

95 1041 175 1079 cuti
205 1039 400 1084 homines,
426 1036 492 1086 qui
522 1033 717 1071 damnatos
744 1033 902 1085 quidem
933 1031 1075 1084 Pelagii
1105 1047 1207 1071 erro-

95 1105 183 1140 res,
214 1100 254 1130 ut
279 1089 451 1129 omnium
466 1086 772 1125 Christianarum
803 1086 978 1125 virtutem
999 1095 1121 1138 pestes
1140 1086 1206 1124 da-

93 1152 230 1186 mnare
255 1156 322 1191 se,
347 1140 382 1179 8(
409 1141 580 1179 execrari
595 1139 895 1192 profitebantur5
927 1139 1136 1191 Augustino
1152 1149 1205 1178 ta-

93 1212 204 1246 men,
232 1209 309 1249 quo
337 1203 534 1247 tamquam
563 1193 660 1232 duce
689 1191 862 1232 Ecclesia
891 1191 1088 1245 Pelagium
1118 1193 1205 1232 seli-

93 1252 187 1291 oiter
212 1247 497 1296 debellaverat,
525 1247 683 1285 omnino
711 1245 950 1285 subscribere
971 1256 1203 1296 recusantes,

90 1303 260 1343 mediam
287 1301 496 1355 quamdam
526 1301 620 1339 inter
641 1297 783 1352 Pelagii
802 1329 812 1348 ,
843 1297 876 1334 8(
895 1300 1094 1352 Augustini
1115 1301 1202 1353 dog-

90 1365 194 1396 mata
219 1357 396 1395 semitam
423 1354 498 1392 sibi
540 1353 689 1405 aperire
724 1353 947 1402 tentabant,
984 1355 1091 1405 quasi
1128 1354 1201 1392 ali-

89 1410 220 1462 quod,
256 1410 288 1447 si
315 1409 464 1460 superis
489 1405 640 1459 placet,
683 1407 881 1444 veritatem
911 1408 1008 1445 inter
1037 1408 1070 1444 8(
1101 1421 1202 1445 erro-

90 1476 172 1501 rem
202 1462 372 1500 medium
400 1475 478 1499 esse
507 1461 648 1512 possit.
678 1457 827 1507 Primi,
856 1459 998 1511 quibus
1029 1462 1068 1498 in
1099 1473 1203 1498 inen-

89 1525 168 1555 tem
198 1516 238 1554 id
264 1515 366 1554 veuit
386 1544 398 1562 ‚
441 1515 546 1553 fuere
580 1512 739 1565 quidam
772 1512 986 1564 Presbyteri
1016 1513 1202 1551 Massiliae

88 1569 332 1620 congregati,
368 1567 437 1618 qui
479 1575 677 1617 propterea
707 1564 989 1603 Massilienses
1030 1566 1202 1616 primum

90 1622 182 1660 dicti
210 1629 321 1667 sunt;
363 1619 428 1656 sed
464 1625 663 1670 postquam
693 1629 733 1655 re
761 1616 980 1669 diligentius
1008 1617 1201 1668 discussa,

89 1674 238 1727 liquido
265 1671 469 1726 apparuit,
498 1682 558 1710 eos
583 1668 716 1708 saltem
747 1683 790 1708 ex
820 1678 927 1722 parte
943 1668 1095 1721 Pelagio
1115 1685 1202 1710 cou-

90 1729 255 1776 sentire,
290 1726 382 1766 dicti
407 1733 496 1764 sunt
524 1722 918 1776 Semi-Pelagium.
960 1723 1001 1762 S.
1033 1724 1202 1764 Thomas

90 1779 243 1829 eosdem
268 1778 488 1831 Pelagianos
515 1776 726 1830 appellavit
755 1779 822 1828 (2.
841 1791 876 1816 2.
893 1786 1029 1830 quaest.
1047 1776 1114 1816 V1.
1131 1789 1202 1818 art.

91 1834 156 1882 l.)
185 1834 275 1886 quia
303 1844 406 1870 error
433 1830 566 1869 saltem
595 1832 632 1869 in
660 1833 786 1882 specie
815 1831 917 1869 idem
948 1841 1053 1869 erat.

147 1885 210 1937 76.
239 1884 491 1925 Dissentiendi
520 1892 647 1922 autem
678 1885 726 1922 ab
757 1883 970 1936 Augustino
1000 1884 1106 1923 nulla
1126 1885 1203 1925 alia

89 1939 184 1992 ipsis
209 1951 323 1978 causa
351 1938 467 1976 fuisse
496 1937 695 1976 videbatur
723 1952 842 1991 quam
871 1939 1060 1990 gratuita,
1091 1938 1124 1975 &
1144 1955 1202 1979 se-

89 1992 262 2031 cundum
291 1992 523 2044 propositum
539 1989 817 2030 Praedestiuatio
844 1992 923 2030 sive
951 1991 997 2030 ad
1016 1994 1203 2045 gratiam,

91 2045 173 2084 sive
201 2045 249 2083 ad
276 2044 460 2097 gloriam,
490 2058 607 2097 quam
636 2045 678 2083 S.
709 2044 848 2084 Doctor
876 2055 1005 2084 contra
1035 2045 1205 2099 Pelagia-

89 2111 156 2137 nos
185 2098 382 2138 fortissime
410 2097 444 2135 8(
474 2099 616 2137 invicte
642 2099 1063 2151 semper'desenderat3
1094 2115 1136 2140 ea
1166 2116 1205 2139 e-

89 2152 174 2191 nim
194 2153 380 2192 removeri
396 2151 650 2201 iudustriam,
677 2150 760 2190 tolli
790 2153 946 2191 virtutes
962 2183 973 2202 ,
1003 2151 1119 2206 lapsis
1138 2167 1205 2193 cu-

91 2217 177 2243 ram
207 2204 423 2258 resurgendi
451 2205 598 2254 animi,
626 2206 766 2244 sanctis
794 2208 1030 2245 occasionem
1059 2216 1205 2260 tempo-

94 2259 146 2299 ri:
174 2255 301 2297 afferri
322 2287 334 2306 ,
363 2271 438 2298 uno
464 2258 582 2298 verbo
611 2258 765 2297 fatalem
796 2259 926 2298 induci
948 2263 1208 2299 necessitatem

95 2311 424 2362 conquerebantur
465 2311 587 2364 (Vid.
617 2311 740 2364 Epist.
770 2312 896 2352 Sauct.
926 2313 1100 2366 Prosperi
1117 2343 1128 2364 ,
1172 2315 1207 2352 8(

93 2362 238 2402 Hilarii
264 2363 313 2402 ad
326 2364 367 2402 S.
384 2366 638 2415 Augustinum
656 2395 667 2414 ,
696 2364 729 2401 8(
746 2363 860 2417 liujus
875 2366 985 2405 Libri
1007 2368 1055 2405 cle
1072 2367 1205 2407 Proed.

92 2415 358 2464 Sanctorum,
387 2417 437 2455 <J
466 2414 514 2452 de
541 2413 644 2454 dono
670 2418 846 2467 persev.)
877 2420 950 2458 Sed
972 2433 1099 2472 operae
1122 2435 1206 2474 pre-

92 2469 191 2508 tium
220 2477 274 2507 est
302 2466 423 2519 hujus
448 2467 630 2508 haereseos
658 2467 852 2509 historiam
882 2471 996 2523 paulo
1028 2474 1206 2514 enuclea..

93 2523 166 2560 tius
194 2521 344 2574 aperire
361 2546 372 2559 .

108 2603 114 2606 -
146 2588 213 2626 77.
242 2570 542 2627 semipelagiani
571 2573 610 2612 in
639 2572 787 2614 duobus
816 2577 983 2615 maxime
1011 2593 1034 2617 a
1053 2577 1205 2632 Pelagio

87 2627 343 2667 dissidebant.
374 2625 503 2667 Primo
529 2627 635 2680 quod
663 2630 807 2679 peccati
835 2630 1028 2681 originalis
1043 2635 1204 2672 transsu-

93 2682 235 2720 sionem
265 2680 543 2721 confitebantur
560 2711 571 2729 ‚
624 2683 800 2730 .ua.mvis,
832 2693 871 2721 ut
889 2684 930 2722 S.
950 2684 1108 2738 Prosper
1136 2687 1203 2726 ob-

91 2743 216 2775 servat
246 2734 312 2788 (P.
335 2734 402 2774 lv·
436 2733 575 2777 Carm.
600 2694 651 2772 (de
680 2736 909 2787 ingratis),
952 2739 1003 2776 ita
1032 2739 1203 2792 ejusdem

91 2786 249 2827 vulnera
267 2817 280 2838 ,
307 2787 342 2826 8(
372 2787 525 2828 effectus
553 2787 796 2827 attenuabant
819 2818 829 2836 ,
860 2799 898 2827 ut
927 2791 1040 2830 etiam
1071 2807 1204 2844 peeca-

92 2849 174 2879 tum
202 2841 327 2895 reipsa
356 2841 487 2883 tollere
515 2842 734 2882 viderentur
752 2870 763 2880 .
793 2842 969 2881 Secundo
999 2847 1099 2897 quod
1118 2859 1203 2897 gra-

92 2895 159 2933 tiae
186 2895 366 2946 actualis,
394 2895 430 2934 8(
456 2895 648 2936 interioris
675 2897 932 2934 necessitatem
963 2911 1050 2935 cum
1067 2898 1107 2937 S.
1127 2899 1204 2937 Au·

92 2948 270 2999 guatino,
311 2950 432 2990 immo
467 2961 556 2988 cum
584 2956 658 2988 tota
686 2948 861 2989 Ecclesia
886 2951 933 2989 ad
962 2950 1061 2990 bona
1091 2966 1207 3005 opera

93 3000 335 3054 proficienda
362 3002 651 3055 praedicabant.

150 3053 214 3105 78.
244 3054 395 3094 Primus
423 3065 581 3105 autem,
625 3055 660 3092 8(
701 3056 872 3110 capitalis
916 3071 1047 3097 eorum
1077 3070 1207 3108 error,

92 3108 196 3160 quod
225 3121 314 3147 cum
345 3107 498 3162 Pelagio
524 3110 801 3159 conveniebat,
845 3112 883 3149 iu
926 3125 969 3150 eo
998 3115 1140 3165 positus
1169 3127 1207 3150 e-

95 3169 181 3210 tat,
209 3162 312 3214 quod
339 3163 557 3212 crederent,
585 3163 742 3216 aliquod
770 3165 922 3204 initium
951 3165 1062 3204 bonis
1082 3167 1207 3218 operis

95 3211 141 3251 in
165 3215 273 3254 nohis
303 3217 524 3269 praecedere
552 3219 712 3268 gratiam
734 3247 746 3268 ,
787 3219 898 3270 cujus
937 3220 1074 3258 intuitu
1104 3221 1206 3259 Deus

93 3267 312 3308 conantibus
329 3301 340 3319 ,
369 3270 585 3310 volentibus
601 3301 611 3320 ,
640 3272 876 3311 merentibus
892 3286 970 3312 suae
987 3275 1118 3325 gratiae
1141 3288 1207 3312 au-

94 3317 192 3357 xilia
218 3320 365 3362 abunde
394 3324 596 3377 largiretur
614 3352 624 3364 .
674 3326 754 3365 Hoc
798 3327 902 3365 enim
931 3328 1126 3366 constituto
1167 3341 1207 3366 o-

93 3383 209 3413 mnes
232 3372 584 3421 ille-difficultates
627 3380 930 3430 evanescebant,
973 3381 1115 3434 quihus
1155 3381 1206 3422 ab

1281 236 1482 286 Augustini
1512 234 1681 274 doctrina
1702 236 2009 277 absterrebantur
2028 257 2037 286 ς
2066 243 2301 293 potissimum
2321 261 2388 285 au-

1278 296 1354 326 tem
1385 290 1424 325 in
1454 288 1549 325 vado
1578 298 1656 326 erat
1686 289 1840 329 libertas
1856 288 2046 340 bumana,
2077 296 2110 332 ὅ(
2131 297 2180 335 ab
2200 312 2264 347 ea,
2293 309 2388 339 tam-

1281 355 1399 393 quain
1429 357 1449 378 a
1479 343 1604 392 primo
1632 341 1774 380 annulo
1811 353 1887 381 tota
1923 347 2129 395 gratiarum
2170 354 2309 402 series,
2345 367 2390 393 ac

1281 403 1415 432 catena
1431 424 1442 443 ,
1473 396 1592 432 inuno
1622 397 1703 447 ipsa
1723 395 1824 434 salus
1843 398 2141 450 suspendebatur
2158 432 2168 448 ‚
2197 420 2240 442 ac
2263 409 2390 458 proin„

1281 447 1328 484 de
1355 448 1513 485 diversae
1546 447 1745 487 hominum
1775 451 1883 488 sortis
1910 465 2022 489 causa
2054 465 2124 491 non
2160 469 2182 492 a
2211 458 2390 511 benepla-

1280 500 1355 539 cito
1382 502 1512 539 divino
1529 531 1539 549 ‚
1569 502 1632 539 sed
1646 501 1694 540 ab
1712 503 1931 541 eorumdem
1947 504 2105 544 arbitrio
2121 514 2390 559 promanabat·

1337 567 1400 607 79.
1432 554 1512 592 Hoc
1542 563 1668 593 tamen
1683 555 1773 594 boni
1789 558 1913 608 operis
1930 559 2083 596 initium
2102 589 2111 606 ‚
2142 560 2262 614 aliqui
2283 565 2392 616 plus,

1279 606 1348 646 alii
1376 610 1500 648 uiinus
1521 608 1773 647 extendebant
1792 635 1802 647 .
1833 610 2001 656 Quidam
2021 615 2122 650 enim
2141 613 2291 667 Pelagio
2306 632 2392 668 pro·

1279 663 1365 713 pius
1393 661 1608 701 accedentes
1624 692 1635 710 ,
1667 663 1764 700 illud
1783 665 1822 700 in
1841 666 2008 702 oratione
2029 667 2246 717 ponebant,
2275 685 2394 722 quam

1279 714 1367 752 solis
1397 715 1545 753 arbitrii
1576 717 1692 754 nostri
1722 715 1870 754 viribus
1899 718 1945 755 ad
1974 721 2134 770 gratiam
2173 735 2392 774 promeren—

1275 768 1390 817 dam,
1421 768 1457 805 &
1483 768 1728 807 obtinendam
1760 786 1779 808 a
1801 770 1972 821 quolibet
1987 771 2160 812 adhiberi
2183 788 2287 826 posse
2302 789 2392 816 ceu—

1276 821 1433 866 sebant3
1476 835 1645 875 nempe,
1689 833 1729 860 ut
1759 836 1890 862 eorum
1922 823 2050 864 verbis
2078 837 2160 865 utar
2202 833 2320 882 (cap.
2349 832 2393 870 S.

1275 872 1449 927 Prosper.
1480 876 1519 913 in
1548 878 1657 927 epist.
1672 888 1779 915 llum.
1801 877 1839 923 4.
1857 878 1902 931 )‚
1930 878 2115 918 docebant
2145 894 2249 932 posse
2270 883 2391 923 homi·

1273 941 1359 965 nem
1389 957 1415 976 ,‚
1446 928 1506 966 Ad
1536 927 1634 967 lianc
1661 932 1845 981 gratiam,
1876 946 1953 984 qua
1982 934 2023 971 iu
2050 933 2198 972 Christo
2228 938 2390 976 renasci-

1276 1010 1301 1028 „
1333 996 1445 1030 mur,
1475 983 1700 1033 pervenire,
1730 997 1798 1036 per
1813 985 2027 1023 naturalem
2050 986 2294 1038 facultatem,
2324 1004 2390 1042 pe-

1276 1062 1302 1080 „
1332 1036 1463 1080 tendo,
1492 1037 1727 1086 quaerendO,
1759 1036 1970 1089 pulsandO‚
2013 1049 2055 1077 ut
2082 1041 2168 1079 ideo
2195 1045 2388 1096 accipiat,

1276 1113 1302 1132 „
1332 1087 1417 1123 ideo
1445 1089 1637 1135 iuveniat,
1670 1089 1753 1126 ideo
1783 1092 1964 1137 introeat3
1992 1095 2085 1144 quia
2114 1093 2214 1133 bono
2241 1107 2389 1137 naturae

1276 1167 1302 1186 „
1332 1137 1428 1176 bene
1458 1152 1566 1186 usus,
1596 1141 1641 1178 ad
1673 1143 1780 1180 istam
1810 1144 2014 1182 salvantem
2071 1148 2202 1187 ratiam
2221 1179 2230 1197 ,
2261 1152 2391 1189 initia·

1273 1218 1301 1239 „
1334 1190 1380 1229 lis
1409 1193 1540 1243 gratiae
1561 1206 1632 1244 ope
1663 1196 1838 1244 (nempe
1868 1196 1974 1234 liberi
1990 1160 2174 1247 argunt)
2207 1205 2392 1242 meruerit

1274 1274 1300 1292 „
1331 1246 1531 1296 pervenire
1553 1249 1577 1267 ‘⁵
1596 1272 1606 1284 .
1638 1247 1717 1285 Alii
1746 1259 1837 1285 vero
1865 1251 2010 1286 nonnisi
2041 1253 2218 1301 quasdam
2249 1258 2313 1306 pia
2328 1258 2392 1294 de-

1269 1298 1410 1336 sideria
1437 1299 1568 1336 salutis
1589 1329 1600 1347 ‚
1635 1308 1699 1336 aut
1728 1301 1811 1352 pios,
1835 1301 2071 1340 credulitatis
2111 1303 2265 1344 affectus
2305 1322 2391 1360 gra-

1273 1353 1366 1389 tiam
1396 1353 1611 1405 praecedere
1639 1354 1838 1393 dicebant:
1877 1384 1902 1403 „
1933 1353 1965 1390 8(
1993 1353 2145 1395 nullam
2175 1360 2225 1397 ita
2255 1359 2392 1414 depra—

1275 1432 1300 1453 ,‚
1332 1415 1485 1451 vatam,
1516 1406 1575 1444 vel
1593 1406 1798 1446 extinctam
1829 1410 2088 1460 (naturam)
2120 1412 2323 1462 putabant,
2352 1424 2393 1453 ut

1275 1487 1301 1507 „
1332 1472 1403 1497 uon
1433 1459 1590 1508 debeat,
1621 1460 1680 1497 vel
1706 1463 1823 1513 possit
1851 1477 1890 1500 se
1920 1461 2018 1500 velle
2047 1467 2197 1512 sanari,
2236 1478 2392 1519 propter

1273 1540 1298 1560 ,‚
1329 1513 1432 1564 quod
1460 1512 1521 1551 vel
1550 1521 1704 1551 sanetur
1733 1517 1818 1566 quis
1847 1529 1867 1551 a
1899 1530 1992 1564 sua,
2024 1516 2084 1554 vel
2102 1547 2112 1566 ,
2143 1521 2173 1557 si
2194 1520 2361 1560 noluerit
2379 1550 2390 1572 ,

1259 1592 1298 1613 .„
1327 1578 1417 1603 cuin
1447 1579 1514 1604 sua
1543 1566 1767 1617 aegritudine
1799 1569 1980 1618 puniatur
1998 1593 2011 1606 «.
2040 1570 2120 1608 Nec
2151 1577 2276 1623 negari
2304 1588 2390 1625 gra-

1272 1646 1298 1665 „
1329 1620 1419 1655 tiam
1438 1648 1449 1665 ,
1479 1621 1509 1656 si
1540 1620 1755 1670 praecedere
1784 1621 1933 1660 dicatur
1962 1620 2049 1660 talis
2079 1625 2270 1674 voluntas,
2298 1640 2390 1679 quae

1273 1699 1300 1718 „
1329 1679 1476 1708 tantum
1506 1671 1699 1710 medicum
1729 1683 1876 1725 quaerat
1895 1704 1905 1720 ,
1932 1688 2011 1712 non
2033 1685 2159 1715 autem
2175 1679 2391 1732 quidquam

1272 1752 1298 1772 „
1330 1725 1409 1775 ipsa
1438 1723 1518 1776 jam
1550 1723 1671 1764 valeat
1687 1729 1713 1747 ‘⁶
1744 1724 1818 1777 (S.
1846 1727 1935 1766 ΗΠ.
1961 1729 2184 1780 inepist.n.
2208 1731 2285 1780 2·).
2316 1734 2391 1772 Sed

1271 1778 1318 1815 de
1349 1779 1417 1816 hoc
1450 1778 1606 1816 uberius
1637 1778 1752 1831 paulo
1782 1789 1886 1832 post.

1325 1830 1391 1869 80.
1422 1830 1556 1884 Neque
1585 1832 1762 1881 deerant,
1792 1835 2074 1887 quipntareut,
2104 1836 2299 1891 aliquibus
2317 1838 2392 1879 sal-

1266 1892 1345 1922 tem
1375 1888 1538 1937 gratuito
1570 1888 1691 1938 ipsam
1729 1889 1896 1940 primam
1939 1887 2082 1928 bonam
2126 1894 2390 1943 voluntatem,

1272 1937 1305 1973 8(
1335 1935 1450 1977 fidem
1489 1955 1511 1978 a
1540 1939 1622 1977 Deo
1658 1941 1839 1993 inspirari
1866 1968 1876 1979 .
1921 1942 2032 1989 Quod
2061 1943 2262 1985 Cassianus
2292 1946 2393 1988 Coll.

1271 1990 1378 2031 Xlll.
1408 2004 1443 2030 c.
1462 2007 1499 2031 2.
1531 1993 1694 2046 explicat
1722 1994 1914 2048 exemplis
1938 1995 2077 2045 Pauli,
2117 1996 2150 2035 8(
2182 1998 2358 2039 Matthaei
2381 2017 2393 2048 3

1271 2058 1318 2083 ue
1347 2055 1472 2084 tamen
1503 2047 1542 2085 id
1569 2046 1796 2099 generaliter
1824 2058 2005 2088 statuatur
2034 2051 2079 2089 de
2095 2052 2294 2102 omnibus,
2324 2055 2392 2092 ob·

1272 2098 1355 2151 jicit
1385 2100 1573 2137 contraria
1600 2101 1778 2153 exempla
1797 2101 1979 2151 Zachaei,
2009 2101 2042 2139 8(
2060 2103 2247 2142 Latronis:
2277 2108 2392 2159 „qui

1274 2182 1300 2201 „
1330 2153 1517 2190 desiderio
1545 2165 1612 2191 suo
1639 2154 1722 2192 vim
1763 2155 1971 2206 quamdam
2010 2157 2134 2207 reguis
2176 2158 2392 2198 caelesubus

1277 2235 1302 2254 „
1335 2207 1532 2244 inserentes
1561 2204 1743 2256 specialia
1785 2208 1988 2246 vocationis
2029 2211 2162 2248 merita
2192 2222 2390 2262 praevene-

1277 2288 1304 2309 „
1334 2270 1445 2298 runt.
1476 2258 1546 2297 Ex
1577 2259 1634 2298 liis
1663 2263 1900 2308 contrariis,
1931 2269 1972 2297 ut
1992 2265 2074 2310 ipsc
2093 2261 2287 2301 sentiebat
2306 2294 2318 2314 ,
2350 2279 2390 2304 e-

1277 2340 1302 2361 „
1332 2313 1502 2363 :templis
1532 2313 1764 2359 concludere
1792 2312 2015 2362 nitebatur,
2045 2315 2225 2364 diversis,
2269 2313 2303 2354 8(
2332 2321 2392 2359 in-

1277 2395 1302 2415 „
1333 2367 1604 2406 scrutabilibus
1634 2368 1706 2407 viis
1736 2365 1863 2405 Deum
1889 2367 2054 2406 salutem
2083 2371 2230 2420 generis
2253 2369 2389 2413 huma-

1277 2449 1303 2468 „
1334 2423 1373 2459 ni
1406 2433 1635 2473 procurare,
1674 2421 1931 2473 quorumdam
1961 2422 2117 2474 quidem
2149 2422 2356 2464 volentium
2377 2455 2389 2476 ,

1275 2502 1301 2522 „
1332 2473 1364 2510 8(
1394 2476 1599 2512 sitientium
1628 2486 1783 2512 cursum
1815 2474 1862 2512 ad
1903 2475 2091 2526 majorem
2132 2477 2289 2516 incitare
2322 2479 2389 2518 ssa·

1275 2555 1299 2575 „
1328 2528 1545 2580 grantiam5
1587 2524 1772 2579 quosdam
1802 2540 1891 2567 vero
1920 2530 2035 2566 etiam
2065 2527 2261 2578 nolentes,
2292 2534 2390 2570 invi-

1274 2610 1297 2627 „
1330 2590 1460 2634 tosque
1488 2580 1718 2633 compellere
1749 2583 1773 2602 “
1792 2605 1803 2619 .
1848 2581 1947 2630 Quae
1986 2590 2111 2620 tamen
2140 2584 2269 2632 opinio
2296 2585 2388 2623 Cas-

1270 2635 1365 2671 siani
1395 2637 1445 2671 ita
1473 2642 1592 2686 potest
1620 2633 1817 2673 commode
1846 2634 2030 2686 explicari
2050 2663 2060 2679 ‚
2106 2643 2143 2670 ut
2175 2639 2388 2686 putaverit,

1300 2687 1500 2726 uibusdam
1517 2688 1645 2726 Deum
1677 2689 1804 2741 prima
1834 2689 1940 2726 initia
1970 2686 2058 2723 fidei
2089 2690 2207 2738 gratia
2238 2703 2304 2728 sua
2334 2691 2389 2729 ef-

1271 2700 1383 2779 anci
1413 2741 1624 2793 inspirare,
1655 2751 1695 2780 ut
1723 2739 1864 2786 Paulo,
1894 2737 1927 2774 8(
1950 2736 2158 2786 Mattl1ae05
2188 2741 2281 2780 alios
2312 2758 2382 2782 au-

1270 2802 1347 2832 tem
1375 2795 1496 2846 gratia
1524 2794 1646 2833 solum
1679 2791 1844 2832 versatili
1875 2791 2110 2843 praevenire,
2142 2795 2191 2832 ita
2223 2805 2263 2833 ut
2293 2809 2384 2837 con-

1271 2861 1398 2885 sensus
1418 2848 1542 2886 eideni
1571 2847 1724 2899 gratiae,
1754 2843 1924 2897 adeoque
1952 2844 2070 2895 fidei,
2100 2847 2269 2901 bonique
2298 2864 2387 2904 ope-

1271 2901 1323 2938 ris
1352 2901 1504 2939 initium
1536 2901 1623 2952 ipsis
1652 2897 1897 2936 tribuendum
1928 2909 2046 2947 esset,
2076 2914 2195 2953 quam
2216 2903 2382 2943 aliorum

1277 2952 1669 3006 semipelagianorum
1687 2951 1908 2990 seutentiam
1924 2953 2039 2992 fuisse
2056 2983 2066 3002 ,
2089 2955 2250 2994 iuferius
2265 2965 2388 2998 osteu-

1279 3006 1436 3046 demus.

1330 3058 1394 3098 81.
1426 3059 1533 3108 Quod
1562 3057 1608 3096 de
1638 3054 1754 3107 fidei,
1784 3053 2047 3111 bonorumque
2075 3073 2234 3114 operum
2258 3063 2386 3114 initio,

1277 3109 1346 3150 boc
1375 3114 1476 3151 idem
1506 3113 1551 3149 de
1582 3113 1857 3164 perseverantia
1898 3127 2015 3167 usque
2059 3117 2098 3154 in
2128 3116 2247 3155 finem
2276 3117 2389 3157 doce-

1274 3164 1384 3204 bam:
1414 3169 1465 3206 ita
1494 3166 1595 3203 enim
1625 3174 1829 3219 utrumque
1857 3179 1988 3206 eorum
2009 3164 2146 3219 dogma
2166 3169 2206 3208 S.
2228 3170 2386 3225 August.

1274 3218 1471 3270 conjungit
1502 3215 1581 3268 (de
1609 3212 1712 3258 dono
1739 3233 1886 3272 persev.
1916 3235 2002 3273 cap.
2029 3221 2120 3271 16.)
2145 3253 2170 3271 „
2201 3223 2336 3264 Solum
2354 3227 2385 3264 i-

1275 3301 1299 3320 „
1330 3273 1468 3309 uitium
1497 3271 1614 3321 fidei,
1644 3271 1678 3309 8(
1708 3285 1826 3326 usque
1848 3274 1886 3312 in
1908 3274 2023 3313 finem
2041 3280 2383 3328 perseverantiam,

1277 3354 1301 3374 „
1331 3325 1384 3363 sic
1414 3325 1454 3364 in
1483 3334 1605 3365 nostra
1633 3328 1861 3367 constituunt
1890 3336 2087 3380 potestate,
2119 3339 2159 3368 ut
2181 3329 2254 3369 Dei
2283 3332 2380 3369 dona

1275 3405 1301 3429 „
1331 3392 1407 3418 esse
1436 3389 1507 3418 non
1535 3388 1668 3434 putent
1678 3394 1689 3426 ;
1719 3393 1844 3433 neque
1872 3381 1922 3421 ad
1940 3379 2024 3422 haec
2039 3381 2236 3432 habenda,
2265 3393 2379 3435 atque

2219 3465 2244 3481 θ’
2275 3450 2332 3473 re·
