2562 3694
830 136 910 182 DE
943 135 1197 181 AETERN.
1230 131 1384 179 Ρ(1ΣΝ.“
1412 132 1612 177 INFER.

74 230 215 269 omnia
244 231 286 266 in
313 221 493 264 omnibus
535 248 560 268 ,‚
589 218 683 272 quia
723 225 813 256 tunc
856 217 1166 256 manifestabitur
1184 247 1201 266 ,

83 312 113 332 „
171 282 243 320 uod
286 275 448 328 uidquid
462 274 549 312 boni
567 272 755 311 habemus
768 302 779 320 ,
797 281 848 310 est
863 286 885 310 a
901 272 985 310 Deo.
997 272 1018 286 ''
1036 286 1046 317 ;
1075 285 1197 322 quan-

82 366 110 384 „
137 297 190 373 ἕο
212 334 264 373 sci
285 331 358 368 icet
384 327 556 366 Christus
583 342 677 366 cum
703 336 777 364 tota
806 323 1011 373 Ecclesia,
1036 337 1081 362 ex
1111 322 1204 362 solis

77 387 210 428 electis
234 392 325 423 tunc
341 391 561 430 constante,
586 380 814 431 subjicietur
842 379 955 428 Deo,
979 380 1072 430 quia
1091 391 1202 414 neni-

78 453 128 500 pe
154 439 196 476 in
222 438 279 475 eis
303 435 403 475 nihil
432 437 502 474 erit
522 434 692 487 amplius
710 432 832 480 mali,
862 442 902 470 ut
924 432 1080 483 proinde
1101 430 1197 467 nihil

73 505 121 532 m
147 492 201 529 eis
226 491 303 537 sit,
372 488 446 527 uod
472 502 546 527 non
578 491 624 526 sit
650 503 670 525 a
702 487 810 535 Deo,
853 500 873 523 a
902 499 981 536 quo
1006 493 1058 522 est
1085 497 1200 520 omne

75 545 221 584 bonum
237 569 248 581 .
280 505 391 582 Uniie
410 543 453 581 S.
468 543 542 581 Leo
559 541 660 593 l’apa
689 542 732 579 in
750 539 873 577 Serui.
891 539 997 577 XlV.
1034 537 1093 575 De
1108 551 1202 587 pas—

75 601 189 652 eipne
202 596 368 636 Domini
384 627 396 645 ,
425 609 513 634 vere
528 596 651 643 dixit,
680 597 789 632 istius
809 606 894 630 esst:
914 595 1025 640 vizae,
1054 590 1124 628 set
1144 603 1201 627 ae-

74 659 235 700 ternoe,
275 659 317 689 ut
345 654 395 688 sit
423 649 536 688 Deus
562 652 704 686 onmia
736 652 775 684 iu
805 646 1011 683 omnibus.
1055 643 1126 680 Vel
1161 652 1198 680 ut

77 703 249 757 explicat
272 704 318 744 S,
343 704 578 756 Augustinus
608 700 842 740 Lib.XX11.
886 698 950 738 De
982 698 1092 737 Civis.
1121 696 1198 735 Dei

74 771 113 797 c.
130 758 198 797 50.
225 758 333 807 „Sic
361 757 398 794 &
425 756 525 798 illud
553 766 656 794 recte
682 754 931 804 intelligitur,
961 753 1063 805 quod
1077 753 1128 789 ait
1149 753 1198 789 A·

75 841 104 862 „
133 811 329 863 postolus,
353 819 394 848 ut
421 814 473 848 sic
499 809 612 848 Deus
639 811 779 848 omnia
808 810 850 845 in
877 805 1057 844 omnibus
1074 831 1083 842 .
1117 806 1200 855 lpse

79 894 106 916 „
136 864 229 903 finis
251 867 323 904 erit
350 864 629 903 desideriorum
658 872 869 901 nostrorum
886 889 899 908 ,
927 861 996 912 qui
1025 860 1105 896 sine
1123 859 1198 896 fine

77 941 108 967 9,
134 918 355 966 videbitur,
397 919 479 956 sine
508 916 664 957 fastidio
688 914 910 962 amabitur,
953 914 1033 951 sine
1064 912 1197 962 fatiga-

79 1000 107 1021 „
138 973 246 1013 tione
269 971 492 1011 laudabitur
507 995 524 1008 .
549 970 634 1008 Ηοο
649 982 789 1007 munus
804 998 814 1016 ,
846 965 912 1004 hic
923 965 1104 1013 affectus,
1136 965 1202 1004 liic

78 1054 109 1074 „
135 1034 243 1064 actus
268 1026 444 1078 profecto
466 1024 538 1062 erit
555 1023 764 1069 omnibus,
804 1023 900 1058 sicut
929 1021 1011 1070 ipsa
1041 1022 1116 1058 vita
1147 1033 1200 1057 ze·

78 1105 106 1126 ‚,
134 1087 263 1127 terna,
292 1077 562 1117 communis&
588 1072 1202 1113 Consul.Gui1.EstiusinCom-

75 1141 198 1170 ment·
222 1132 273 1171 ad·
299 1130 404 1169 hunc
429 1129 561 1167 locum
588 1127 792 1181 Apostoli..

135 1184 228 1236 194.
253 1185 349 1222 lust.
372 1186 532 1233 primo.
557 1181 665 1220 Idem
692 1180 732 1219 S.
763 1179 904 1220 Paulus
933 1180 981 1219 ad
1008 1180 1149 1220 Coloss.
1166 1181 1196 1219 l'.

77 1250 140 1291 19.
155 1250 234 1290 seq.
262 1238 313 1277 de
335 1235 491 1274 Christo
513 1234 675 1280 scribit3
704 1264 730 1282 „
762 1235 804 1272 Iu
836 1235 918 1288 ipso
945 1235 1196 1287 complacuit,

73 1320 102 1341 2,
130 1304 283 1330 omnem
312 1289 598 1343 plenitudinem
637 1286 879 1336 inhabitare»,
925 1287 958 1323 ἃ
1000 1303 1068 1340 per
1105 1301 1199 1326 eum

74 1373 104 1394 „
132 1343 387 1384 reconciliare
409 1344 546 1382 omniav
567 1343 609 1381 in
624 1343 782 1393 ipsum,
806 1341 1014 1394 pacificans
1029 1355 1096 1394 per
1110 1356 1197 1381 san-

73 1423 101 1447 9,
130 1398 291 1450 guinem
317 1398 446 1435 crucis
471 1395 582 1447 ejus,
623 1397 702 1433 sive
743 1409 833 1448 quae
873 1397 916 1433 in
944 1397 1078 1444 terris,
1119 1397 1201 1434 sive

71 1479 104 1500 „
130 1464 222 1503 quae
248 1452 293 1490 in
318 1449 432 1489 coelis
455 1457 542 1488 sunt
558 1449 608 1486 ''.
637 1449 707 1487 His
737 1448 880 1487 similia
909 1458 992 1487 sunt
1009 1478 1022 1498 ,
1049 1463 1139 1501 quas
1168 1449 1203 1487 i-

72 1504 162 1542 dem
191 1502 392 1556 Apostolus
419 1503 571 1555 scripsit
599 1503 648 1540 ad
674 1501 861 1553 Ephesios
877 1503 905 1540 l.
934 1516 997 1541 ιο.4
1021 1502 1068 1540 de
1089 1503 1170 1540 Deo
1187 1532 1201 1551 ,

73 1558 144 1610 qui
172 1557 295 1596 voluit
318 1561 552 1595 instaurare
580 1558 719 1592 omnm
749 1559 790 1592 iu
823 1555 997 1602 Christo,
1038 1569 1128 1607 quae
1156 1560 1198 1593 in

77 1611 220 1659 coelis,
241 1610 296 1651 (y
319 1623 411 1661 quoe
438 1611 481 1645 in
508 1616 618 1646 nerra
647 1616 763 1644 sunt:
793 1622 880 1660 quae
911 1608 1029 1646 verba
1055 1610 1100 1646 de
1118 1612 1201 1647 An·-

69 1663 170 1716 gelis
192 1663 302 1702 bonis
330 1661 502 1714 intelligi·
522 1669 750 1712 nequeunt,
776 1662 849 1712 qui.
875 1673 944 1698 nec
970 1661 1203 1712 pacificari,

69 1730 144 1756 nec
172 1720 396 1756 instaurari
424 1728 492 1768 pet
519 1714 666 1753 Christi
697 1715 907 1766 passionem
950 1713 1170 1765 indigebant
1187 1726 1203 1751 ε.

68 1778 186 1808 restat
210 1784 331 1822 ergo,
354 1779 398 1808 ut
424 1769 475 1807 de
501 1766 660 1820 Angelis
677 1765 793 1805 malis
806 1765 1097 1819 intelligantur,
1126 1769 1198 1819 qui

69 1832 230 1862 catenus.
251 1825 296 1862 in
319 1823 436 1862 coelis
458 1834 541 1861 esse
564 1822 747 1860 dicuntur
762 1850 774 1870 ‚
803 1829 992 1873 quatenus
1020 1820 1071 1859 ad
1083 1835 1200 1873 supe—

70 1877 217 1915 tiorem
241 1885 381 1916 nostrae
411 1874 709 1928 athmosphaerae
751 1884 902 1927 partem
941 1873 1080 1912 detrusi
1112 1875 1198 1913 fue-

67 1939 159 1968 tum
176 1943 192 1975 ς,
217 1938 257 1968 ιιι
283 1930 334 1969 ad·
360 1945 425 1968 eos
447 1942 606 1982 quoque
631 1928 829 1967 infinitum
856 1929 1060 1980 sanguinis,
1081 1927 1199 1966 Chri—

67 1984 119 2022 αἱ
147 1985 318 2035 pretium
343 1984 591 2022 extendatur.

128 2037 223 2089 195.
245 2035 364 2090 Κεερ.
378 2035 726 2076 reconciliationem
739 2066 750 2084 ,
773 2034 843 2074 vel*
857 2035 1167 2074 instaurationem
1179 2064 1191 2083 ,

69 2087 116 2127 de
143 2103 227 2141 qua
249 2089 420 2144 loquitur
447 2093 494 2130 iu
526 2100 687 2142 utroque
729 2089 815 2128 loco
843 2087 1068 2141 Apostolus,
1111 2100 1194 2126 non-

67 2155 146 2179 esse
173 2143 272 2182 iuter
302 2143 490 2196 Angelos,
528 2143 564 2178 St
591 2143 720 2180 Deum
732 2172 751 2191 ,,
780 2156 876 2180 cum
904 2141 1084 2179 Christus
1107 2154 1189 2179 non

67 2197 122 2232 sit
148 2205 334 2234 mortuus
353 2210 425 2248 pro
439 2195 635 2248 Angelis,
664 2204 703 2233 ut
732 2195 862 2246 inquit
888 2195 1122 2246 Augustinus
1150 2196 1195 2233 in.

67 2246 243 2288 Enchir.
265 2249 459 2302 cap.61.;
487 2250 553 2288 sed.
581 2257 637 2286 est
664 2249 760 2286 inter
790 2246 952 2300 Angelos
967 2277 985 2297 ,.
1008 2246 1043 2284 8t
1063 2246 1189 2287 homi-

66 2315 137 2341 nes
149 2332 167 2350 „
191 2301 390 2343 homiuum
419 2304 525 2341 enim
554 2310 661 2340 erant
689 2300 823 2354 Angeli
853 2301 1005 2340 inimici
1036 2311 1188 2354 propter

67 2364 298 2408 peccatum,
340 2370 423 2410 quo
443 2355 597 2395 sublato
618 2368 687 2406 per
713 2355 855 2393 Christi
897 2355 1121 2407 sanguinem
1151 2369 1192 2393 o-

68 2410 176 2447 mnia
205 2411 482 2458 reconciliata„
511 2416 644 2462 pacata
655 2437 688 2459 ,V
706 2407 740 2444 8<
770 2409 974 2447 instaurata
1003 2417 1117 2457 sunt,
1147 2423 1193 2447 u-

65 2461 160 2500 nitis
183 2463 303 2501 simul·
330 2463 511 2516 Angelis,
540 2462 574 2499 ἃ
605 2461 827 2500 hominibus
851 2463 897 2501 in.
912 2461 1067 2501 Christo⁴
1093 2471 1193 2500 tam-

66 2527 191 2567 quam
213 2517 338 2568 capite
355 2543 373 2554 ..
396 2517 510 2554 Hanc
534 2514 826 2567 explicationem
847 2515 1034 2568 approbat
1048 2514 1089 2553 S.
1111 2515 1188 2553 Au-

66 2570 246 2620 gustinus
268 2568 359 2608 leco
380 2570 488 2608 laud.
514 2570 660 2608 addens
681 2583 767 2621 caps
783 2569 874 2608 62.:
922 2598 950 2618 „
980 2569 1189 2608 Instaurati

68 2649 100 2670 ,²
125 2636 169 2660 ea
185 2652 202 2671 ‚,
224 2637 318 2676 quar·
345 2625 391 2662 in
415 2623 526 2663 coelis
553 2632 664 2672 sunt,
692 2636 783 2661 cum
802 2623 841 2660 id
858 2653 870 2671 ,
899 2623 1005 2675 quod·
1030 2622 1118 2661 inde
1149 2625 1196 2662 in

67 2701 100 2723 υ
127 2675 289 2727 Angelis
310 2675 467 2729 lapsum-
491 2685 575 2726 est,
601 2691 647 2715 ex
666 2674 889 2715 hominibus
907 2675 1103 2724 redditum
1132 2678 1193 2717 in-

66 2755 96 2777 „
125 2736 342 2768 staurantnr
369 2739 502 2770 autem
526 2744 617 2783 qnae
647 2732 687 2769 in
717 2732 824 2769 terris
853 2738 973 2779 sunt,
995 2744 1089 2770 cum
1117 2734 1195 2785 ipsi

68 2808 100 2830 „
126 2778 328 2833 homiues,
356 2787 425 2837 qui
453 2784 714 2838 praedestinati
743 2792 833 2822 sunt„
855 2783 903 2822 ad
931 2793 1111 2824 aeternam
1133 2788 1192 2825 vi-

64 2862 96 2883 „
122 2843 203 2872 tam
220 2865 237 2883 ‚.
258 2851 281 2873 a
309 2840 569 2891 corruptionis
594 2846 774 2876 vetustate
794 2846 1023 2876 renovantur
1039 2839 1083 2876 ’'.
1113 2838 1196 2877 Ad-

64 2887 139 2935 do²
171 2889 299 2940 inepte
322 2890 430 2939 dici,
455 2893 766 2940 cacodaemones,
806 2905 874 2929 seu
899 2891 1086 2944 malignos
1115 2895 1198 2945 spi—

65 2941 224 2979 ritusin·
240 2944 358 2980 caelis
371 2957 457 2983 esse
469 2960 491 2990 ,τ
514 2959 742 2998 quanquam·
767 2946 876 2983 enimi
901 2958 978 2983 non·
1003 2959 1196 2998 repugna·

61 2995 222 3042 verim,
251 3009 383 3034 eorum
419 2996 575 3051 aliquos.
606 3013 674 3052 per
707 3012 798 3038 aera
831 2999 1019 3047 volitare,
1063 3002 1191 3038 minus

61 3051 224 3100 proprie
245 3058 376 3089 tamen
399 3051 520 3089 iidem
545 3053 762 3091 dicerentur
791 3057 836 3090 ἱηι
861 3054 966 3091 coelis
996 3066 1109 3091 esse.
1140 3053 1190 3091 Et

67 3099 234 3142 ulterius,
258 3106 429 3143 maxima·
455 3118 598 3143 eorum
629 3120 717 3157 pars
749 3104 833 3157 jam
866 3107 915 3144 ad
955 3106 1103 3145 inferos·
1124 3107 1190 3145 de-

66 3157 171 3193 trusa
196 3158 392 3206 ereditur,
421 3157 481 3197 vel
511 3159 559 3196 in
582 3160 695 3196 terris
719 3167 906 3210 vagatur-5
931 3159 1074 3211 quibus
1102 3173 1194 3212 pro-

68 3212 197 3257 Plel'ea·
224 3211 296 3251 illa
323 3213 442 3251 verba
471 3212 640 3267 adaptari
671 3214 893 3264 nequeunt.

129 3259 341 3311 ¹96-1'ust.
364 3265 536 3303 secundo
553 3291 569 3303 ,Α
612 3266 718 3304 ldem·
745 3265 886 3304 Doctor
927 3266 1103 3316 gentium
1142 3267 1190 3304 ad

75 3307 364 3373 ιῙῖοιιι.ΧΙ..59..
405 3318 604 3357 Conclusit
632 3319 772 3367 Dens,
803 3319 954 3370 inquit,
983 3331 1123 3356 omues
1152 3324 1194 3356 in

68 3364 337 3420 officie-litate,
359 3381 404 3411 ut
427 3377 611 3412 omnium
636 3377 878 3413 misereatur
893 3397 909 3412 .
934 3371 1061 3411 Nemo
1079 3373 1194 3424 igitur

2245 152 2324 191 ¹07

1264 214 1336 252 erit
1363 228 1387 251 a
1413 211 1547 250 divina
1574 213 1836 252 misericordia
1867 214 1906 253 in
1934 224 2122 254 aeternum
2149 215 2352 254 derelictus
2369 243 2381 256 .

1325 279 1410 319 ¹97·
1444 265 1557 317 liesp.
1583 279 1672 302 cum
1702 267 1846 306 Sanctis
1873 269 2108 319 Augustino,
2138 270 2171 306 ἃ
2201 269 2352 308 Thotna
2371 301 2383 319 ‚

1267 320 1353 360 illos
1379 331 1546 365 omnes,
1574 331 1738 370 quorum
1769 320 1870 358 Deus
1900 325 2117 371 miseretur,
2149 338 2226 361 esse
2243 337 2383 362 omnes

1267 375 1432 412 electos.
1463 401 1488 419 „
1517 371 1624 420 Quid
1653 382 1704 408 est
1739 372 1970 410 Omnium?
2000 377 2123 426 inquit
2154 378 2382 428 Augustinus

1269 458 1295 477 3,
1326 427 1413 466 Lib·
1429 425 1543 465 XXI-⁴
1569 424 1634 463 De
1659 424 1737 462 CAV.
1759 424 1835 463 [Jez
1864 440 1950 478 Cap·
1968 428 2029 473 24.
2048 459 2058 476 2
2089 430 2122 465 ἃ
2152 443 2281 468 cortun
2311 432 2384 470 sci-

1268 511 1294 529 „
1325 480 1411 518 licet
1429 510 1442 528 ,
1469 492 1564 532 quos
1590 491 1636 516 ex
1665 479 1876 526 Gentibus,
1906 479 1941 515 St
1968 492 2099 519 eorum
2128 496 2222 534 quos
2251 498 2294 521 ex
2314 485 2382 522 Ju-

1269 564 1295 583 „
1323 534 1418 574 danis
1447 533 1758 585 praedestinavit,
1790 533 1964 580 vocavit,
1995 532 2237 583 justificavit,
2267 537 2383 588 glori-

1268 617 1295 635 „
1325 589 1479 632 ficavit3
1509 599 1590 624 nou.
1617 591 1796 624 omnium
1826 585 2029 624 hominum
2048 617 2058 634 ,
2100 589 2162 625 sed
2185 590 2384 639 jn<torum

1267 671 1295 689 „
1326 646 1504 678 omnium
1534 642 1731 679 neminem
1759 640 2054 679 damnaturus''.
2084 639 2384 679 S.aute1n'st·0-

1266 708 1348 732 mas
1376 696 1428 733 sic
1459 694 1594 732 habet:
1626 724 1651 743 „
1673 693 1872 732 conclusit
1887 699 1996 733 enim
2011 693 2145 742 Deus,
2176 694 2268 731 idest
2297 709 2381 732 con·

1266 777 1294 796 „
1322 748 1427 787 cludi
1457 749 1628 801 promisit
1657 752 1821 799 omnt'a,
1850 749 1943 786 idest
1963 761 2077 785 omne
2098 748 2298 786 hominum
2319 762 2383 798 ge—

1265 831 1292 849 „
1321 816 1420 850 nus,
1449 812 1526 841 tam
1555 802 1734 850 Judaeos,
1765 816 1884 855 quam
1912 801 2110 850 Gentiles,
2140 803 2180 840 in
2209 802 2386 840 incredu—

1267 885 1297 904 „1
1323 855 1428 893 litate
1445 886 1461 903 ,
1486 859 1583 894 sicut
1613 857 1654 892 in
1678 856 1846 907 quadam
1874 864 2007 894 catena
2035 858 2173 894 erroris
2193 882 2233 894 ...
2273 863 2314 891 ut
2341 868 2382 891 o-

1268 938 1296 957 „
1325 914 1478 946 mnium
1507 914 1763 957 misereatur,
1797 910 1887 947 idest
1917 919 1955 947 nt
1976 911 2014 946 in
2035 912 2141 947 omni
2160 921 2298 961 genere
2320 907 2387 946 ho·

1269 990 1298 1010 „
1327 965 1475 1000 minum
1505 976 1571 1000 sua
1600 964 1861 1000 misericordia
1890 962 2017 1001 locum
2048 962 2220 1001 habeat''
2238 988 2252 1000 .

1329 1016 1418 1068 198.
1447 1017 1538 1055 lust.
1564 1020 1676 1054 tertio
1694 1043 1708 1054 .
1733 1017 1775 1054 S.
1796 1015 1922 1055 Petrus
1945 1017 2026 1054 Act.
2049 1016 2112 1054 111.
2131 1029 2195 1054 20.
2225 1029 2303 1068 seq.
2335 1015 2386 1054 ita

1265 1067 1422 1107 Judaeos
1446 1079 1499 1108 est
1526 1070 1735 1107 allocutus:
1783 1068 1835 1106 Ut
1863 1083 1954 1107 cum
1996 1075 2172 1108 venerint
2201 1078 2386 1119 tempora

1265 1123 1462 1176 refrigerii
1491 1137 1518 1160 a
1546 1132 1754 1173 conspectu
1786 1123 1976 1172 Domini,
2005 1124 2054 1164 (9-
2084 1127 2232 1161 miserit
2264 1135 2353 1160 eum
2372 1149 2384 1170 ,

1265 1181 1329 1228 qui
1357 1176 1597 1226 proedicatus
1627 1186 1685 1214 est
1704 1176 1827 1224 vobis,
1855 1177 1991 1215 Iesum
2015 1176 2238 1220 Clzrzstum;
2266 1188 2386 1226 quem

1266 1240 1413 1279 oportet
1442 1230 1598 1281 quidem
1627 1230 1769 1267 coelum
1797 1235 2021 1281 suspicere,
2065 1244 2184 1282 usque
2213 1234 2252 1267 in
2283 1239 2385 1265 tern—

1267 1297 1366 1334 pora.
1382 1286 1635 1322 restitutionis
1659 1289 1840 1320 omnium
1869 1289 2022 1336 (graece
2051 1281 2384 1325 ἀποκαταστάσεως

1267 1338 1544 1387 παντωι·)8ὲο.
1570 1337 1612 1375 Si
1640 1341 1779 1374 onznia
1809 1338 1848 1374 in
1879 1339 2084 1390 pristinum
2114 1344 2252 1374 statum
2281 1334 2386 1370 resti·

1267 1392 1403 1427 tuenda
1432 1401 1550 1440 sunt,
1583 1403 1671 1442 ergo
1698 1390 1735 1427 St
1761 1390 1932 1429 damnati
1949 1421 1965 1440 Ξ
1999 1400 2111 1442 atque
2139 1389 2213 1440 ipsi
2241 1387 2387 1425 daemo·

1267 1457 1338 1481 nes
1366 1453 1623 1483 restituentur.

1327 1509 1415 1549 199.
1447 1498 1558 1548 Resp.
1586 1500 1872 1536 restitutionem
1901 1502 2081 1536 omnium
2100 1526 2110 1545 ,
2152 1496 2197 1533 de
2225 1509 2302 1547 qua
2332 1493 2386 1531 lo-

1265 1552 1399 1601 quitur
1426 1552 1472 1590 S„
1499 1552 1660 1599 Petrus,
1684 1552 1782 1589 nihil
1811 1565 1887 1590 esse
1915 1552 2019 1589 aliud
2041 1581 2052 1599 ,
2082 1563 2198 1602 quain
2228 1561 2386 1599 genera-

1266 1602 1346 1640 lem·
1373 1607 1500 1643 omnis
1526 1607 1650 1643 carnis
1679 1607 1992 1644 resurrectionem
2009 1635 2020 1652 ,
2055 1603 2207 1656 quando
2249 1614 2386 1652 nempe

1265 1655 1462 1706 Christus,
1493 1657 1573 1708 jam
1603 1660 1645 1695 in
1674 1657 1779 1695 coelo
1804 1666 2001 1708 receptus,
2034 1659 2174 1694 iterum
2205 1664 2389 1691 venturus

1265 1717 1319 1745 est
1346 1708 1520 1760 judicare
1536 1713 1670 1757 vivos,
1700 1710 1735 1746 ἃ
1756 1719 1944 1756 mortuos,
1973 1709 2008 1745 8<
2036 1719 2124 1746 tuuc
2151 1717 2260 1744 erunt
2287 1715 2387 1744 tem-

1264 1774 1363 1813 pora.
1392 1762 1616 1816 refrigerii,
1647 1764 1691 1801 iu
1713 1762 1862 1815 quibus
1885 1759 2091 1801 electorum
2121 1772 2279 1812 corpora
2309 1759 2387 1809 pri·

1262 1830 1407 1855 inaevae
1431 1817 1634 1870 integritati
1663 1817 1934 1862 restituentur3
1974 1829 2025 1854 ac·
2056 1824 2254 1866 propterea
2285 1814 2385 1850 idem

1264 1871 1530 1921 Apostolorum
1560 1869 1747 1922 Princeps
1770 1870 1815 1906 in·
1839 1877 2032 1907 commate*
2062 1867 2235 1920 praeced.
2258 1879 2389 1904 omnes

1262 1924 1313 1961 ita
1344 1925 1609 1963 exortabatur:
1657 1922 1913 1960 Paenitemini
1941 1926 2083 1974 igitur,
2117 1921 2166 1960 (ν’
2195 1924 2388 1957 converti·

1262 1979 1392 2024 mini,
1421 1987 1462 2014 uc
1490 1977 1703 2014 deleantur
1727 1984 1898 2025 peccam
1925 1984 2087 2017 vesti-cm
2124 1983 2165 2011 ut
2194 1974 2383 2011 nimirum

1273 2031 1386 2068 Jarati
1414 2031 1677 2069 invenirentur
1705 2030 1753 2066 ad
1772 2037 1952 2078 tempora
1972 2028 2198 2080 refrigerii,
2227 2040 2315 2077 quae
2338 2025 2385 2065 il-

1259 2043 1306 2121 iis
1336 2084 1556 2135 promittit..
1589 2083 1691 2121 Haec
1715 2091 1845 2121 autem
1872 2081 2078 2120 exhortatio
2108 2081 2241 2119 fuisset
2271 2081 2384 2118 inuti-

1260 2135 1307 2174 lis
1336 2139 1366 2175 si
1398 2151 1464 2189 per
1492 2140 1815 2187 apocatastasim
1842 2140 2022 2174 omnium
2044 2133 2315 2187 intelligeretur
2337 2146 2381 2171 u·

1257 2190 1460 2230 niversalis
1487 2190 1666 2229 liberatio
1693 2191 1872 2228 omnium·
1897 2190 2163 2228 damnatorum
2180 2214 2192 2227 .

1314 2257 1407 2283 200.
1437 2245 1531 2283 lust.
1554 2253 1719 2296 quarto.
1750 2245 1872 2296 Apoc.
1890 2243 1962 2281 111.
1974 2242 2156 2294 3'.&seq.
2196 2240 2287 2290 „Et
2314 2254 2383 2280 au-

1260 2326 1290 2346 „
1315 2298 1423 2346 divi,
1447 2302 1572 2350 inquit
1583 2298 1628 2337 S.
1639 2298 1801 2337 Joannes
1818 2328 1829 2345 ,
1858 2311 1993 2336 vocem
2023 2309 2204 2347 magnam
2223 2295 2268 2333 de
2282 2294 2385 2332 thro-

1261 2380 1289 2399 „
1318 2365 1368 2390 no
1395 2353 1612 2391 dicentem:
1645 2365 1734 2390 ecce
1762 2350 2061 2389 tabernaculum·
2087 2349 2160 2388 Dei
2197 2363 2291 2387 cum·
2317 2347 2384 2385 ho-

1260 2433 1288 2453 „
1318 2405 1520 2455 minibus,
1551 2405 1585 2443 St
1614 2404 1806 2444 habitabit
1832 2417 1922 2443 cum
1943 2405 2024 2450 eis;
2053 2403 2086 2440 8<
2117 2402 2187 2455 ipsi
2218 2401 2382 2455 populus

1260 2488 1293 2507 „
1315 2459 1404 2510 ejus·
1427 2469 1566 2508 erunt,
1607 2458 1644 2496 8(
1673 2461 1760 2511 ipse*
1783 2458 1893 2497 Deus
1915 2471 2004 2496 cum
2046 2460 2101 2495 eis
2141 2458 2212 2494 erit
2249 2467 2381 2492 eorum

1258 2541 1285 2560 ‚,
1316 2512 1444 2551 Deus:
1489 2513 1525 2550 8t
1552 2512 1738 2564 absterget
1767 2511 1875 2550 Deus
1898 2524 2053 2550 omnem·
2088 2511 2305 2562 lacrymam
2328 2507 2379 2545 ab

1259 2595 1285 2614 „
1313 2567 1442 2605 oculis·
1466 2580 1626 2615 eorum,
1656 2567 1695 2603 δε
1721 2579 1821 2604 mors
1851 2564 1950 2602 ultra
1971 2577 2042 2602 non
2059 2566 2161 2612 erit,
2185 2574 2305 2615 neque
2321 2559 2381 2598 lu·

1259 2649 1286 2668 ‚‚
1314 2629 1396 2659 ctus
1413 2651 1423 2670 ,
1452 2620 1763 2674 nequeclamor3
1792 2618 2043 2673 rieqttedosor
2058 2620 2125 2656 erit
2142 2616 2238 2654 ultra
2256 2646 2266 2664 ,
2287 2615 2381 2667 quia

1260 2702 1290 2722 ‚2
1316 2676 1444 2727 prima
1473 2675 1684 2715 abierunt.
1723 2675 1770 2714 Et
1798 2675 1895 2712 dixit
1922 2675 1989 2725 qui
2019 2672 2170 2711 sedebat
2210 2671 2250 2708 in
2278 2669 2380 2707 thro·

1261 2758 1289 2778 „
1319 2741 1389 2766 no:
1418 2743 1514 2769 ecce
1536 2744 1635 2768 nova
1663 2730 1764 2767 facio
1791 2727 1960 2765 omnia”
1978 2753 1989 2765 .
2032 2725 2140 2764 Nihil
2170 2724 2383 2776 expressius

1259 2782 1335 2820 dici
1366 2793 1486 2835 potest
1511 2784 1558 2822 ad
1587 2781 1862 2833 designandam
1879 2782 2147 2818 universorum
2174 2777 2382 2816 hominum

1259 2835 1526 2876 liberationem
1555 2836 1609 2873 ab
1633 2836 1735 2872 omni
1766 2848 1967 2882 aerumna,
1999 2843 2041 2872 ut
2067 2845 2202 2871 ornnes
2224 2830 2385 2871 widem

1259 2891 1383 2929 simus
1408 2891 1572 2943 populus
1600 2889 1702 2937 Dei,
1730 2887 1764 2923 ἃ
1794 2890 1881 2940 ipse
1905 2887 2008 2926 Deus
2035 2897 2189 2925 noster.

1316 2957 1407 2982 201.
1439 2944 1554 2996 Resp.
1581 2941 1687 2979 illam
1717 2941 1985 2993 propheticam.
2010 2940 2051 2980 S.
2080 2940 2239 2980 Joannis
2268 2941 2380 2979 visio-

1258 3010 1350 3035 nem
1375 2998 1508 3036 referri
1538 2997 1587 3034 ad
1614 2994 1749 3032 electos
1777 2995 2011 3033 habitatores
2040 2993 2204 3033 cael‘estis
2230 2994 2378 3033 Jerusa-

1256 3049 1362 3097 lem;
1392 3052 1493 3090 unde
1522 3051 1560 3087 in
1588 3057 1776 3087 commate
1803 3048 2035 3101 praecedenti
2063 3048 2233 3087 dixerat:
2284 3045 2375 3084 Vidi

1257 3114 1448 3142 sanctam
1478 3108 1679 3142 civitatem
1698 3099 1944 3140 Jerusalem:
1974 3102 2010 3139 δι
2037 3112 2163 3156 postea
2179 3115 2316 3139 eornm.
2335 3100 2374 3138 3.

1262 3157 1339 3207 Qui
1366 3162 1502 3196 vicerit
1516 3188 1527 3204 ,
1558 3154 1766 3205 possidebit
1785 3155 1870 3194 hoec
1886 3187 1899 3204 ,
1925 3156 1975 3198 (9⁶
1994 3170 2068 3195 ero
2082 3157 2135 3194 illi
2156 3155 2266 3194 Deus
2286 3171 2296 3196 ‚·
2323 3154 2373 3193 CN

1257 3211 1328 3248 ille>
1351 3215 1426 3248 eric
1453 3210 1548 3248 mihi
1578 3209 1722 3263 filius.
1761 3209 2003 3263 Prosequitur
2032 3219 2157 3248 autem
2188 3209 2228 3247 S.
2258 3208 2368 3245 Joan-

1259 3279 1320 3302 nes
1350 3265 1588 3315 praedicens,
1617 3264 1710 3316 quid
1740 3264 1913 3302 futurum
1942 3267 1989 3303 sit
2017 3265 2170 3317 impiis:
2212 3260 2308 3298 Tam
2326 3258 2374 3296 Iis

1256 3327 1392 3355 autem
1410 3348 1420 3365 ,
1450 3325 1502 3358 (9-
1529 3317 1741 3356 incredulis
1759 3348 1770 3367 ,
1798 3318 1850 3359 <9-
1877 3322 2098 3361 execratis,
2132 3317 2181 3355 Θ·
2209 3313 2368 3349 1101ῆὶίὶ-

1255 3370 1336 3422 dis,
1351 3370 1736 3423 &jomicmortbug
1763 3371 1814 3414 (9·
1835 3371 2040 3423 ren-«ficis,
2068 3371 2118 3410 ἐν·
2136 3367 2365 3462 ῐᾰοΙοΙαὸἰε,
