2570 3745
243 220 389 272 juratus
408 218 607 269 Augustini
627 215 859 269 discipulus,
889 229 961 254 non
991 215 1112 267 potuit
1131 222 1258 252 tamen
1278 226 1356 252 non

243 274 375 319 fateri,
405 271 508 309 illius
537 271 746 308 doctrinam
777 284 853 309 esse
873 282 1012 308 novam
1029 295 1039 307 .
1070 270 1123 306 Ita
1145 268 1250 306 enim
1270 264 1355 305 Ma-

240 327 398 375 gistrum
428 321 638 376 alldquitur
667 325 706 362 in
736 338 803 362 sua
830 324 939 374 epist.
968 322 1015 360 ad
1046 321 1353 372 Augustinumn.

240 378 299 415 8.:
331 408 354 425 ,.
377 376 478 416 Illud
505 379 606 415 enim
635 378 800 429 qualiter
829 377 1018 423 diluatur,
1048 386 1269 426 quaesumus
1289 385 1354 423 pa-

241 459 267 479 „
298 432 432 469 tientet·
462 432 723 483 insipientiam
768 439 931 467 nostram
975 429 1154 473 ferendo,
1198 425 1356 462 demon-

239 512 267 531 „
296 493 412 530 stres3
459 485 559 536 quod
591 485 797 523 retractatis
827 483 1000 534 priorum
1030 479 1100 516 hac
1129 479 1174 515 de
1205 491 1242 514 re
1271 477 1355 528 opi-

240 566 265 585 „
296 537 499 585 nionibus,
529 552 625 588 pene
653 538 828 575 omnium
860 548 927 587 par
957 534 1172 577 invenitur,
1215 530 1248 566 &
1279 544 1355 567 uua

239 620 266 639 „
295 592 476 629 sententia
495 621 504 638 ,
535 604 611 642 qua
641 591 903 642 propositum,
934 584 1355 636 &praedestinationem

238 673 264 691 „
299 644 366 681 Dei
396 645 606 682 secundum
644 642 924 696 praescientiam
962 644 1186 688 receperunt
1216 636 1354 696 δια-’Ἥ

237 697 376 734 nedum
407 711 493 747 ergo
522 709 641 743 nova,
671 696 734 734 sed
766 695 935 746 priorum
965 691 1154 728 sententiis
1183 697 1356 741 oppostta

235 758 315 786 erat
343 750 475 787 Sancti
493 750 694 800 Augustini
723 747 920 784 doctrina.

292 802 356 853 57.
386 803 570 841 Confirm.
614 802 770 839 Sinctus
799 798 1033 849 Augustinus
1069 795 1252 848 Prospero
1294 809 1352 833 re-

234 857 423 906 spondens
452 855 500 892 de
529 853 721 890 Proezlest.
751 851 992 889 Sanctorum
1021 864 1107 902 cap.
1126 850 1164 895 4.
1202 849 1354 887 videtur

234 909 398 946 minime
429 907 618 954 inficiari,
661 906 873 942 doctrinam
916 917 1024 943 suam
1068 917 1145 941 esse
1179 916 1354 948 novam·‚

232 961 355 998 immo
381 961 454 999 sibi
484 975 505 997 a
528 960 607 997 Deo
636 957 871 1006 revelatam,
901 958 1028 1009 inquit
1058 958 1183 994 enim:
1217 956 1353 1007 Quam

232 1014 329 1050 milii
353 1012 462 1050 Deus
489 1017 531 1050 in
560 1012 636 1049 hac
663 1016 881 1062 quaestione
908 1009 1098 1048 solvenda
1116 1036 1172 1048 ....
1200 1010 1352 1047 revela-

230 1071 306 1111 rit5
333 1067 366 1103 8<
397 1080 524 1104 rursus
554 1079 639 1117 cap.
667 1066 727 1111 14.
775 1064 878 1116 Quid
905 1078 1000 1115 opus
1030 1072 1114 1112 est,
1143 1072 1183 1100 ut
1211 1075 1351 1100 eorum

229 1130 453 1157 scrutemur
484 1119 713 1170 Opmcula,
756 1123 822 1170 qui
850 1122 1085 1170 priusquam
1114 1120 1194 1154 ista
1222 1116 1347 1153 hoere-

229 1177 282 1209 sis
311 1177 498 1221 oriretur,
529 1187 609 1211 non
639 1172 858 1210 habuerunt
887 1175 1170 1210 necessitatem
1201 1173 1241 1206 ιή
1272 1168 1348 1206 hac

228 1225 378 1274 difficili
407 1227 462 1264 acl
489 1226 717 1265 solvendum
749 1229 964 1277 quaestione
993 1221 1178 1262 versari?
1205 1223 1293 1263 &a

284 1279 349 1317 58.
379 1279 491 1330 Resp.
523 1281 576 1318 ibi
606 1281 646 1318 S.
678 1279 904 1332 Prosperum
948 1291 1021 1315 non
1064 1291 1170 1314 suam
1200 1277 1348 1328 opinio-

226 1345 317 1370 nem
333 1362 344 1380 ,
373 1334 435 1370 sed
453 1333 754 1371 Massiliensium
777 1332 1007 1383 objectiones
1029 1344 1238 1381 exponere,
1261 1332 1346 1381 qui-

224 1384 298 1423 bus
326 1386 514 1424 diluendis
545 1388 740 1438 Augustini
771 1400 882 1436 opem
915 1386 1108 1436 exposcit3
1139 1383 1171 1418 ἃ
1203 1385 1345 1420 mirum

225 1449 304 1485 eet,
349 1441 510 1490 potuisse
539 1441 630 1476 viris
660 1439 773 1476 etiam
803 1439 946 1481 ductis,
992 1437 1024 1472 δε
1063 1437 1244 1485 gravibus
1275 1435 1345 1472 hoc

223 1489 305 1529 loco
335 1492 466 1529 fucum
498 1492 580 1528 fieri
602 1491 694 1541 (a),
725 1503 814 1527 cum
845 1489 931 1527 luce
960 1488 1175 1525 meridiana
1204 1487 1346 1525 clarius

222 1554 403 1596 appareat
432 1554 512 1581 tum
543 1558 586 1581 ex
618 1552 822 1589 contextu,
868 1551 948 1579 tum
994 1554 1039 1578 ex
1066 1541 1153 1579 aliis
1184 1541 1223 1578 S.
1255 1541 1345 1578 Pro-

220 1598 321 1648 speri
343 1597 522 1648 operibus
538 1626 549 1645 ,
580 1598 726 1635 nonnisi
749 1609 792 1633 ex
814 1595 1213 1647 Semipelagianorum
1237 1609 1344 1632 men-

220 1658 257 1686 te
286 1663 329 1688 ea
358 1650 475 1688 verba
504 1663 580 1688 esse
609 1649 755 1702 prolata
777 1677 787 1687 .
818 1649 1022 1697 Quomodo
1049 1649 1154 1685 enim
1184 1647 1343 1699 Prosper

222 1704 434 1754 Augustino
464 1704 666 1741 novitatem
696 1703 981 1753 exprobrasset,
1011 1714 1102 1737 cum
1128 1706 1226 1738 totus
1245 1714 1344 1737 sem-

221 1769 290 1807 per
319 1756 434 1794 fuerit
452 1786 462 1802 ,
493 1765 531 1792 ut
562 1755 659 1793 hanc
689 1756 861 1792 novitatis
890 1754 1129 1792 calumniam
1166 1768 1189 1791 a
1218 1752 1344 1805 Magi-

220 1818 295 1846 stro
323 1823 390 1846 suo
418 1806 655 1861 depelleret?

278 1862 341 1912 59.
373 1862 431 1900 Ad
461 1861 790 1900 confirmationem
809 1891 820 1909 ,
849 1859 1000 1898 clarum
1030 1868 1105 1908 est,
1143 1859 1185 1897 S.
1219 1859 1345 1911 Augu-

220 1915 363 1953 stinum
395 1916 520 1966 primo
549 1914 632 1952 loco
649 1945 658 1962 ,
690 1915 842 1952 nomine
859 1914 1100 1952 revelationis
1121 1912 1217 1951 nihil
1239 1913 1345 1951 aliud

219 1967 464 2018 intelligere,
509 1981 626 2020 quam
657 1978 798 2006 rectam
829 1967 1117 2019 Scripturarum
1156 1967 1343 2017 interpre-

218 2022 430 2066 tationem3
472 2021 598 2072 inquit
627 2021 757 2068 enim,
801 2034 839 2057 se
870 2020 1090 2070 Apostolico
1119 2023 1344 2058 testimonio

206 2072 343 2125 sitisse
371 2077 591 2110 com-ictum
609 2103 620 2121 ‚
649 2086 742 2111 cum
770 2073 820 2111 de
850 2073 927 2111 hac
956 2087 999 2111 re
1026 2073 1143 2111 aliter
1161 2082 1342 2123 saperet,

218 2140 340 2175 quam
371 2130 443 2176 ipsi
465 2126 574 2164 Deus
603 2131 643 2163 in
673 2126 749 2164 hac
778 2130 996 2178 quaestione
1025 2125 1216 2165 solvenda
1236 2138 1341 2165 reve-

219 2180 334 2227 lavit,
363 2179 433 2218 hoc
465 2190 516 2217 est
546 2180 828 2218 manifestavit.

271 2233 337 2270 60.
368 2234 410 2270 ln
440 2233 516 2270 alio
546 2245 635 2270 vero
664 2233 747 2271 loco
776 2233 848 2272 hoc
877 2231 1000 2271 solum
1031 2233 1133 2282 vult,
1163 2234 1341 2286 quaestio-

217 2299 307 2323 nem
338 2284 447 2323 illam
466 2315 476 2332 ‚
517 2287 564 2323 de
593 2300 669 2337 qua
697 2300 786 2324 cum
817 2285 1029 2339 pelagianis
1057 2287 1220 2337 agebat,
1265 2299 1339 2325 non

218 2339 333 2376 fuisse
363 2352 385 2375 a
414 2339 606 2376 veteribus
627 2340 707 2376 fuse
726 2354 770 2377 ac
791 2340 875 2385 data
895 2352 1011 2393 opera
1032 2342 1208 2392 agitatam
1226 2366 1237 2378 .
1266 2340 1337 2378 Ce—

217 2400 342 2428 terum
371 2404 479 2428 suam
508 2393 733 2430 sententiam
762 2406 839 2430 esse
870 2394 960 2445 ipsis
1001 2395 1157 2432 omnino
1185 2394 1336 2432 confor-

219 2458 319 2483 mem
350 2446 533 2483 sexcentis
563 2446 602 2483 in
633 2444 724 2483 locis
743 2445 1034 2495 demonstravit,
1065 2456 1144 2485 tum
1166 2447 1336 2485 adductis

217 2510 348 2534 eorum
386 2499 635 2546 testimoniis,
678 2507 759 2536 tum
802 2501 1030 2538 examinatis
1068 2500 1336 2539 communibus

214 2550 399 2589 Ecclesiae
430 2552 637 2602 precibus.
681 2552 783 2589 Hinc
812 2551 970 2590 fidenter
997 2553 1206 2606 aliquando
1234 2554 1337 2592 dice-

216 2603 279 2641 bat
301 2604 388 2642 Lib.
406 2604 453 2642 II.
487 2604 628 2655 Operis
657 2604 881 2656 imperfecti
900 2617 986 2656 cap.
1007 2607 1074 2658 37.
1104 2607 1146 2645 Si
1174 2611 1215 2644 ιή
1236 2607 1336 2645 Con-

216 2657 375 2694 edim...
404 2656 586 2696 sederent
618 2657 848 2709 Cyprianus
866 2688 877 2704 ,
921 2658 1130 2707 Hilarius,
1170 2660 1334 2697 Ambro-

217 2712 296 2745 sius
313 2739 323 2756 ,
355 2709 569 2762 Gregorius
587 2742 596 2759 ,
628 2711 822 2760 Basilius,
851 2711 910 2749 Jo.
932 2711 1335 2763 Constantinopolita-

218 2775 291 2798 ηας
309 2791 319 2808 ,
349 2772 388 2799 ut
419 2765 518 2801 alios
545 2774 712 2803 taceam
728 2792 770 2806 ..-
800 2769 873 2814 ipsi
892 2774 1035 2805 contra
1056 2765 1253 2819 dogmata
1272 2780 1334 2806 ve-

269 2944 316 2978 (α)
348 2940 589 2976 Hnllucinatus
616 2953 666 2978 est
695 2946 729 2979 in
756 2946 821 2981 hac
846 2959 882 2981 re
901 2947 1112 2981 Tournelius
1129 2970 1136 2979 .
1168 2948 1220 2982 De
1241 2947 1330 2982 Prae·

217 2988 477 3026 destinatione,
505 2992 534 3020 ὅ(
561 2998 637 3022 aute
664 3004 742 3026 enm
767 2995 893 3027 Joann.
922 2995 1096 3028 Martinez
1118 2993 1158 3027 de
1178 2995 1329 3039 Ripalda

218 3033 328 3064 'Tomo
357 3034 414 3065 lll-
444 3033 495 3065 De
522 3043 595 3066 ente
623 3044 869 3080 supernaturali
897 3041 1036 3086 Disput.
1066 3041 1143 3080 23.,
1170 3054 1252 3074 num
1269 3043 1327 3083 84.

216 3081 344 3110 (jonii-J
365 3076 456 3110 hunc
476 3090 687 3122 postremum
708 3085 834 3127 prodiit
854 3086 942 3123 liber
956 3109 966 3127 ‚
993 3088 1047 3120 cui
1071 3087 1216 3120 titulus:
1247 3088 1330 3122 Vul-

214 3137 275 3176 prs
301 3133 403 3166 cuptae
428 3138 489 3167 per
516 3125 701 3169 Theologos
731 3132 771 3162 S.
795 3133 990 3167 Faculmcis
1008 3134 1202 3167 Academia·
1223 3134 1331 3169 Loua-

216 3182 376 3220 menses.
403 3171 553 3222 lriecreto
580 3173 674 3204 Sacr.
702 3176 869 3222 Congreg.
896 3178 951 3212 die
978 3181 1035 3212 23.
1062 3180 1195 3224 Aprilis
1227 3181 1328 3222 1654.

215 3214 412 3260 prohibitus
430 3238 440 3257 ,
468 3230 501 3250 in
528 3230 597 3261 quo
621 3226 694 3251 tarn
721 3232 855 3256 crassus
878 3237 974 3260 error
993 3227 1023 3259 ei
1044 3227 1250 3260 inurbanius
1269 3239 1329 3262 ex-

213 3261 400 3304 probratur
416 3284 424 3293 .

257 3309 304 3345 (b)
330 3308 514 3341 Bossuetus
539 3311 628 3343 (lans
654 3313 678 3344 l'
696 3311 798 3344 Jnstr.
827 3327 882 3346 sur
907 3319 941 3349 la
976 3324 1109 3352 version
1143 3321 1188 3352 du
1214 3320 1260 3352 JV.
1289 3318 1327 3351 T.

210 3354 264 3406 de*
283 3352 431 3388 Trewax
459 3355 561 3390 Tom-
584 3357 625 3390 11.
652 3359 741 3403 Opp.
766 3369 800 3403 p.
819 3359 900 3403 473-
925 3361 1008 3397 edit.
1029 3366 1135 3400 Paris.
1159 3367 1262 3409 ¹743·
1289 3377 1328 3399 o-

826 137 906 181 DE
942 136 1176 180 GRATIA
1209 135 1256 178 P.
1279 134 1314 177 1.
1345 132 1613 178 DISSERT.
1636 134 1693 179 V.
1723 134 1855 179 CAP.
1886 135 1922 178 Ι.

1421 222 1508 251 stra
1521 213 1726 262 clamant,
1755 217 1828 265 ipsi
1855 216 2010 263 seriptis
2038 216 2119 252 suis
2133 216 2283 266 scripta
2296 221 2427 252 vestra
2440 226 2539 254 con-2

1422 265 1652 311 demn‹znt;
1680 266 1715 304 δε
1741 266 1836 305 alibi
1867 268 1957 306 Lib.
1979 266 2045 305 Vt.
2073 282 2161 320 cap.
2184 282 2247 306 τι.
2291 267 2410 305 Meus
2438 280 2538 318 proe-

1422 328 1556 368 ceptor
1584 327 1643 357 est
1665 319 1951 372 Cypramus...
1981 333 2093 358 meus
2121 330 2177 359 est
2202 331 2426 373 praeceptor
2442 321 2540 360 Am-

1423 370 1572 410 broseus
1585 372 1674 413 &c-

1477 424 1544 464 61.
1573 425 1666 465 Inst.
1683 425 1726 466 S.
1743 427 1969 479 Augustinus
1996 441 2121 479 graeee
2141 439 2214 466 non
2235 425 2420 474 callebat3
2449 440 2539 466 con-

1424 486 1483 517 tra
1511 485 1638 516 autem
1667 478 1749 529 ejus
1777 481 2012 529 adversarii,
2039 481 2214 520 Julianus
2245 483 2441 533 praecipue
2459 511 2469 528 ,
2500 495 2539 519 e·

1422 540 1506 570 rant
1520 545 1658 583 graecae
1678 531 1818 582 linguae
1840 535 2056 584 peritissimi
2075 550 2084 581 ς
2114 549 2202 573 cuin
2226 547 2314 572 vero
2333 543 2424 572 tunc
2444 543 2538 572 tem-

1424 586 1526 635 poris
1555 583 1728 622 Ecclesia
1755 585 1896 622 Graeca
1926 600 2063 637 magna
2091 589 2275 626 doctrinae
2320 586 2434 625 laude
2469 587 2539 624 flo-

1425 645 1549 684 reret,
1580 637 1694 675 facile
1723 638 1843 689 potuit
1872 638 2104 687 Augustinus
2132 643 2332 692 antiqu-nn
2363 639 2540 679 semitam

1424 693 1628 743 ignorare,
1656 703 1775 742 quam
1805 688 1897 739 ejus.
1916 690 2122 731 adversarii
2152 695 2350 732 videbant.

1475 743 1543 781 62.
1574 743 1686 795 Resp.
1729 742 1770 781 S.
1801 743 2057 794 Augustinum
2087 758 2258 796 gracum
2289 749 2432 785 idioma
2460 743 2541 784 cal-

1421 797 1535 835 luisse
1552 828 1561 845 ,
1591 806 1778 849 quantum
1807 796 1895 833 satis
1924 805 2001 833 erat
2029 797 2078 833 ad
2107 808 2249 836 veteres
2277 798 2402 838 Patres
2431 798 2541 838 intel·

1421 849 1611 901 ligendos3
1641 849 1740 888 unde
1769 863 1869 900 saepe
1883 848 2114 900 Gregorium
2132 879 2145 897 ,
2176 851 2386 898 Basilium,
2414 853 2539 905 Chry-

1420 913 1654 952 sostomum,
1684 902 1853 954 aliosque
1882 901 2089 941 laudabat.
2121 903 2244 942 lmmo
2273 912 2420 951 tantum
2437 906 2475 942 in
2497 918 2541 945 ea.

1420 970 1574 1009 quoque
1603 966 1707 1008 parte
1737 956 1915 1004 vatebat‚
1960 966 1998 994 ut
2037 958 2201 1009 potuerit
2236 956 2542 1010 aliquandoJu·

1419 1010 1566 1047 lianum
1597 1010 1749 1062 pinguis
1766 1009 1902 1047 erroris
1921 1010 2174 1062 redarguere,
2206 1009 2239 1045 81
2268 1012 2315 1048 ad
2344 1010 2541 1049 silentium

1418 1076 1579 1114 cogere.
1621 1064 1720 1101 Cum
1750 1063 1852 1100 enim
1881 1062 2062 1103 Julianus
2093 1063 2150 1102 vel
2183 1065 2341 1111 inscite,
2371 1062 2432 1102 vel
2459 1077 2542 1102 ma-

1417 1114 1539 1155 litiose
1570 1129 1661 1155 voce
1690 1116 1807 1154 latina
1835 1116 1963 1165 plures
1991 1131 2013 1154 a
2033 1118 2073 1155 S.
2095 1116 2215 1156 Paulo
2234 1116 2407 1155 adhibita
2428 1115 2541 1156 Rom.

1418 1169 1467 1207 V.
1503 1171 1562 1209 15.
1594 1179 1785 1217 uteretur,
1815 1183 1904 1221 quae
1935 1172 2134 1222 aequivoca
2163 1179 2217 1208 est
2245 1170 2292 1208 ad
2321 1169 2541 1221 significan-

1417 1223 1482 1261 dos
1512 1223 1571 1262 vel
1602 1223 1740 1262 multos
1770 1222 1973 1271 absolute,
2012 1223 2071 1262 vel
2115 1223 2302 1276 majorem
2332 1236 2542 1262 numerum

1418 1280 1713 1327 comparative,
1749 1276 1790 1313 S.
1824 1275 2056 1326 Augustinus
2084 1278 2130 1315 ad
2158 1290 2303 1329 graecos
2334 1277 2453 1315 fontes
2481 1290 2541 1315 re·

1418 1344 1594 1376 currens,
1625 1342 1705 1365 non
1735 1333 1971 1377 pronunciat
1990 1329 2142 1378 plures,
2173 1331 2319 1381 inquit,
2349 1328 2419 1367 secl
2439 1331 2541 1368 mul-

1418 1391 1478 1418 tos
1495 1409 1505 1419 .
1540 1382 1684 1418 Graece
1714 1382 1863 1417 locutus
1880 1389 1936 1417 est
1953 1409 1964 1427 ,
1994 1383 2128 1423 πολλὰ
2151 1380 2250 1417 dixit
2271 1395 2354 1417 non
2373 1379 2541 1429 πλεὶςκμ

1414 1436 1527 1486 lege,
1570 1436 1611 1474 (ΖΦ
1648 1444 1768 1471 tace.
1813 1433 1892 1470 Nec
1922 1431 2038 1470 semel
2083 1433 2121 1471 id
2162 1434 2249 1472 fecit
2281 1435 2538 1485 Augustinus,

1414 1489 1476 1525 sed
1509 1487 1724 1535 multoties,
1756 1496 1795 1524 ut
1825 1486 1981 1523 ostendit
2011 1486 2206 1525 Bossuetus
2226 1486 2406 1538 Defense
2427 1486 2476 1524 cle
2495 1487 2540 1525 la

1418 1540 1625 1579 Tradition
1641 1567 1652 1579 .
1684 1540 1773 1578 Lib.
1791 1539 1876 1577 Vll.
1905 1553 1941 1577 c.
1964 1540 2001 1577 5.
2032 1539 2281 1593 Quamquam
2309 1542 2340 1578 si
2362 1541 2477 1578 etiam
2496 1540 2539 1581 S.

1414 1594 1554 1632 Doctor
1582 1595 1738 1632 Graecos
1768 1592 1892 1630 Patres
1922 1606 1995 1629 non
2026 1592 2201 1642 vidisset,
2246 1607 2291 1632 ex
2320 1595 2538 1632 communi-

1412 1646 1483 1684 bus
1512 1657 1639 1685 tamen
1669 1646 1854 1684 Ecclesiae
1884 1644 2062 1698 precibus
2090 1646 2138 1684 de
2167 1647 2325 1699 antiqua
2345 1647 2538 1687 Traditio-

1413 1714 1462 1747 ne
1491 1709 1615 1738 certus
1644 1708 1736 1737 esset
1766 1697 1846 1751 (b).

1467 1752 1533 1792 63.
1565 1752 1657 1803 Obi.
1684 1752 1752 1791 nlt.
1801 1752 2053 1803 Augustinum
2082 1765 2221 1791 novam
2251 1753 2424 1791 semitam
2454 1752 2534 1792 cal-

1413 1820 1516 1844 casse
1545 1808 1584 1844 in
1617 1806 1798 1859 mysterio
1827 1806 1974 1843 Gratiae
2020 1805 2274 1854 explicando,
2320 1807 2444 1844 visum
2481 1815 2536 1846 est

1413 1860 1591 1911 pluribus
1623 1862 1713 1898 viris
1742 1856 1973 1906 Catholicis,
2016 1860 2084 1910 qui
2115 1869 2313 1911 propterea
2341 1859 2415 1897 sibi
2446 1860 2535 1898 reli·

1411 1915 1513 1964 gioni
1542 1915 1704 1951 minime
1733 1913 1922 1950 duxerunt
1952 1911 2001 1949 ab
2031 1925 2074 1949 eo
2095 1915 2290 1951 recedere.
2321 1912 2418 1950 Inter
2448 1913 2536 1953 illos

1413 1976 1651 2004 recensentur
1670 1966 1854 2004 Claudius
1875 1965 2091 2003 Sanctesius
2107 1995 2118 2013 ,
2150 1966 2376 2004 Ambrosius
2395 1965 2535 2005 Catha-

1412 2021 1547 2068 rinus,
1577 2019 1709 2057 Petrus
1740 2022 1932 2068 Auratus,
1964 2017 2142 2057 Alhertus
2163 2017 2321 2071 Pighius
2337 2019 2419 2071 (c),
2448 2020 2532 2059 Sta-

1410 2072 1602 2125 pletonius
1630 2073 1663 2109 8(
1693 2073 1806 2110 Card.
1836 2071 2031 2112 Sadoletus
2048 2098 2059 2110 .

1463 2127 1529 2172 64.
1562 2125 1674 2179 Resp.
1718 2125 1811 2174 hos,
1854 2125 1887 2161 8(
1930 2138 2070 2177 paucos
2112 2125 2296 2178 quosdam
2327 2125 2532 2178 Augustini

1410 2182 1536 2218 minus
1565 2193 1695 2232 aequos
1725 2180 1970 2217 aestimatores
1999 2178 2101 2216 male
2129 2180 2233 2230 apud
2261 2188 2427 2228 ceteros,
2459 2179 2530 2219 hac

1408 2235 1648 2285 potissimum
1679 2233 1726 2271 de
1754 2246 1868 2270 causa
1897 2246 2046 2284 semper
2075 2233 2287 2270 audivisse.
2333 2233 2382 2270 Iis
2411 2246 2529 2286 oppo-

1407 2288 1534 2325 nimus
1562 2287 1719 2338 spissam
1750 2285 1869 2323 veluti
1898 2285 2043 2322 nubem
2073 2284 2238 2323 aliorum
2256 2316 2266 2334 ,
2310 2287 2376 2337 qui
2406 2288 2531 2325 maxi-

1407 2342 1462 2378 mi
1491 2353 1661 2391 semper,
1707 2347 1746 2376 ut
1774 2339 1908 2386 decet,
1953 2338 2158 2389 Augustini
2186 2338 2399 2377 doctrinam
2431 2340 2530 2378 fece-

1406 2403 1525 2432 ruut.
1573 2392 1816 2444 Opponimus
1847 2389 2048 2429 Pontifices
2076 2404 2239 2430 numero
2281 2391 2369 2444 plus
2409 2407 2527 2445 quam

1406 2446 1471 2484 50.
1488 2475 1499 2493 ‚
1542 2447 1610 2498 qui
1640 2446 1680 2483 S.
1711 2445 1914 2483 Doctorem
1943 2458 2060 2495 supra
2087 2452 2229 2483 ceteros
2270 2458 2403 2484 omnes
2431 2447 2529 2486 San·

1404 2509 1480 2539 ctos
1509 2499 1661 2548 Patres,
1692 2499 1770 2536 sive
1800 2498 1962 2546 latinos,
2004 2499 2083 2536 sive
2109 2511 2252 2548 graecos
2282 2499 2526 2548 extulerunt,

1405 2553 1440 2589 ἃ
1456 2554 1657 2605 praeconiis
1674 2560 1933 2590 exornarunt.
1962 2550 2201 2601 Opponimus
2215 2550 2403 2599 Concilia,
2424 2566 2525 2604 prae-

1405 2608 1518 2658 cipue
1539 2607 1822 2645 Arausicanum
1840 2635 1850 2653 ,
1882 2604 1915 2640 δι
1931 2602 2202 2640 Tridentinum
2220 2633 2230 2650 ,
2261 2616 2349 2654 quae
2372 2618 2440 2642 sua
2460 2606 2526 2643 de-

1403 2670 1506 2698 creta
1538 2669 1667 2697 contra
1697 2659 1944 2711 Pelagianos,
1988 2655 2020 2691 ἃ
2051 2654 2400 2695 praedestinatianos
2434 2659 2526 2711 ipsis

1404 2714 1602 2764 Augustini
1646 2712 1774 2751 verbis
1815 2717 2116 2763 proposuerunt.
2163 2709 2407 2761 Opponimus
2451 2725 2526 2749 uno

1402 2768 1522 2807 verbo
1550 2776 1667 2806 totam
1695 2764 1907 2805 Ecclesiam
1925 2792 1936 2812 ‚
1966 2761 2076 2814 cujus
2105 2776 2172 2812 os,
2202 2763 2251 2804 <9⁴
2280 2763 2418 2817 lingua
2438 2779 2518 2803 me-

2419 2832 2471 2857 ri-

1398 2949 1553 2989 stendit,
1590 2949 1697 2981 etiam
1733 2946 1806 2980 sine
1840 2944 2012 2991 profunda
2051 2946 2254 2990 linguarum
2280 2947 2516 2982 Orientalium

1398 2997 1594 3040 cognitione
1619 3004 1718 3038 posse
1745 2994 1927 3037 antiquam
1950 2992 2117 3025 Ecclesia?
2143 2992 2361 3034 doctrinam,
2389 2997 2420 3024 8<
2446 3001 2519 3025 tra-

1396 3042 1564 3075 ditionem
1591 3040 1743 3084 perfecte
1768 3040 1954 3083 cognosci,
1990 3038 2155 3083 additque
2195 3041 2282 3073 hanc
2320 3041 2521 3082 linguarum

1399 3088 1582 3121 scientiam
1595 3086 1751 3118 homines
1770 3086 1978 3130 plerumque
1992 3083 2133 3119 reddere
2150 3087 2257 3130 magis
2273 3097 2392 3124 vanos,
2411 3097 2519 3129 qnam

1399 3133 1586 3177 sapientes,
1605 3135 1637 3164 &
1650 3131 1838 3176 prudentes
1855 3145 1863 3163 ε
1891 3136 1945 3177 qui
1965 3135 2051 3166 rend
2070 3134 2337 3166 ordinairement
2355 3133 2406 3165 les
2427 3131 2521 3164 hom·

1399 3191 1468 3213 mes
1497 3182 1592 3212 naias
1620 3181 1753 3220 plzztot,
1778 3191 1837 3222 que
1865 3192 1964 3223 seges
1980 3201 1992 3220 ,
2017 3183 2056 3211 (θ’
2077 3180 2260 3226 jizdicienx
2276 3200 2284 3209 .

1446 3230 1492 3264 (c)
1516 3223 1706 3258 Academia
1731 3225 1958 3258 Lovaniensis
1985 3226 2021 3257 in
2048 3238 2108 3258 sua
2134 3225 2287 3257 Censura
2326 3236 2380 3256 an.
2414 3225 2515 3269 1587.

1398 3271 1586 3306 Albertum
1613 3271 1774 3315 Pighium
1798 3281 1897 3305 vocat
1915 3272 2114 3315 fautorem,
2140 3274 2181 3304 (ff
2207 3274 2336 3305 socium
2363 3271 2518 3315 Semipe-

1398 3320 1610 3363 Iagianorum
1622 3340 1632 3350 .
