2562 3694
838 131 1224 181 REFELLITUR
1258 134 1740 185 PROBABILISMUS
1761 173 1773 185 .

149 223 255 272 uim,
286 221 316 261 si
347 217 486 260 mulier
511 224 708 267 opponens
736 216 1099 267 consanguinitatem
1132 216 1269 268 proba-

150 279 269 317 tiones
299 276 377 328 jam
406 278 552 324 paratas
582 267 770 316 liaberet,
800 282 876 306 esse
906 283 989 307 eam
1020 270 1177 321 quidem
1208 284 1266 308 re-

150 331 375 370 stituendam
394 325 552 371 marito,
599 330 756 359 uamum
772 321 817 360 ad
838 322 912 360 alia
930 353 940 370 ,
971 324 1034 361 sed
1055 337 1126 361 nou
1149 338 1267 375 quan-

151 392 234 424 tum
263 381 309 419 ad
337 378 490 416 thorum
508 402 519 414 .
566 336 681 426 {wod
710 379 742 412 si
771 388 850 413 non
894 375 1038 414 habeat
1072 375 1267 427 probatio-

148 449 222 474 nes
250 438 291 472 in
319 433 536 471 continenti
565 438 738 479 paratas
757 460 766 477 ‚
811 428 879 467 sed
907 430 1119 468 ‹lilatt'ones
1147 443 1267 482 expe-

147 495 232 528 ctat
259 487 483 533 lonet'ores,
513 484 710 532 decernit,
740 482 794 520 cvl
815 486 1099 521 restitutionem
1129 484 1269 534 plena·

146 544 255 579 riam
277 529 568 577 Ecclesiasticir
598 549 770 575 censum
800 536 938 574 debere
954 537 1132 584 compelli
1156 553 1169 581 ;
1198 551 1268 575 nec

145 603 274 633 tamen
294 593 464 632 Pontifex
494 590 631 642 jubens
648 621 658 638 ,
689 599 728 628 ut
751 592 885 629 marito
915 592 1059 628 semina
1080 590 1189 642 plene
1211 604 1266 628 re-

143 649 346 695 stituatur,
391 646 576 698 permittit
618 645 775 682 feminae
799 675 809 692 ,
859 653 898 681 ut
926 652 1045 682 stante
1073 643 1192 681 dubio
1221 644 1267 682 de

143 702 470 753 consanguinitate
502 701 636 737 marito
656 699 945 736 commisceatur
961 727 972 744 ,
1001 697 1103 748 quod
1125 695 1265 735 Proba-

143 753 274 793 bilista
293 785 303 802 ‚
334 764 370 792 nt
400 762 519 806 put0,
558 765 601 790 ex
633 752 836 804 principiis
865 750 1018 788 reflexis
1046 762 1119 788 non
1148 750 1263 788 dene-

141 818 246 860 garet
276 810 373 861 (‹1.);
416 808 537 844 immo
566 806 623 844 illi
656 805 784 855 jubet,
828 812 870 841 ut
900 804 1262 841 excommunicatio—

139 875 230 900 nem
264 863 386 913 potius
408 859 606 898 humiliter
627 860 747 906 ferat,
776 870 892 909 qnam
915 856 1011 894 thori
1028 858 1259 895 consortium

140 917 281 954 marito
309 915 508 954 concedat:
540 926 676 963 nempe
705 912 787 962 ipsa
815 923 965 961 semper
984 909 1163 948 tutiorem
1184 939 1195 958 ‚
1225 910 1259 947 &

138 968 444 1021 probabiliorem
475 974 620 1019 partem
649 965 756 1016 sequi
786 964 1012 1002 tenebatur.

198 1023 286 1061 105.
317 1022 375 1061 Ad
405 1022 590 1059 ultimum
635 1017 843 1070 respondeo
878 1019 1035 1067 primo,
1078 1016 1259 1055 mirabile

135 1074 252 1128 plane
283 1076 403 1115 videri
434 1074 504 1112 hoc
531 1080 799 1123 argumentum
829 1071 997 1122 opponi3
1026 1069 1127 1121 quod
1158 1071 1187 1108 si
1218 1086 1256 1109 a·

136 1129 262 1181 liquid
292 1128 460 1176 valeret,
501 1125 542 1163 id
571 1123 713 1163 valeret
761 1124 906 1170 etiam,
955 1131 994 1160 nt
1037 1123 1254 1170 evinceret,

133 1195 241 1234 posse
269 1194 336 1220 nos
363 1181 585 1233 opinionem
616 1178 745 1216 minus
764 1175 1009 1230 probabilem
1031 1206 1041 1224 ‚
1073 1176 1256 1215 &minus

126 1243 252 1272 ⁴tutam
281 1234 494 1287 amplecti,
538 1231 604 1270 nbi
634 1232 757 1283 agitur
784 1231 831 1267 de
873 1229 1002 1268 valore
1030 1229 1255 1269 Sacramen-

126 1296 254 1327 torum
272 1317 284 1336 ‚
312 1287 478 1326 dubium
508 1287 610 1325 enim
628 1315 639 1333 ,
675 1285 779 1338 quod
808 1284 949 1322 dicitur
979 1282 1140 1322 Urbano
1169 1298 1256 1336 pro-

129 1342 320 1394 positum,
349 1350 428 1379 erat
448 1370 460 1389 ‚
488 1354 537 1378 an
567 1339 696 1377 valida
713 1346 828 1376 essent
850 1337 1093 1376 matrimonia
1114 1351 1135 1374 a
1150 1339 1255 1377 Gua-

125 1404 240 1433 ranae'
264 1396 384 1447 gentis
411 1392 646 1446 primoribus
675 1405 764 1429 eum
786 1392 912 1444 prima
928 1390 1147 1430 concubina
1167 1405 1255 1430 con-

128 1456 274 1494 tracta3
311 1461 399 1500 qnae
429 1448 459 1485 si
489 1446 616 1486 valida
645 1455 774 1494 erant,
818 1458 894 1483 non
932 1442 1100 1496 amplius
1131 1446 1176 1482 iis
1205 1444 1253 1484 li-

125 1501 236 1540 cebat
264 1500 381 1539 aliam
413 1499 486 1539 sibi
518 1499 721 1538 mulierem
752 1498 1001 1537 Sacramento
1034 1497 1217 1550 copulare
1238 1527 1250 1538 .

126 1553 170 1592 Si
201 1557 328 1608 itaque
357 1554 539 1592 Urbanus
566 1553 771 1598 definivit,
803 1552 954 1590 licitum
987 1554 1026 1589 in
1059 1550 1128 1590 boc
1158 1567 1248 1591 casu

126 1607 244 1646 fuisse
271 1609 492 1646 sententiam
522 1607 650 1643 minus
680 1613 800 1642 tutam
829 1604 1040 1656 amplecti,
1084 1605 1123 1642 id
1152 1606 1247 1644 defi-

124 1661 251 1709 nivit,
293 1660 399 1714 quod
426 1667 553 1712 postea
581 1657 665 1711 ejus
691 1669 881 1696 successor
910 1657 1148 1696 Innocentius
1176 1658 1246 1698 XF.

123 1713 355 1752 damnavit.
385 1713 476 1752 Vid.
504 1724 589 1766 sup.
620 1726 729 1750 num·
759 1711 826 1764 47.

186 1767 272 1806 106.
304 1767 418 1821 Resp.
460 1765 634 1806 secundo
676 1779 765 1804 cum
795 1765 922 1818 Tyrso
964 1763 1151 1809 Gonzalez
1179 1764 1245 1805 De

123 1830 233 1859 recto
259 1834 331 1860 usu
371 1819 531 1872 probab.
560 1816 670 1858 Dissi
699 1819 759 1866 ¹4·
777 1849 788 1867 ,
831 1818 942 1857 nullo
987 1817 1213 1857 authentico
1233 1850 1243 1869 ,

122 1883 186 1912 aut
227 1876 317 1914 satis
351 1875 467 1914 firmo
512 1874 742 1913 documento
771 1871 921 1911 Urbani
952 1871 1059 1911 Vnt.
1090 1886 1243 1924 respon-

119 1941 205 1966 sum
239 1930 374 1978 inniti,
404 1943 494 1966 cnm
524 1927 565 1966 P.
594 1926 655 1965 del
676 1925 836 1975 Tecbo,
865 1927 933 1979 qui
965 1927 1112 1979 primus
1143 1926 1241 1964 illud

119 1981 279 2030 retulit,
309 1996 387 2020 non
415 1982 572 2034 propria
601 1979 794 2019 Pontificis
824 1981 970 2029 verba,
1000 1989 1040 2018 nt
1071 1981 1240 2018 maxime

117 2045 215 2086 opus
242 2045 320 2074 erat
342 2066 352 2084 ‚
396 2036 461 2074 sed
488 2034 613 2074 solum
643 2034 865 2072 eorumdem
894 2047 1044 2073 sensum
1075 2046 1144 2087 pro
1172 2046 1240 2071 suo

117 2088 303 2127 arbitratu
333 2089 487 2128 afferat.
534 2087 634 2136 Quis
674 2101 760 2126 sane
797 2100 870 2125 non
899 2089 1086 2135 miretur,
1135 2085 1239 2126 hunc

118 2139 354 2181 Historicnm
384 2156 513 2194 preces
540 2156 562 2180 a
590 2142 732 2180 Joanne
759 2142 806 2179 de
836 2142 970 2192 brige,
1012 2142 1080 2192 qui
1111 2149 1238 2192 postea

117 2192 336 2233 Cardinalis
364 2197 462 2244 fuit,
491 2195 667 2233 Pontifici
695 2193 842 2232 oblatas
861 2194 1018 2232 totidem
1048 2194 1176 2232 verbis
1189 2193 1236 2232 fi-

115 2246 253 2286 deliter
282 2250 532 2301 expressisse,
563 2249 602 2286 in
629 2261 705 2300 quo
735 2260 806 2285 non
834 2255 937 2284 tanta
966 2255 1044 2285 erat
1074 2249 1236 2292 necessi-

116 2308 198 2347 tas;
240 2301 449 2354 neglexisse
478 2310 604 2340 autem
633 2299 826 2339 l’outificis
866 2299 1069 2339 oraculum
1099 2301 1236 2341 iisdem

113 2353 232 2406 plane
251 2355 378 2394 verbis
396 2385 407 2404 ,
437 2354 581 2408 quibus
599 2354 792 2407 prolatum
814 2353 936 2392 fuerat
958 2384 968 2402 ,
998 2353 1134 2392 litteris
1147 2367 1236 2395 con-

114 2407 298 2460 signare?
333 2408 460 2447 Nemo
485 2417 586 2448 certe
615 2407 727 2446 nobis
755 2408 954 2446 indubiam
985 2407 1103 2446 fidem
1133 2409 1234 2448 face-

112 2473 158 2498 re>
184 2471 304 2513 potest
323 2492 336 2513 ἱ
363 2476 439 2501 non
458 2463 576 2501 fuisse
595 2461 790 2500 Pontifieis
818 2462 935 2502 verba
963 2463 1146 2512 tantisper
1162 2463 1235 2501 im-

111 2525 277 2564 mutata3
322 2516 380 2555 vel
412 2530 485 2555 non
514 2516 634 2568 probe
663 2515 878 2564 intellecta,
907 2516 942 2553 ἃ
972 2516 1020 2553 ad
1048 2515 1233 2555 Probabi—

109 2568 216 2608 lismi
244 2571 580 2610 confirmationem
597 2599 608 2618 ‚
668 2571 705 2608 ui
736 2579 824 2608 tnnc
853 2569 964 2621 longe
985 2569 1139 2622 lateque
1155 2585 1232 2609 ser-

109 2622 224 2676 pebat
241 2655 252 2673 ‚
281 2624 596 2664 accommodata.
637 2583 827 2661 (li'raeterea
857 2623 972 2662 fuisse
1000 2625 1233 2678 quandoque

107 2678 210 2714 vivae
241 2679 343 2716 vocis
370 2677 527 2716 oracula
556 2677 810 2716 Pontificibus
838 2679 1040 2729 perperam
1070 2677 1196 2716 afficta
1218 2709 1229 2727 ,

109 2743 224 2767 nemo
253 2732 485 2770 eruditorum
506 2732 682 2784 ignorat.
714 2730 764 2769 V.
792 2731 961 2769 concina
976 2731 1064 2770 Lib.
1086 2732 1151 2770 lll.
1182 2732 1233 2772 (le

110 2781 282 2823 Probab.
309 2785 413 2824 Diss.
431 2783 539 2824 Vm.
568 2799 654 2839 cap.
685 2784 724 2824 8.
754 2799 794 2823 u.
830 2797 892 2824 12.

159 2911 209 2946 (a)
233 2906 476 2942 'I'amburinus
504 2909 582 2944 Lib.
601 2911 628 2944 1.
656 2910 690 2944 in
717 2910 837 2944 DecaI.
865 2922 894 2943 c.
916 2911 947 2944 3.
975 2914 1006 2953 §.
1029 2920 1059 2942 2.
1099 2911 1145 2944 ita
1172 2923 1229 2945 ca-

105 2963 183 2986 snm
211 2954 377 2987 resolvit:
428 2956 470 2988 Si
494 2965 572 2998 post
598 2965 808 2993 contractum
849 2958 934 2990 bona
950 2957 1031 3002 fide
1057 2962 1231 2991 matrimo-

105 3001 196 3032 nium
221 3004 435 3043 superveniat
461 3003 596 3036 dubium
620 3007 724 3036 etiam
749 3007 784 3036 in
811 3012 950 3050 utruque
974 3005 1140 3051 conjuge,
1168 3017 1228 3038 nec

112 3053 191 3086 poet
214 3048 438 3091 dlligenticun
464 3052 590 3082 veritas
616 3049 734 3082 haberi
757 3054 901 3091 possit,
937 3055 1066 3094 poterit
1090 3061 1231 3096 uterque

105 3091 229 3136 confina
255 3095 452 3135 redddere,
480 3099 520 3128 (θ’
545 3104 664 3138 petere
689 3096 863 3129 debitum.

156 3137 204 3174 (b)
231 3138 311 3172 Vitl-
337 3140 544 3174 Benedictus
573 3141 668 3174 XIV.
695 3143 739 3175 (le
766 3142 915 3187 synodo
943 3140 1153 3177 Dioecesana
1184 3146 1221 3177 L.

107 3181 208 3215 Xlll.
245 3195 318 3237 cap.
340 3197 427 3228 tn,
465 3187 526 3222 ubi
564 3187 653 3221 duas
677 3188 730 3221 Pii
757 3187 826 3228 V.,
870 3191 901 3220 &
937 3189 1095 3230 Gregorii
1125 3191 1221 3223 xm.

105 3227 378 3266 Constitutiones
403 3233 445 3267 de
468 3233 671 3278 hujusmodi
707 3234 968 3275 matrimoniis,
1011 3235 1042 3265 ἀ
1069 3236 1222 3280 Congre-

105 3274 289 3318 gassionn‘m
314 3277 551 3314 Romanarum
577 3282 713 3326 praxim
740 3281 904 3326 exponit.

122 3365 127 3370 ⁸
157 3326 205 3358 (C)
236 3321 321 3364 Qnae
348 3335 536 3361 narrantur
562 3327 604 3361 (le
630 3329 839 3361 Constantia
864 3327 935 3360 filia
963 3327 1107 3370 Rogerii
1131 3328 1220 3361 Sici-

103 3364 158 3400 lflae
185 3367 292 3414 Regis
316 3366 514 3414 dispensata
538 3386 558 3409 a
574 3375 766 3411 Coelestino
792 3375 878 3416 ltt.,
903 3382 941 3408 ut
961 3374 1108 3408 nuberet
1123 3375 1220 3409 Hen-

2344 153 2404 207 69

1395 233 1482 270 ¹07·
1515 219 1626 272 llesp.
1655 227 1794 270 tertio,
1835 222 1952 263 verba
1981 225 2173 267 Pontificis
2203 241 2308 282 posse
2338 232 2454 270 etiam

1336 273 1381 311 ad
1396 287 1526 311 sanum
1545 288 1694 312 sensum
1712 278 1790 313 sine
1807 277 1985 316 violentia
2004 282 2189 330 pertrahi,
2221 297 2358 336 nempe
2381 285 2456 322 sor-

1337 336 1429 365 tasse
1458 329 1637 366 concessit
1669 327 1944 378 Missionariis,
1976 342 2012 369 nt
2042 346 2283 386 sequerentur
2303 339 2453 389 opinio-

1337 395 1400 418 nes
1430 394 1497 432 pro
1525 382 1740 419 conditione
1769 381 1968 431 locorum,
2012 400 2056 422 ac
2087 386 2283 427 hominum
2314 391 2452 429 barba·

1337 434 1388 470 ris
1421 434 1676 483 favorabiles,
1707 436 1915 473 dummodo
1935 446 2061 475 taznen
2092 450 2209 478 essent
2231 444 2341 480 etiam
2367 458 2450 495 pro·

1337 486 1572 536 habiliores,
1602 488 1854 527 &moraliter
1884 498 2025 536 certae3
2055 503 2270 532 nouantem
2300 508 2452 535 contra.

1338 539 1435 578 'Nam
1465 544 1626 594 quaestio
1665 552 1742 580 erat
1773 544 1898 594 potius
1926 544 1972 581 de
2002 544 2127 593 sarem,
2170 561 2287 598 quam
2317 549 2362 586 de
2391 551 2451 601 ju-

1337 606 1402 639 rc3
1432 609 1519 633 cum
1551 598 1653 634 enim
1678 596 1735 634 illi
1766 597 1928 635 seminas
1957 598 2162 647 ducerent,
2194 600 2312 638 veluti
2334 603 2452 640 ancil-

1335 645 1410 695 las,
1442 647 1474 684 8(
1494 649 1678 698 famulas,
1709 650 1937 702 easdemque
1959 650 2150 699 infirmas,
2182 653 2238 691 vel
2261 668 2452 692 senescen-

1334 708 1385 738 tes
1416 715 1485 754 pro
1512 703 1672 741 arbitrio
1699 704 1960 750 dimittereut3
1991 718 2062 743 non
2082 708 2275 745 immerito
2302 708 2451 746 dubita-

1331 762 1412 791 tum
1442 755 1493 793 ab
1521 756 1718 809 aliquibus
1746 766 1825 806 est,
1856 771 1904 795 an
1935 772 1996 796 eas
2027 773 2187 797 uxorum
2206 791 2216 809 ,
2247 760 2306 798 vel
2338 761 2450 812 pelli·

1330 820 1419 846 cum
1450 808 1533 848 loco
1562 810 1771 849 haberent.
1816 811 1961 851 Definit
1991 826 2079 864 ergo
2110 813 2219 852 Rom.
2250 813 2417 852 Pontifex
2441 844 2454 862 ,

1329 862 1401 899 nisi
1434 862 1573 910 fallor,
1618 873 1656 901 ut
1686 864 1919 903 Missionarii
1964 879 2046 903 rem
2089 866 2294 918 diligenter
2323 870 2451 921 iuqui-

1329 923 1445 962 rant,
1475 915 1508 951 ἃ
1540 918 1569 954 si
1602 917 1842 968 probabilius
1869 918 2031 970 judicari
2065 930 2262 971 poterant,
2293 935 2382 960 vera
2404 922 2452 960 il-

1327 965 1364 1005 la
1396 967 1645 1008 Matrimonia
1674 984 1748 1008 non
1780 973 1922 1021 fuisse,
1967 975 2015 1011 ad
2044 974 2158 1011 fidem
2199 974 2450 1013 christianam

1327 1022 1567 1062 venientibus
1597 1024 1793 1073 nubendi,
1823 1028 1885 1064 cui
1918 1026 2102 1074 mallent,
2149 1038 2363 1079 potr-statem
2395 1031 2449 1067 sa-

1325 1084 1475 1124 cerent,
1515 1077 1617 1115 uude
1644 1079 1758 1116 etiam
1788 1082 1980 1131 sapienter
2008 1081 2101 1120 dicit
2130 1080 2302 1121 Pontifex
2321 1113 2330 1130 ,
2362 1083 2450 1121 nul-

1326 1126 1362 1166 la
1392 1143 1484 1180 opus
1514 1144 1593 1169 esse
1619 1132 1898 1183 dispensatione
1929 1134 2015 1184 (b).

1385 1182 1471 1220 ωδ.
1502 1184 1617 1223 Dices
1646 1189 1772 1236 primo
1790 1212 1799 1223 .
1831 1186 2032 1225 Pontifices
2052 1201 2127 1227 non
2156 1189 2446 1242 semitam-,0:1-

1324 1246 1450 1274 sarunt
1474 1236 1678 1288 Regnlares
1693 1253 1714 1275 a
1734 1239 1896 1277 solemni
1913 1251 2000 1279 voto
2018 1244 2219 1288 castitatis3
2249 1247 2353 1295 atqui
2375 1246 2446 1282 du-

1323 1289 1435 1328 bium
1465 1300 1516 1328 est
1535 1321 1545 1340 ,
1574 1306 1623 1329 an
1656 1293 1692 1330 id
1723 1290 1923 1331 Pontifices
1953 1296 2120 1344 possiut5
2152 1310 2239 1333 nam
2269 1297 2309 1334 S.
2340 1297 2444 1334 'stio-

1324 1356 1405 1381 mas
1437 1356 1474 1382 2.
1506 1357 1543 1383 2.
1573 1360 1612 1397 q.
1633 1344 1700 1396 87.
1730 1355 1801 1384 art.
1829 1360 1888 1385 ιι.
1917 1358 2118 1399 negantem
2147 1352 2368 1388 sententiam
2404 1366 2445 1388 a-

1321 1396 1394 1434 deo
1420 1405 1565 1436 certam
1596 1400 1770 1451 putavit,
1802 1409 1937 1439 utnon
1965 1402 2226 1451 dubitaverit,
2256 1405 2444 1456 quosdam

1320 1449 1482 1489 Juristas
1498 1482 1509 1500 ,
1539 1454 1605 1504 qui
1627 1455 1863 1490 contrarium
1894 1454 2076 1493 docebant
2094 1486 2104 1503 ‚
2135 1458 2360 1507 ignorantiae
2381 1473 2446 1496 ac-

1320 1517 1476 1550 cusare3
1507 1505 1545 1543 S.
1577 1514 1705 1543 antem
1728 1506 1894 1544 'rhomae
1921 1507 2021 1546 bona
2039 1539 2049 1557 ,
2079 1509 2114 1546 8t
2144 1510 2280 1548 melior
2310 1511 2443 1549 adliae-

1318 1567 1374 1595 ret
1402 1558 1692 1596 'Pliomistarnm
1723 1572 1833 1611 pars:
1863 1574 1952 1611 ergo
1981 1562 2055 1600 ἃς.

1378 1624 1464 1663 ¹⁰9·
1498 1611 1636 1664 Resp„
1675 1612 1797 1650 multa
1827 1613 1874 1651 de
1905 1615 1962 1652 liis
1991 1617 2338 1667 dispensationibus
2368 1620 2443 1656 cir-

1315 1664 1501 1701 cumferri
1519 1694 1530 1711 ,
1577 1678 1666 1716 qnae
1697 1665 1789 1703 fidei
1816 1669 1977 1704 omuino
2018 1669 2197 1706 indubiae
2222 1684 2297 1708 uon
2325 1681 2444 1718 sunt;

1314 1716 1438 1753 immo
1479 1725 1518 1754 ut
1548 1717 1644 1755 falsa
1687 1731 1708 1755 a
1737 1718 1890 1756 Criticis
1930 1721 2173 1771 gravioribus
2217 1725 2442 1774 rejiciuntur

1315 1770 1374 1819 (c)
1388 1796 1398 1807 .
1427 1768 1500 1807 Sed
1518 1772 1546 1808 si
1565 1784 1700 1809 verum
1716 1779 1793 1819 est,
1815 1771 1932 1810 fuisse
1948 1788 1969 1811 a
1985 1773 2238 1814 Pontificibus
2253 1779 2440 1830 quosdam

1315 1822 1519 1875 Regulares
1539 1839 1561 1862 a
1590 1823 1942 1864 solemnicastitatis
1974 1838 2058 1866 voto
2077 1828 2334 1880 dispensatos,
2364 1845 2441 1870 non

1311 1877 1389 1915 alia
1419 1878 1589 1928 profecto
1629 1878 1677 1915 de
1705 1892 1820 1917 cansa
1863 1880 1903 1917 id
1931 1881 2075 1919 factum
2116 1892 2195 1930 est,
2243 1886 2315 1922 nisi
2345 1888 2439 1938 (suia

1311 1930 1512 1968 Pontifices
1557 1931 1614 1969 illi
1644 1934 1870 1969 sententiam
1906 1936 2134 1972 contrariam
2165 1937 2206 1974 S.
2237 1937 2403 1976 Thomae
2424 1968 2437 1986 ‚

1308 1997 1397 2035 qnae
1429 1983 1607 2035 plu-ribus
1637 1985 1790 2022 Jnristis
1817 1986 1984 2034 arridet,
2035 1988 2156 2029 multo
2197 1991 2438 2041 probabilio-

1307 2050 1418 2084 rem,
1449 2036 1483 2073 &
1515 2037 1709 2076 moraliter
1737 2047 1885 2076 certam
1912 2040 2158 2090 judicarunt:
2203 2057 2279 2081 non
2306 2055 2435 2083 autem

1305 2091 1415 2142 quasi
1445 2090 1595 2129 licitum
1616 2105 1694 2129 esse
1713 2094 1955 2143 putaverint,
1986 2096 2205 2134 sententiam
2227 2099 2352 2135 miuus
2374 2109 2435 2136 tu·

1306 2153 1411 2191 tam,
1443 2145 1649 2196 minusque
1680 2145 1922 2196 proba-bileti]
1952 2148 2061 2186 alteri
2092 2152 2247 2198 tutiori,
2278 2165 2322 2188 ac
2344 2166 2432 2204 pro-

1304 2197 1487 2237 babiliori
1516 2199 1700 2250 praeferre
1717 2225 1727 2237 .
1758 2200 1869 2238 Certe
1896 2201 1978 2252 ipse
2004 2202 2045 2240 S.
2076 2202 2244 2241 Thomas
2267 2218 2303 2242 2.
2326 2218 2364 2243 2.
2392 2221 2435 2258 q.

1303 2252 1371 2293 88,
1391 2261 1463 2290 art.
1486 2267 1544 2291 12.
1566 2253 1615 2291 ad·
1636 2253 1673 2291 3.
1702 2253 1832 2302 docet,
1863 2256 1967 2306 quod
1986 2257 2079 2308 qnia
2099 2257 2283 2296 Summus
2305 2257 2431 2297 Ponti-

1306 2307 1368 2345 fex
1382 2309 1478 2360 gerit
1493 2307 1672 2357 plenarie
1688 2309 1810 2346 vicem
1827 2308 1966 2346 Christi
1985 2310 2024 2347 in
2041 2319 2112 2348 tota
2130 2310 2303 2350 Ecclesia
2321 2342 2330 2359 ,
2362 2312 2432 2350 lia·

1304 2360 1367 2400 bet
1397 2361 1676 2414 plenitudinem
1703 2362 1892 2412 potestatis
1911 2363 2157 2415 dispensandi
2180 2367 2220 2404 in
2247 2366 2431 2405 omnibus

1303 2414 1629 2468 dispensabilibus
1658 2417 1753 2453 votis
1775 2446 1785 2462 ,
1817 2415 1888 2454 ἃς.

1363 2483 1449 2508 iro.
1483 2469 1596 2507 D’ices
1624 2468 1818 2506 secundo.
1849 2469 1892 2506 In
1920 2483 2005 2522 cap.
2034 2470 2302 2509 Lizzrdizbilern
2333 2473 2424 2511 Lib.

1299 2521 1366 2560 lV.
1398 2523 1553 2560 Decret.
1582 2521 1662 2560 Tit.
1691 2522 1782 2560 XV.
1813 2536 1900 2574 cap.
1932 2524 1968 2561 5.
2000 2526 2066 2573 iis,
2115 2527 2181 2577 qui
2213 2527 2257 2563 de
2295 2526 2426 2563 valore

1302 2577 1539 2614 matrimonii
1584 2586 1738 2628 propter
1781 2577 2044 2628 impotentiam
2087 2579 2290 2625 dubitant,
2334 2578 2425 2629 jura.

1301 2631 1508 2668 trienninm
1539 2630 1780 2678 concedunt,
1818 2631 1864 2667 ad
1896 2631 2110 2668 tentandam
2141 2631 2352 2682 copulam3
2383 2642 2423 2671 at

1299 2697 1388 2721 vero
1418 2686 1456 2721 in
1489 2683 1567 2721 fine
1594 2685 1744 2722 triennii
1775 2683 1887 2734 louge
1916 2684 2155 2734 probabilius
2184 2695 2256 2731 est,
2287 2699 2421 2724 veram

1298 2737 1425 2776 adesse
1456 2737 1747 2790 impotentiam3
1778 2735 1810 2771 8(
1839 2747 1939 2773 certe
1968 2739 2083 2774 tutius
2113 2747 2204 2775 esset
2233 2738 2283 2776 ab
2311 2741 2420 2778 omni

1295 2800 1382 2829 actu
1410 2791 1604 2843 conjugali
1635 2799 1863 2843 temperare:
1893 2803 1980 2841 ergo
2009 2792 2038 2828 si
2060 2789 2130 2829 hoc
2149 2804 2223 2829 non
2249 2792 2420 2832 obstante

2308 2848 2363 2884 eis

1296 2914 1371 2948 rico
1396 2914 1457 2948 Vl.
1487 2916 1672 2959 imperat„
1700 2924 1778 2945 cum
1807 2913 1903 2956 prius
1929 2922 2016 2945 esset
2043 2913 2350 2955 sanctimonialis,
2377 2923 2417 2948 ut

1296 2962 1519 3004 supposititia
1547 2961 1720 2994 habentur
1746 2971 1764 2991 a
1791 2959 1938 2991 Baronio
1963 2957 2006 2991 ad
2031 2972 2086 2992 an.
2120 2962 2220 3004 ¹¹33·
2248 2973 2265 2993 a
2293 2960 2412 2994 hiat.

1296 3005 1496 3042 Alexandro
1523 3009 1564 3040 Η.
1595 3008 1633 3039 Ε.
1661 3007 1744 3037 Saec.
1763 3006 1840 3037 xit.
1867 3017 1941 3049 cap.
1963 3016 1993 3037 τε.
2021 3015 2088 3038 art.
2112 3009 2189 3039 13.=
2217 3008 2309 3041 &ab
2335 3009 2415 3040 aliis

1296 3054 1481 3086 severioris
1509 3054 1647 3086 critices
1673 3050 1818 3084 eruditis
1837 3073 1844 3081 .
1873 3052 1994 3096 Neque
2008 3051 2089 3085 fidei
2113 3053 2230 3086 minus
2257 3053 2415 3088 indubia.-

1293 3108 1373 3131 sunt
1403 3099 1534 3132 similes
1573 3098 1808 3131 absolutiones
1848 3111 1865 3131 a
1893 3100 1983 3131 votis
2009 3099 2224 3132 solemnibus
2253 3102 2410 3136 Relieio-

1294 3146 1370 3177 nis:
1400 3145 1489 3177 sicut
1513 3144 1642 3177 dicitur
1660 3166 1669 3183 ,
1696 3143 1934 3177 Alexandrum
1962 3146 2019 3178 lll.
2046 3147 2245 3189 permisisse
2266 3148 2414 3179 Nicolao

1290 3191 1514 3230 miminiano,
1541 3200 1577 3223 ut
1605 3191 1776 3230 nuberet,
1804 3203 1843 3223 ne
1871 3200 1943 3224 tarn
1969 3192 2116 3225 illustris
2145 3193 2276 3225 familia
2291 3194 2408 3225 exsin-

1290 3245 1479 3281 gumerium
1519 3239 1550 3268 ἀ
1578 3235 1800 3270 Benedictum
1828 3238 1889 3271 xi.
1917 3239 2091 3271 casimiro
2117 3240 2199 3282 Regi
2230 3240 2375 3271 Potoni?
2395 3258 2406 3275 ‚

1290 3287 1320 3315 ἃ
1350 3283 1492 3315 Ramiro
1518 3282 1605 3326 Regi
1633 3284 1840 3327 Aragoniae,
1876 3285 1934 3328 qui
1962 3296 2081 3318 omnes
2107 3286 2270 3318 Monacbi
2307 3290 2406 3315 erant

1288 3327 1430 3363 Ordinis
1458 3331 1493 3361 S.
1515 3327 1711 3361 Benedicat.
1739 3330 1868 3363 Confer
1893 3340 2014 3365 notam
2028 3332 2062 3364 P.
2088 3332 2140 3365 Jo·
2167 3331 2303 3366 Nieolai
2321 3329 2405 3361 huic

1287 3385 1355 3410 art.
1384 3377 1417 3408 S.
1446 3375 1592 3410 Thmnae
1618 3374 1814 3423 adjectam.
