2570 3745
274 132 329 181 ¹4

212 204 251 245 di
280 205 426 258 peccati
454 204 671 259 originalis,
696 215 741 248 ut
766 208 890 264 aliqui
919 221 1145 262 antumant,
1180 215 1244 254 sed
1272 216 1320 254 de

209 263 427 298 necessitate
442 289 454 308 ,
480 274 598 313 quam
626 274 694 314 per
712 266 874 315 gratia-m
893 280 914 303 a
934 266 976 304 S.
991 267 1201 318 Augustino
1219 282 1320 320 prae-

201 312 372 351 dicatam
393 314 526 353 inferri
540 313 731 367 Pelagiani
750 317 1108 366 calumniabantur,
1130 321 1229 358 unde
1249 336 1318 359 an—

208 378 288 402 sam
316 364 493 405 Julianus
521 370 719 418 sumebat,
748 373 952 410 accusandi
982 373 1022 410 S.
1040 371 1318 424 Augustinum,

207 418 317 469 quasi
345 431 490 458 errores
517 420 758 472 Manichaei,
787 424 821 461 &
840 425 1031 463 Joviniani
1052 427 1314 467 resuscitaret.

259 469 328 522 69.
356 471 426 511 His
452 482 577 512 autem
595 505 609 523 ,
636 476 796 530 aliisque
815 478 1105 530 pelagianorum
1134 478 1315 519 clamori-

204 520 279 561 ‘bus
299 538 493 579 nunquam
512 531 619 566 cessit
640 529 871 581 Augustinus
891 561 903 580 ,
933 531 966 567 &
996 545 1231 583 quamquam
1253 547 1313 571 ar-

204 573 309 615 bitrii
339 576 553 619 libertatem
582 592 721 621 tutatus
749 585 851 632 fuit,
893 585 1008 623 simul
1045 593 1174 623 tamen
1214 587 1311 624 invi-

202 637 302 669 ctam
330 635 460 682 gratiae
493 634 703 674 efficaciam
734 636 1043 676 luculentissimis
1064 639 1191 677 verbis
1211 653 1313 691 prae-

200 681 369 730 dicavit3
411 700 499 738 quae
536 701 610 727 non
637 690 759 728 solum
787 691 848 729 det
877 705 982 744 posse
1009 691 1104 729 bene
1132 695 1310 744 operari,

199 737 263 775 sed
292 738 415 789 ipsam
443 739 672 780 voluntatem
692 743 790 782 hene
809 746 1018 796 operandi,
1048 746 1168 789 immo
1187 746 1312 797 ipsam

198 790 386 829 actionem
404 823 417 840 ,
444 796 546 846 quod
573 798 651 834 suis
679 796 771 835 locis
799 801 950 850 copiose
968 797 1204 835 ostendetur.
1236 799 1309 837 Fa-

192 842 349 882 tebatur
377 847 558 899 insuper,
587 863 767 901 magnam
797 865 874 889 esse
902 850 1169 889 difficultatem
1197 852 1309 890 intel-

198 893 370 948 ligendi,
399 902 590 952 quomodo
618 901 702 940 haec
730 904 808 941 duo
834 905 1000 943 invicem
1030 915 1305 957 componantur

194 962 345 989 sumina
372 955 502 1003 gratiae
530 955 672 995 divinae
702 955 872 994 efficacia
889 986 899 1003 ,
928 969 1019 1008 quae
1037 957 1153 996 etiam
1170 968 1305 997 nutum

194 1000 228 1037 ἆ
256 1016 476 1044 consensum
507 1008 706 1047 voluntatis
734 1018 933 1059 operatur,
963 1010 995 1045 8<
1018 1014 1132 1049 nostri
1153 1012 1304 1050 arbitrii

192 1053 372 1103 libertas3
403 1060 501 1097 unde
530 1061 566 1097 in
583 1062 699 1099 Libro
728 1061 777 1099 de
803 1066 941 1114 gratia
965 1061 1105 1102 Christi
1133 1079 1218 1117 cap.
1235 1066 1302 1117 47.

190 1108 414 1159 inquiebat:
442 1141 467 1159 „
498 1113 570 1150 lsta
597 1116 785 1165 quaestiO,
816 1116 883 1155 ubi
913 1117 960 1154 de
987 1116 1144 1155 arbitrio
1172 1119 1305 1157 volun-

190 1189 216 1208 „
246 1163 356 1210 tatis,
399 1163 434 1201 8(
462 1164 534 1203 Dei
563 1169 684 1217 gratia
713 1169 953 1220 disputatur,
998 1171 1047 1207 ita
1091 1180 1142 1208 est
1171 1173 1217 1209 ad
1246 1174 1305 1211 di·-

190 1242 217 1261 „
246 1218 495 1255 scernendum
525 1220 695 1259 difficilis
716 1250 729 1268 ,
757 1231 796 1258 ut
825 1224 981 1273 quando
1006 1224 1221 1263 defenditur
1255 1225 1305 1265 li-

189 1295 215 1314 „
244 1267 382 1306 berum
412 1271 644 1322 arbitrium,
686 1276 817 1326 negari
846 1276 922 1313 Dei
949 1279 1070 1328 gratia
1099 1279 1301 1326 videatur3

190 1348 216 1368 „
246 1324 400 1373 quando
426 1334 554 1363 autem
582 1329 761 1365 asseritur
781 1328 852 1366 Dei
874 1332 993 1381 gratia
1012 1361 1023 1379 ,
1054 1329 1221 1370 liberum
1242 1347 1305 1370 ar-

187 1401 213 1419 „
243 1372 403 1414 bitrium
423 1386 575 1429 putetur
591 1382 734 1418 auferri
755 1385 805 1419 “.
832 1383 875 1420 ld.
904 1392 955 1420 est
985 1388 1055 1435 (ut
1085 1384 1304 1438 aliquorum

185 1425 289 1465 mala
318 1430 571 1483 intelligentia
600 1434 891 1485 praecludatur)
922 1451 1010 1473 cum
1032 1437 1200 1486 dicitur,
1230 1452 1299 1476 no-

177 1488 305 1519 strum
334 1497 436 1531 esse,
481 1484 579 1523 velle
606 1487 780 1534 bonum,
826 1489 998 1525 videatur
1035 1491 1187 1527 excludi
1217 1504 1303 1541 gra-

186 1533 263 1581 tia,
293 1548 380 1586 quae
409 1547 586 1588 operatur
615 1540 655 1576 in
682 1539 793 1576 nobis
821 1542 947 1592 ipsum
969 1541 1091 1579 velle:
1121 1542 1153 1578 8<
1174 1558 1297 1595 quan-

184 1585 232 1621 do
260 1587 425 1637 dicitur,
455 1592 616 1641 gratiam
646 1593 794 1643 operari
827 1603 974 1632 motum
1003 1605 1139 1633 nostrae
1161 1597 1299 1635 voluu—

181 1640 287 1688 tatis,
317 1651 448 1693 putant
477 1644 655 1683 nonnulli
684 1654 849 1684 nostram
871 1647 1107 1687 voluntatem
1135 1648 1234 1686 nihil
1256 1664 1299 1688 a-

175 1705 299 1743 gere,
328 1695 391 1731 sed
419 1695 543 1734 solum
572 1698 662 1748 agi.

238 1758 305 1796 70.
333 1748 469 1800 Neque
496 1750 673 1788 audiendi
701 1760 784 1790 suut
806 1783 817 1801 ,
846 1754 914 1805 qui
942 1753 1104 1803 dicunt,
1131 1753 1301 1794 difficul-

174 1805 295 1836 tatem
325 1809 441 1839 totam
470 1802 585 1842 fuisse
606 1805 643 1841 in
664 1807 926 1857 componenda.
947 1810 1190 1857 necessitate,
1220 1822 1296 1849 non

183 1862 313 1891 autem
341 1854 512 1894 efficacia
541 1859 700 1907 gratias,
730 1873 818 1896 cum
841 1860 963 1898 libero
983 1862 1164 1900 arbitrio.
1195 1862 1293 1900 Nam

181 1904 222 1942 S.
252 1908 483 1958 Augustinus
510 1911 557 1947 de
585 1925 661 1963 qua
701 1911 925 1952 difficultate
962 1914 1169 1967 loquatur„
1208 1918 1296 1954 satis

179 1957 389 1998 luculenter
418 1962 580 2015 explicat
597 1995 607 2012 ,
638 1966 746 2017 quasi
777 1980 796 2003 e
817 1969 972 2019 vestigio
991 1969 1173 2007 subdens:
1204 2000 1230 2017 „
1249 1969 1291 2007 Si

180 2041 205 2060 „
237 2013 486 2066 (Pelagius)
516 2020 767 2067 consenserit,
810 2021 922 2058 etiam
968 2023 1088 2074 ipsam
1120 2023 1290 2061 volunta-

179 2093 206 2112 „
236 2074 310 2123 tem
330 2098 340 2116 ,
371 2069 404 2105 ὅ(
433 2071 623 2109 actionem
651 2072 833 2111 divinitus
852 2074 1057 2125 adjuvari,
1088 2075 1121 2111 ἃ
1150 2077 1204 2114 sic
1223 2078 1290 2114 ad-

178 2146 205 2166 „
234 2123 388 2171 juvari,
433 2131 473 2160 ut
499 2126 583 2161 sine
617 2124 688 2162 illo
712 2126 901 2176 adjutorio
928 2127 1026 2165 nihil
1068 2129 1167 2167 bene
1194 2130 1290 2168 veli·

179 2201 205 2220 „
235 2187 319 2212 mus
337 2206 347 2223 ,
376 2175 410 2211 δί
439 2190 593 2227 agamus
615 2204 653 2216 ..
671 2205 681 2215 .
700 2204 713 2216 .
740 2179 839 2217 nihii
869 2180 914 2218 de
943 2179 1133 2233 adjutorio
1159 2187 1290 2234 gratiae

180 2255 205 2275 „
234 2227 336 2275 Dei,
366 2240 553 2279 quantum
582 2232 768 2280 arbitror,
799 2235 896 2272 inter
925 2248 994 2274 nos
1022 2241 1288 2275 controversiae

181 2308 208 2326 ‚,
235 2280 472 2331 relinquetur
492 2285 547 2320 ⁶⁶.
576 2283 661 2321 Jain
691 2299 781 2322 vero
807 2301 990 2338 quaenam
1005 2298 1058 2326 est
1076 2319 1086 2336 ,
1115 2290 1161 2327 ad
1184 2305 1288 2328 men-

162 2340 254 2370 ⁴tem
276 2333 476 2384 Augustini
494 2364 505 2382 ,
536 2334 622 2374 haec
648 2340 765 2387 gratia
782 2341 989 2379 voluntatis
1005 2372 1016 2390 ,
1046 2343 1080 2378 &
1100 2347 1291 2393 actionis,

179 2387 254 2423 nisi
285 2400 328 2424 ea
359 2417 384 2435 „
413 2402 489 2440 qua
520 2388 626 2426 Deus
653 2392 800 2430 interna
829 2403 939 2445 atque
969 2394 1144 2445 occulta,
1176 2399 1293 2435 mira-

179 2465 206 2486 „
234 2439 307 2477 bili
337 2449 450 2493 atque
478 2440 665 2480 ineffabili
697 2453 873 2495 potestate
898 2458 1073 2499 operatur
1104 2452 1140 2488 in
1169 2453 1293 2489 cordi-

179 2520 207 2540 „
236 2492 310 2531 bus
337 2492 539 2532 hominum
568 2496 688 2533 bonas
716 2497 924 2536 voluntates
955 2503 1028 2551 (de
1056 2512 1151 2554 grat.
1181 2505 1292 2542 Chri-

179 2573 208 2592 „
235 2547 280 2583 sti
310 2559 401 2597 cap.
425 2548 487 2585 25.
505 2548 543 2597 );
581 2553 675 2599 quia
704 2549 881 2589 homines
914 2554 1220 2606 insuperabiliter
1246 2572 1295 2596 a·

179 2627 207 2646 ,‚
234 2608 400 2650 guntur,
443 2602 507 2639 cui
535 2603 689 2641 nullum
719 2603 884 2643 hominis
925 2609 1060 2646 resistit
1089 2611 1295 2650 arbitrium

183 2680 209 2698 „
238 2653 310 2689 &c.
339 2653 409 2692 ἃς.
430 2653 489 2692 “?

241 2718 304 2754 7¹·
335 2707 488 2744 Accedit
519 2707 552 2743 8(
580 2708 656 2747 alia
671 2708 963 2762 Pelagianorum
992 2713 1188 2755 calumnia
1204 2730 1295 2756 con-

180 2763 238 2793 tra
267 2757 307 2794 S.
338 2758 588 2809 Augustinum
613 2792 624 2810 ‚
666 2765 767 2815 quod
798 2767 974 2804 videlicet
1015 2769 1184 2808 doctrina
1227 2785 1295 2809 sua

180 2814 368 2861 supinam
398 2813 619 2862 quamdam
649 2821 905 2857 securitatem
935 2819 1156 2860 hominibus
1183 2824 1293 2862 affer-

181 2872 236 2900 ret
258 2888 269 2900 .
312 2863 353 2901 Si
384 2866 487 2902 enim
516 2868 633 2916 gratia
663 2868 735 2906 Dei
765 2885 831 2909 sua
860 2875 927 2921 vi,
968 2873 1001 2909 ἃ
1032 2875 1201 2915 efficacia
1231 2891 1295 2917 uos

183 2929 228 2953 ex
258 2915 369 2954 malis
396 2917 512 2956 bonos
541 2919 659 2967 facit,
688 2922 720 2957 8<
749 2923 869 2964 bonos
887 2938 1111 2978 conservat,
1138 2931 1293 2983 collige-

180 2969 273 3009 bant
301 2969 424 3023 aliqui
453 2972 583 3010 minus
611 2982 709 3010 recte
726 3004 736 3021 ,
767 2990 838 3015 non
867 2993 963 3032 opus
989 2995 1064 3020 esse
1085 2986 1218 3023 nostris
1231 2999 1293 3023 co-

184 3023 357 3071 natibus,
386 3026 465 3062 sive
495 3035 534 3062 ut
564 3039 803 3077 resurgamus
831 3046 851 3068 a
882 3033 1009 3083 malo,
1039 3037 1119 3074 sive
1148 3047 1187 3075 ut
1208 3053 1293 3090 per-

183 3090 398 3115 severemus
426 3079 467 3115 in
497 3078 623 3116 hono.
653 3080 881 3132 Hujusmodi
903 3102 1036 3138 pravas
1057 3094 1289 3130 consecutio-

185 3143 247 3166 nes
276 3130 516 3182 reprehendit
545 3132 585 3170 S.
615 3132 756 3170 Doctor
798 3137 838 3173 in
879 3142 986 3190 epist.
1015 3144 1168 3183 CCXV,
1196 3147 1290 3185 olim

184 3181 344 3221 XLVII.
373 3185 420 3222 ad
445 3185 689 3225 Valentinum
705 3188 856 3226 diceus:
884 3221 910 3239 ‚,
940 3194 1022 3242 Illi,
1051 3200 1117 3249 qui
1134 3208 1291 3251 putant,

187 3265 212 3284 „
241 3236 380 3274 honam
413 3240 530 3276 vitam
560 3254 638 3277 esse
665 3241 909 3281 deserendam
952 3248 1078 3296 (idest
1107 3257 1290 3292 ommen-

187 3318 215 3338 „
242 3288 339 3326 dum
369 3290 644 3343 diligentiam,
688 3294 738 3334 (9³
767 3306 955 3334 conanimi
985 3301 1038 3337 <nl
1067 3304 1213 3344 honam
1243 3311 1293 3345 m·-

188 3372 214 3392 „
243 3351 331 3381 tam
357 3346 729 3397 conservandam),
758 3351 910 3404 (wando
925 3354 1108 3406 audiunt,
1137 3362 1189 3399 sic
1208 3374 1294 3413 gra.-

839 127 1148 178 coNTRov.
1177 131 1446 181 AUGUST.
1475 133 1608 180 CUM
1638 135 1860 182 PELAG.

1386 245 1415 265 „
1441 216 1535 254 tiam
1564 215 1637 254 Dei
1665 217 1899 271 praedicari„
1925 223 1966 255 ut
1993 216 2195 267 credatur,
2237 218 2272 257 ἃ
2301 219 2490 276 intelliga-

1385 298 1412 317 ,‚
1442 279 1502 308 tur
1531 269 1737 309 voluntates
1764 270 1967 310 hominum
1993 273 2076 323 ipsa
2105 273 2246 321 etiam,
2276 289 2370 326 quas
2391 277 2488 315 fece-

1384 352 1410 370 „
1438 323 1486 359 rit
1502 351 1512 369 ,
1542 324 1728 362 custodire
1746 350 1757 362 .
1779 351 1789 363 .
1811 351 1822 363 .
1839 351 1849 364 .
1866 350 1881 363 .
1907 325 1946 364 ἰι]
1974 325 2166 363 sinistrum
2194 326 2381 367 declinant
2397 355 2408 367 .
2452 330 2488 368 1-

1383 405 1409 423 „
1438 376 1508 413 deo
1537 375 1642 414 vobis
1669 378 1785 415 dixit:
1811 392 1885 417 non
1904 378 2098 417 declinetis
2119 381 2157 417 in
2175 379 2365 420 dexteram
2383 413 2394 431 ,
2424 397 2492 421 ne-

1382 458 1408 476 „
1438 441 1512 480 que
1541 428 1580 465 in
1606 429 1825 480 sinistram,
1866 431 1938 470 hoe
1965 440 2045 479 est,
2088 444 2162 470 uon
2190 433 2244 469 sic
2280 435 2492 474 defendatis

1382 510 1408 529 >a
1438 480 1607 518 liberum
1634 483 1863 533 arbitrium,
1906 493 1946 523 ut
1974 487 2010 523 ei
2039 485 2138 523 bona
2166 498 2280 536 opera
2309 488 2388 525 sine
2418 489 2492 527 Dei

1381 563 1407 582 ‚‚
1437 535 1556 585 gratia
1584 534 1784 582 tribuatis3
1811 552 1883 576 nec
1911 541 1967 576 sic
1993 539 2204 577 defendatis
2230 540 2390 590 gratiam
2407 569 2421 588 ,
2451 549 2492 579 ut

1380 616 1405 635 ,‚
1435 588 1545 639 quasi
1574 588 1619 624 de
1649 587 1718 624 illa
1745 592 1868 628 securi
1897 591 1999 629 mala
2028 605 2143 644 opera
2165 591 2357 644 diligatis3
2386 594 2489 646 quod

1380 668 1406 688 „
1437 643 1517 692 ipsa
1545 642 1664 690 gratia
1693 641 1769 679 Dei
1797 641 1937 681 avertat
1962 659 1987 682 a
2014 646 2125 684 nobis
2145 650 2196 683 “-

1435 707 1501 744 72.
1528 693 1588 730 Ex
1617 694 1758 746 quibus
1785 703 1971 746 apparet,
2011 711 2083 736 non
2119 699 2242 736 solum
2271 697 2495 752 Pelagianos

1377 744 1516 784 Sancto
1542 749 1758 798 Augustino
1782 761 2033 799 repugnasse,
2059 753 2161 801 quod
2190 751 2332 801 vellet,
2375 753 2421 791 ad
2450 765 2493 791 o·

1377 812 1469 837 mne
1494 814 1591 851 opus
1617 801 1765 838 bonum
1793 815 1871 838 esse
1896 804 2058 852 gratiam
2088 803 2161 842 Dei
2203 808 2453 845 necessariam
2475 836 2488 854 ,

1375 852 1439 889 sed
1468 856 1612 902 etiam,
1640 854 1762 891 immo
1790 855 1943 892 fortasse
1972 855 2207 905 potissimum
2227 872 2271 896 ex
2292 872 2358 908 eo,
2386 860 2489 912 quod

1373 904 1489 943 talem
1516 909 1679 958 gratiam
1708 921 1798 945 cum
1826 907 2000 945 Ecclesia
2019 907 2215 947 catholica
2235 913 2488 962 praedicaret,

1370 972 1460 1010 quae
1491 959 1694 998 voluntatis
1725 962 1889 1011 imperio
1917 975 1989 999 non
2017 961 2195 999 subditur
2214 992 2228 1010 ,
2270 966 2331 1002 sed
2364 967 2489 1016 potius

1371 1011 1605 1051 voluntatem
1634 1014 1706 1051 sibi
1735 1014 1928 1065 subjicit,
1954 1029 2120 1067 eamque¹
2146 1028 2194 1053 ex
2222 1016 2324 1053 malo
2354 1019 2391 1054 in
2421 1019 2488 1055 bo·

1372 1078 1466 1102 num
1497 1075 1641 1114 mutat,
1679 1066 1712 1102 δε
1742 1077 1925 1105 mutatam
1954 1077 2171 1114 conservat5
2214 1084 2385 1122 quaeque
2413 1083 2489 1108 non
2523 1093 2525 1095 ·

1371 1118 1491 1157 solam
1521 1119 1809 1172 possibilitatem
1838 1130 2007 1159 nostram
2027 1121 2212 1171 adjuvat,
2244 1132 2281 1159 ut
2302 1125 2493 1174 possimus

1372 1171 1470 1209 velle
1499 1173 1667 1222 bouum,
1696 1174 1760 1211 sed
1789 1176 1904 1212 etiam
1933 1175 2051 1223 facit,
2083 1183 2122 1212 ut
2151 1178 2277 1228 reipsa
2297 1176 2489 1224 velimus,

1372 1224 1405 1261 8<
1434 1239 1670 1277 operemur;
1713 1241 1909 1280 quamque
1951 1238 2153 1280 propterea
2180 1229 2225 1266 S..
2252 1229 2393 1267 Doctor
2421 1244 2490 1280 ap·—

1370 1278 1539 1331 pellabat
1566 1283 1732 1332 gratiam
1759 1282 1992 1329 Voluntatis,
2027 1282 2080 1321 (9⁶
2112 1286 2313 1321 accionis.
2362 1282 2488 1334 Repu-

1369 1333 1536 1384 gnabant
1565 1342 1720 1382 autem,
1749 1336 1842 1386 quia
1873 1344 1911 1372 ut
1941 1336 2032 1386 ipsis
2062 1335 2286 1384 videbatur,
2315 1335 2382 1374 tali
2401 1349 2487 1386 gra-

1371 1388 1422 1423 tia
1451 1387 1577 1424 omnis
1603 1387 1847 1424 auferebatur
1867 1387 2046 1435 libertas,
2075 1387 2204 1425 fatalis
2231 1389 2491 1426 inducebatur

1370 1440 1571 1475 necessitas
1587 1468 1598 1486 ,
1628 1440 1661 1475 δε
1682 1440 1911 1491 negligentia
1928 1469 1938 1488 ,
1968 1454 2012 1478 ac
2027 1441 2173 1478 desidia
2192 1439 2412 1480 hominibus
2428 1443 2491 1481 in-

1371 1490 1597 1528 sinuabatur
1612 1518 1625 1528 .
2021 1504 2026 1509 ·

1426 1544 1488 1594 75.
1520 1544 1631 1590 Quod
1661 1546 1690 1583 si
1721 1544 1821 1583 hanc
1860 1545 2063 1584 voluntatis
2088 1546 2252 1598 gratiam
2279 1547 2491 1600 aliquando

1365 1596 1561 1634 admittere
1577 1598 1800 1636 videbantur
1821 1627 1832 1645 ,
1862 1607 1902 1635 ut
1931 1601 2105 1650 superius
2134 1613 2240 1638 num.
2261 1600 2331 1646 41.
2358 1601 2390 1637 ἃ
2408 1615 2491 1654 seq.

1365 1650 1598 1688 ostendimus
1615 1680 1627 1698 ,
1663 1665 1754 1688 cum
1781 1661 1909 1689 tamen
1940 1666 2025 1690 eam
2052 1665 2180 1703 neque
2205 1656 2457 1693 necessariam
2474 1684 2492 1703 „

1365 1716 1491 1754 neque
1517 1706 1679 1742 omnino
1703 1707 1909 1756 gratuitam
1937 1720 2015 1743 esse
2029 1706 2278 1744 concederent
2295 1737 2309 1754 ,
2336 1708 2377 1746 in
2406 1715 2485 1746 tuto

1366 1766 1444 1793 erat
1473 1758 1575 1807 apud
1605 1758 1706 1808 ipsos
1734 1757 1901 1796 humana
1931 1758 2112 1803 liberta93
2141 1767 2223 1797 tum
2242 1761 2335 1811 quia
2354 1759 2489 1798 homi-

1366 1822 1431 1846 nes
1461 1812 1576 1847 etiam
1606 1813 1688 1848 sine
1716 1825 1759 1849 ea·
1787 1813 1907 1862 gratia
1944 1812 2045 1849 bene·
2082 1813 2236 1862 operari
2276 1811 2484 1859 valebant3

1362 1871 1443 1899 tum
1473 1865 1587 1901 etiam
1605 1893 1615 1911 ,
1658 1866 1750 1916 quia
1791 1879 1876 1902 eam
1906 1865 2075 1917 propriis
2102 1873 2251 1903 naturae
2280 1867 2490 1905 conatibus.

1362 1915 1450 1953 illos
1480 1919 1689 1970 promereri
1721 1932 1828 1969 posse
1858 1919 2074 1970 putabant.

1418 1970 1480 2020 74.
1511 1970 1586 2008 Sed
1614 1985 1683 2009 nec
1706 1971 1801 2009 illud
1816 1971 2201 2023 praetermittendum
2221 1985 2376 2021 censen,
2411 1973 2486 2011 mi-

1360 2035 1446 2060 rum
1478 2023 1590 2075 plane
1606 2039 1685 2062 esse
1700 2056 1711 2074 ,
1740 2025 1967 2063 adversariis
1986 2026 2204 2078 persuaderi
2226 2039 2331 2077 posse
2345 2039 2409 2063 om
2422 2040 2491 2066 nes

1356 2074 1650 2128 Pelagianoruin
1676 2078 1853 2131 querelas
1878 2079 1927 2116 de
1953 2093 2082 2127 eversa
2108 2079 2282 2117 libertate
2304 2093 2371 2131 per
2390 2080 2480 2117 Au-

1355 2133 1498 2181 gustini
1527 2132 1735 2170 doctrinam
1754 2162 1766 2181 ,
1794 2146 1840 2170 ex
1870 2146 1915 2170 eo
1944 2134 2052 2171 unice
2070 2146 2337 2185 promanasse,
2366 2133 2481 2184 quod

1357 2184 1398 2221 S.
1414 2185 1553 2222 Doctor
1582 2197 1642 2222 eos
1668 2195 1815 2237 cogeret
1844 2187 1891 2223 ad
1919 2188 2193 2237 agnoscendam
2213 2187 2478 2224 necessitatem

1357 2238 1489 2287 gratiae
1518 2239 1565 2276 ad
1594 2252 1707 2276 omne
1734 2252 1829 2290 opus
1857 2239 2003 2277 bonum
2021 2267 2031 2278 .
2073 2241 2148 2292 Ipsi
2180 2242 2283 2277 enim
2311 2240 2481 2278 certissi—

1359 2305 1420 2327 1ne
1447 2293 1601 2329 credunt
1632 2294 1786 2342 (immo
1813 2293 1904 2344 ipsis
1931 2293 1965 2329 δε
1987 2293 2163 2344 plerique
2184 2292 2481 2330 Thomistarum

1358 2346 1400 2381 in
1430 2344 1500 2382 hoc
1529 2345 1835 2396 suffragantur),
1866 2345 2119 2396 Augustinum
2148 2347 2345 2392 docuisse,
2389 2358 2487 2396 gra-v

1358 2399 1431 2434 tias
1458 2397 1687 2436 sufficientes
1714 2399 1889 2435 omnibus
1919 2400 2256 2437 indiscriminatim
2285 2413 2306 2436 a
2326 2399 2408 2436 Deo
2435 2399 2485 2436 li-

1359 2451 1539 2489 beraliter
1569 2452 1751 2489 concedi.
1784 2451 1904 2488 Posita
1923 2460 2049 2488 autem
2073 2450 2144 2490 hac
2163 2452 2354 2500 doctrina,
2383 2464 2482 2502 quo-

1361 2506 1472 2542 modo
1500 2513 1667 2556 poterant
1698 2503 1889 2555 pelagiani
1919 2505 2130 2555 conqueri,
2159 2504 2234 2541 sibi
2253 2505 2479 2554 ademptam.

1361 2572 1440 2596 esse
1469 2557 1682 2595 libertatem
1711 2558 1760 2594 ad
1788 2557 1933 2595 bonum
1973 2556 2210 2608 operandum
2232 2587 2246 2604 ,
2285 2559 2317 2595 si
2355 2558 2480 2608 gratia

1361 2613 1408 2650 ad
1440 2612 1477 2649 id
1506 2614 1551 2649 sit
1581 2609 1821 2649 necessaria?
1863 2611 1974 2649 Anne
2010 2611 2062 2646 ita
2091 2610 2233 2661 stupidi
2260 2620 2394 2657 eraut,
2441 2619 2485 2649 ut.

1360 2678 1437 2702 non
1468 2666 1665 2712 viderent,
1707 2664 1833 2702 adhuc
1873 2662 2094 2714 plenissime
2122 2664 2163 2700 in
2192 2664 2370 2701 manibus
2401 2664 2479 2701 suis

1362 2732 1439 2755 esse
1466 2718 1611 2756 bonum
1640 2718 1817 2770 operari,
1859 2715 2169 2767 quandoquidem
2212 2719 2333 2768 gratia
2361 2718 2407 2755 ad
2438 2716 2479 2754 id

1362 2774 1571 2809 necessaria
1600 2772 1675 2810 sibi
1704 2782 1853 2821 semper
1883 2778 2018 2819 praesto
2038 2768 2147 2808 erat?
2178 2771 2363 2817 Quisnam
2383 2769 2482 2807 adeo

1361 2827 1571 2878 desiperet,
1604 2835 1644 2862 ut
1672 2832 1995 2874 conquereretur,
2025 2823 2098 2860 sibi
2128 2822 2296 2861 liberum
2326 2837 2398 2861 uon
2420 2836 2479 2860 es-

1361 2893 1400 2917 se
1428 2881 1586 2926 vivere,
1626 2877 1718 2927 quia
1747 2876 1794 2912 ad
1824 2877 1939 2913 vitain
1970 2877 2269 2914 conservandam
2297 2890 2394 2928 opus
2423 2885 2474 2914 est

1361 2933 1489 2980 cibig,
1517 2933 1548 2969 si
1578 2942 1638 2966 eos
1665 2930 1981 2981 quotiescumque
2010 2928 2171 2967 voluerit
2201 2939 2348 2981 paratos
2370 2932 2475 2969 iuve-

1359 2987 1440 3024 nire
1469 2981 1609 3035 possit?
1638 2981 1697 3019 Ex
1727 2995 1771 3020 eo
1800 2984 1914 3034 igitur
1941 2983 2164 3021 oriebantur
2183 2982 2477 3034 Pelagianorum

1358 3037 1524 3091 querelae
1553 3037 1600 3074 de
1628 3045 1760 3087 negato
1788 3036 1911 3074 libero
1925 3036 2100 3084 arbitrio,
2129 3038 2229 3089 quod
2249 3037 2290 3074 S.
2312 3036 2478 3085 Doctor,

1359 3092 1393 3128 δε
1421 3104 1552 3128 omnes
1580 3104 1669 3128 cum
1701 3103 1743 3127 eo
1760 3089 1947 3128 Catholici
1976 3091 2171 3139 dicerent,
2198 3090 2245 3127 ad
2274 3089 2369 3126 bene
2383 3101 2476 3140 ope·

1361 3145 1522 3182 randum
1552 3156 1648 3194 opus
1675 3158 1752 3181 esse
1781 3157 1857 3182 non
1887 3143 2009 3182 solum
2038 3145 2161 3196 gratia
2187 3142 2476 3192 possibilitatis,

1360 3211 1447 3251 quae
1476 3198 1655 3235 omnibus
1684 3199 1902 3235 communis
1931 3207 2037 3245 erat,
2066 3197 2128 3234 sed
2145 3198 2258 3253 etiam
2273 3197 2393 3247 gratia
2414 3209 2477 3234 Vo-

1361 3254 1546 3298 luntatis,
1575 3252 1624 3290 <¹9-
1644 3254 1903 3301 operatt'onc'S,
1935 3251 2077 3288 scilicet
2098 3249 2268 3297 efficaci,
2298 3263 2386 3301 quae
2404 3264 2473 3288 uec

1358 3305 1564 3352 omnibus,
1595 3319 1661 3342 nec
1691 3318 1840 3356 semper
1869 3319 1890 3341 a
1913 3304 1994 3341 Deo
2021 3304 2155 3350 datur,
2187 3302 2249 3339 sed
2279 3303 2420 3354 quibus
2440 3304 2474 3342 i·

1359 3372 1425 3412 pse
1454 3356 1563 3407 vult,
1605 3357 1639 3394 &
1676 3372 1764 3410 quae
1794 3373 1818 3396 a
1860 3366 1998 3397 nostrae
2028 3355 2231 3398 voluntatis
2259 3366 2354 3396 nutu
2396 3369 2474 3396 non

2361 3422 2426 3449 su-
