2562 3694
211 149 262 189 72

146 210 300 265 quando
328 205 590 244 Confessarius
620 203 835 242 Paenitentis
870 203 1091 256 opinionem
1122 200 1265 252 judicat

148 279 235 305 vere
266 261 505 316 probabilem
529 290 539 308 ‚
578 259 767 297 Poenitens
795 267 922 295 autem
952 257 1123 293 eamdem
1156 266 1266 305 repu-

148 326 197 356 tat
242 316 361 354 multo
391 313 718 367 probabiliore1n3
766 326 873 349 secus
901 319 1029 348 autem
1069 315 1187 353 esset,
1236 306 1267 342 si

149 370 208 410 vel
226 369 415 407 Poeuitens
445 366 557 406 vellet
585 366 755 418 opinioni
775 366 926 411 minus,
957 370 1020 400 aut
1050 374 1161 410 aeque
1183 371 1266 416 pro-

148 422 275 462 babili
305 421 522 469 adhaerere,
560 420 620 459 vel
651 419 905 457 Confessarius
937 414 1157 452 l'oenitentis
1185 423 1268 461 opi-

148 479 301 516 nionem
331 489 419 514 vere
451 474 690 526 probabilem
723 485 797 509 non
828 471 1036 520 judicaret:
1068 467 1107 502 in
1141 463 1208 500 hoc
1230 478 1267 500 e-

147 531 231 569 nim
262 543 350 567 casu
380 527 489 566 nullo
521 528 629 566 modo
660 535 778 578 posset
797 519 1054 561 Confessarius
1074 516 1269 554 Poeniten-

147 591 225 622 tem
255 582 450 621 absolvere
480 583 542 633 (a)
561 609 570 619 .
615 581 673 618 Ex
704 579 773 614 hac
803 584 928 612 autem
971 571 1143 608 doctrina
1174 567 1269 607 nihil

146 638 188 675 iu
219 635 487 674 Probabilismi
521 633 742 686 praesidium
774 628 853 664 erui
884 633 1026 676 potest:
1057 637 1144 660 nam
1173 624 1269 660 Con-

147 691 327 729 fessarius
358 690 540 735 permittit
561 682 759 723 Poenitenti
791 677 1081 723 tantummode,
1113 684 1152 715 ut
1182 688 1267 728 pro·

144 743 378 782 habiliorem
400 772 411 790 ‚
440 754 511 779 non
543 750 630 777 vero
660 744 698 771 ut
727 734 853 770 minus
882 730 1125 784 prababilem
1144 760 1154 777 ,
1184 743 1267 767 sen-

148 798 305 834 tentiam
335 802 537 847 sequatur3
566 802 690 841 neque
719 788 834 824 tutius
865 794 957 823 esset
974 783 1179 822 l’oenitenti
1200 783 1267 821 ab·

144 849 373 888 solutionem
402 847 613 895 denegare.
643 841 784 879 Confer
813 838 1066 877 Ballerinium
1097 835 1171 874 loc.
1199 838 1266 874 cit.

145 902 401 941 confessarius
441 907 568 935 autem
599 893 910 933 Probabiliorista
953 905 1151 943 nunquam
1182 903 1267 942 per-

146 957 267 994 mittet
297 951 496 991 Poenitenti
515 980 526 998 ‚
557 959 597 987 ut
625 958 788 1001 systema
821 944 1155 984 Probabilisticum
1185 958 1267 981 am-

145 1009 358 1060 plectatur;
407 1005 476 1042 hoc
520 1004 622 1041 enim
665 1011 829 1054 systema
859 1002 875 1051 (
904 999 1049 1036 dictum
1093 1000 1138 1036 sit
1167 998 1269 1036 bona

144 1058 485 1099 Probabilistaruin
516 1069 610 1109 pace
642 1058 654 1103 )
686 1053 836 1092 nullam
874 1052 1034 1090 solidam
1065 1051 1180 1090 habet
1208 1052 1268 1089 in-

141 1116 343 1151 trinsecam
364 1109 696 1163 probabilitatem
727 1116 918 1146 momenta
935 1106 1037 1143 enini
1055 1106 1240 1143 rationum
1255 1135 1266 1154 ,

141 1181 236 1220 quas
267 1164 531 1203 Probabilistae
560 1163 749 1209 afferunt,
797 1161 890 1198 adeo
937 1159 1039 1197 levia
1067 1168 1177 1208 sunt,
1226 1167 1266 1196 ut

141 1219 250 1258 nullo
277 1220 425 1271 negotio
441 1216 689 1271 explodentur
707 1230 717 1263 ;
746 1214 878 1266 aliqua
898 1214 1080 1251 duntaxat
1101 1227 1178 1251 esse
1199 1224 1266 1265 po-

140 1283 208 1312 test
224 1275 434 1311 extrinseca
455 1269 706 1324 probabilitas
735 1281 780 1306 ex
810 1281 972 1306 numero
987 1275 1184 1305 auctorum
1208 1279 1266 1302 re-

143 1328 356 1365 centiorum
374 1357 384 1376 ‚
414 1327 483 1377 qui
514 1324 611 1363 illud
632 1324 834 1375 adoptant3
865 1335 952 1373 qnae
970 1330 1097 1359 tamen
1128 1319 1161 1355 ἃ
1184 1321 1265 1371 ipsa

141 1389 246 1418 nutat
261 1380 485 1418 [uitantibus
507 1380 696 1416 rationum
719 1377 920 1414 momentis
938 1405 948 1422 ‚
976 1375 1119 1426 quibus
1141 1375 1167 1410 ii
1188 1375 1265 1410 Au-

140 1444 260 1471 ctores
288 1434 412 1471 innixi
440 1441 525 1470 sunt
543 1458 554 1470 .
586 1431 694 1470 Addo
714 1430 969 1467 recentiorum
993 1426 1265 1464 Probabilista·

139 1500 229 1524 rum
260 1489 372 1524 etiam
415 1485 513 1523 bene
542 1483 753 1523 multorum
791 1482 1055 1520 auctoritatem
1093 1479 1152 1517 vel
1182 1479 1265 1530 ipso

140 1539 272 1591 judice
302 1539 450 1577 Terillo
479 1551 552 1577 11011
581 1550 763 1589 magnam
794 1550 870 1574 esse
902 1534 957 1584 (b)
976 1561 985 1572 .

199 1593 287 1632 126.
316 1594 494 1631 Ceterum
510 1601 698 1644 quantum
720 1589 868 1628 alienus
884 1603 905 1626 a
922 1586 1264 1626 Probabilistarum

139 1647 311 1684 doctrina
340 1647 413 1684 fuit
442 1645 482 1683 S.
515 1647 757 1692 Antoninus,
805 1643 987 1681 sexcentis
1029 1640 1154 1678 allatis
1184 1639 1265 1690 ejus

139 1701 365 1738 testimoniis
393 1699 536 1736 ostendi
567 1698 682 1736 facile
713 1705 858 1748 posset.
902 1693 1011 1732 Nihil.
1042 1694 1144 1745 apud
1175 1707 1263 1730 eum

140 1753 214 1791 hac
243 1751 374 1803 regula
404 1751 662 1803 frequentius:
711 1749 789 1786 Res
819 1747 936 1786 <lubia
966 1756 1053 1784 est:
1091 1759 1185 1797 ergo
1214 1745 1264 1782 ab

140 1819 192 1844 ert
221 1805 503 1844 abstinendum
525 1830 534 1842 .
567 1807 582 1855 (
616 1803 704 1841 Vid-
726 1803 755 1841 I.
777 1801 817 1839 Ρ.
849 1816 887 1852 p.
916 1800 1002 1839 155.
1039 1799 1125 1851 159.
1147 1798 1264 1849 474.;

139 1858 183 1897 Ρ.
204 1860 270 1898 ΙΙΙ.
300 1874 338 1911 p.
363 1859 454 1910 309.
487 1858 579 1897 512.
610 1857 653 1906 );
684 1856 717 1892 8<
741 1864 937 1907 peccatum
958 1866 1073 1904 grave
1103 1867 1179 1890 esse
1199 1852 1263 1890 de-

139 1911 253 1957 finit;
284 1914 321 1949 in
343 1911 454 1949 rebus
474 1909 603 1948 dubiis
619 1924 656 1947 se
671 1922 859 1959 exponere
876 1905 1048 1959 periculo
1064 1931 1074 1944 .
1105 1905 1154 1943 V.
1177 1920 1262 1958 sup.

137 1978 250 2003 num.
273 1965 338 2003 58.
387 1963 557 2001 Ulterius
586 1964 616 2000 Ι.
647 1962 688 1999 Ρ.
720 1962 800 1999 Tit.
822 1961 860 1998 5.
904 1959 941 2009 ᾧ.
970 1973 1029 1996 10.
1079 1967 1261 2010 tanquam

137 2027 284 2057 certum
322 2016 438 2056 habet
467 2016 537 2054 lioc
567 2015 830 2068 principium:
883 2012 1016 2064 Quum
1052 2014 1093 2048 in
1123 2013 1260 2062 aliqua

139 2075 318 2110 materia,
348 2071 494 2108 morali
521 2078 614 2108 sunt
642 2072 766 2108 Variae
784 2097 794 2116 ‚
842 2066 892 2107 (θ’
935 2068 1152 2103 contrariae
1180 2068 1261 2114 opi-

138 2130 306 2173 niones,
336 2125 400 2162 ille
422 2155 432 2173 ,
470 2127 534 2175 qui
563 2121 741 2161 adhaeret
769 2123 944 2171 opinioni
974 2120 1126 2157 latioris
1155 2122 1228 2157 νίας
1250 2149 1260 2167 ,

140 2179 290 2219 videtur
317 2191 359 2216 se
389 2190 588 2229 exponere
604 2176 775 2230 periculo
793 2174 937 2212 morali
955 2200 965 2211 .
993 2174 1174 2221 Certum,
1205 2173 1262 2210 in-

140 2248 258 2286 quam
277 2263 287 2281 ‚
318 2231 352 2268 &
383 2242 507 2271 ratum
538 2231 609 2271 hoc
630 2230 867 2283 principium
899 2227 1013 2266 habet
1035 2257 1045 2276 ,
1075 2227 1109 2263 8(
1138 2226 1263 2264 solum

139 2296 274 2338 negat,
323 2285 419 2334 illud
449 2285 588 2324 debere
617 2282 849 2335 scrupulosis
878 2282 1074 2333 negotium
1103 2280 1264 2318 facesse-

140 2354 210 2385 τες
241 2339 338 2376 unde
358 2339 508 2376 subdit:
539 2368 565 2387 ,‚
596 2337 797 2376 Sidubitet
826 2335 962 2374 leviter
983 2336 1069 2387 quis
1099 2348 1167 2386 per
1183 2347 1262 2372 mo-

143 2423 171 2443 „
200 2393 294 2431 dum
323 2390 495 2443 scrupuli
513 2421 524 2439 ,
554 2392 651 2428 sicut
680 2390 855 2438 dubitat,
894 2404 960 2427 seu
990 2388 1171 2427 formidat
1200 2388 1267 2426 ha-

143 2476 170 2497 „
199 2446 293 2486 bens
321 2446 543 2498 opinionem
571 2444 617 2483 de
646 2443 804 2496 aliquo,
833 2444 925 2496 quia
940 2444 991 2483 ita
1013 2442 1174 2483 inhaeret
1193 2442 1268 2495 ipsi

196 2619 245 2655 (a)
277 2613 422 2653 Plures,
454 2622 648 2657 gravesque
675 2608 843 2656 Theotogi
870 2610 1043 2646 affirmare
1069 2622 1137 2646 non
1163 2609 1267 2646 dnbi-

145 2671 247 2702 tant,
275 2674 294 2694 a
320 2661 421 2704 culpa
449 2658 546 2692 nullo
569 2657 672 2692 inodo
695 2658 856 2691 excusari
883 2670 979 2703 posse
997 2681 1007 2699 ‚
1048 2660 1108 2703 qui
1138 2660 1267 2693 Proba-

144 2708 327 2742 bilismum
360 2715 577 2750 sequuntur,
614 2713 674 2738 aut
711 2705 919 2749 poenitentes
953 2718 994 2738 ex
1021 2706 1266 2739 Probabilis-mi

144 2756 273 2797 regulis
298 2753 477 2797 dirigunt.
503 2753 594 2785 Luce
618 2755 748 2785 clarius
773 2760 851 2791 est,
879 2752 1058 2796 inquiebat
1087 2751 1265 2785 illustriss.

148 2800 331 2833 Bos-suetus
347 2821 357 2839 ‚
382 2801 656 2843 diligentissime
682 2800 932 2843 praecavendam
956 2802 1174 2842 opinionem,
1199 2811 1264 2842 ‹711ae

147 2850 271 2877 nn‘nori
296 2847 532 2888 probabilitati
548 2846 679 2889 favet,
718 2849 838 2890 qnippe
864 2859 930 2890 (μω
954 2850 1087 2878 animas
1123 2847 1265 2880 inducat

147 2897 184 2925 in
209 2894 381 2934 loqueum,
407 2897 589 2925 seeizritate
606 2893 708 2936 falso
726 2900 890 2932 ostensa,
917 2901 1104 2925 nouantem
1129 2897 1264 2936 paesti-

147 2947 208 2977 τα,
234 2942 274 2969 <J
301 2941 510 2973 ineuitabilis
529 2940 910 2984 clatiincitionisjudicio
923 2948 1106 2973 consecuto
1122 2962 1129 2970 .
1157 2938 1262 2972 Card.

148 2994 266 3019 autem
292 2982 332 3014 de
361 2985 505 3026 Agnirre
532 2988 805 3030 deprehendisse
831 2998 865 3020 se
891 2985 1028 3020 dicebat
1056 2988 1175 3029 ingens
1200 2999 1261 3030 pe-

148 3032 290 3064 ricnlum
318 3030 440 3062 salutis
467 3036 499 3063 in
529 3036 715 3073 sectando,
754 3041 813 3066 ant
838 3034 1046 3067 consulendo
1071 3035 1157 3066 aliis
1180 3045 1262 3073 pro-

148 3079 330 3111 babilismo
350 3098 357 3106 .
385 3078 433 3107 Ae
458 3075 597 3113 demum
617 3103 626 3120 ‚
654 3081 812 3124 pluribus
840 3080 917 3113 aliis
942 3079 1081 3112 omissis
1101 3102 1111 3119 ,
1137 3077 1262 3112 Cardi—

149 3124 239 3158 nalis
264 3122 305 3155 (le
334 3123 466 3154 Laurea
493 3124 538 3156 ita
566 3127 720 3159 absolute
747 3127 1024 3171 pronunciabat:
1066 3127 1197 3159 Censeo
1224 3140 1261 3158 ο-

148 3180 320 3215 perawem
345 3181 416 3200 cnm
441 3171 605 3211 probabili
628 3178 785 3215 opinione
806 3195 816 3213 ,
858 3175 983 3207 relicta
1008 3174 1235 3215 probabiliore
1256 3194 1266 3213 ‚

148 3219 302 3262 periculo
320 3216 467 3259 ftrmczli
499 3229 534 3249 se
562 3229 749 3259 exponere,
794 3225 834 3252 <19⁸
861 3224 1062 3264 ignorantiae
1088 3221 1266 3254 vineibilis

150 3277 265 3297 errore
280 3264 456 3296 laborare.
484 3262 582 3295 Hane
597 3265 779 3299 veritatem
807 3268 928 3300 multis
945 3267 1162 3310 argumentis
1190 3279 1265 3299 ma-

151 3311 313 3343 nifestam
331 3331 340 3349 ,
379 3321 417 3342 ac
444 3308 661 3353 probabilem
687 3309 834 3344 reddidit
861 3314 915 3345 vir
941 3312 981 3345 de
1007 3313 1135 3347 Etliica
1163 3312 1267 3345 Chri-

152 3358 266 3390 stiana
289 3356 419 3400 optime
444 3355 591 3390 meritus
617 3354 717 3392 Vinc·
744 3356 930 3392 Patuzziin
957 3360 1063 3395 variis
1089 3359 1161 3393 suis
1186 3370 1268 3405 ope-

756 123 837 168 DE
871 121 1009 167 Aer.
1043 120 1200 165 HUM.
1233 115 1501 163 DISSERT.
1535 117 1617 160 111.
1652 118 1780 161 cAP.
1803 119 1881 162 111.

2150 91 2194 127 *a

1335 226 1362 244 ‚,
1391 197 1604 243 sententiae,
1634 196 1733 247 quod
1762 207 1886 236 tamen
1908 195 2084 235 formidat
2111 194 2157 233 de
2176 197 2367 247 opposito:
2396 196 2452 237 sic

1335 277 1362 297 ‚‚
1391 247 1533 298 agendo
1561 257 1688 285 contra
1716 249 1788 287 tale
1816 251 1978 289 dubium
2009 262 2079 287 non
2109 258 2315 301 peccatur,
2356 251 2451 288 dum

1336 331 1362 350 ‚‚
1393 300 1561 339 adhaeret
1581 301 1751 352 opinioni
1779 301 1944 354 alicujus
1966 303 2136 341 Doctoris
2154 333 2164 351 ‚
2196 302 2229 338 ἃ
2259 302 2373 339 habet
2393 317 2453 341 ra-

1338 383 1363 402 „
1395 356 1510 392 tiones
1532 352 1751 406 probabiles
1781 367 1849 405 pro
1869 357 1951 406 ipsa
1968 358 2086 406 magis
2108 385 2118 404 ‚
2148 369 2266 408 quam
2296 368 2366 407 pro
2384 368 2454 407 op-

1338 437 1363 456 „
1395 409 1515 459 posita
1555 408 1734 459 opinione
1756 409 1782 428 ‘⁶
1805 433 1816 445 .
1872 407 1964 446 Vid.
2006 408 2235 448 Ballerinius
2279 407 2392 446 Prael.
2422 408 2455 448 Ι.

1342 460 1380 512 §.
1407 461 1444 498 5.
1476 460 1507 496 8<
1538 460 1577 506 4.
2141 499 2145 502 ,

1397 527 1484 563 127.
1515 514 1604 552 inst.
1634 514 1736 551 idem
1765 513 1806 551 S.
1836 513 2046 553 Antoninus
2074 515 2104 554 Ι.
2133 514 2232 554 Part.
2274 516 2330 553 tit.
2353 515 2390 553 5.
2421 529 2456 553 c·

1345 580 1405 604 10.
1435 566 1473 618 ᾗ.
1502 580 1559 604 11.
1592 597 1618 614 „
1648 567 1705 604 Ex
1739 569 1950 618 responsis,
1979 571 2133 618 inquit,
2163 582 2250 620 quoe
2280 569 2456 607 videntur

1339 649 1365 668 ‚‚
1395 621 1482 658 data
1501 620 1551 658 ab
1574 620 1730 658 Alberto
1758 620 1816 659 Μ.
1834 650 1845 668 ,
1876 621 2063 669 liabetur,
2092 623 2192 673 quod
2222 623 2335 660 frater
2364 624 2456 659 sim-

1339 703 1364 722 „
1396 674 1482 724 plex
1502 703 1512 722 ,
1544 673 1604 712 vel
1634 673 1798 726 quilibet
1828 673 2046 711 homocum
2075 674 2193 711 salute
2217 683 2332 725 potest
2347 674 2457 727 sequi

1338 757 1363 776 „
1394 726 1601 766 ineonsilio
1612 727 2127 780 quamcumqueopinionem
2141 726 2323 776 voluerit,
2344 729 2457 765 duni-

1337 810 1363 829 „
1394 781 1506 818 modo
1535 780 1702 833 alicujus
1723 781 1884 819 doctoris
1915 779 2044 831 magni
2072 780 2291 831 opinionem
2321 794 2454 833 sequa-

1336 863 1362 883 „
1392 843 1453 873 tur
1474 835 1521 872 ”2
1551 848 1638 887 ergo
1668 834 1738 873 &c-

1396 887 1484 926 128.
1516 887 1628 940 Resp.
1659 888 1792 941 Neque
1813 887 1853 927 S.
1877 887 2141 935 Antoninum,
2170 901 2293 939 neque
2322 886 2458 926 Alber-

1335 949 1417 979 tum
1446 941 1506 980 M.
1537 942 1644 981 nobis
1672 943 1891 987 adversar13
1922 941 2017 979 nihil
2049 941 2150 978 enim
2180 940 2285 978 aliud
2315 941 2458 991 signifi-

1336 1004 1449 1043 cant,
1487 1011 1605 1048 quam
1637 1010 1741 1049 posse
1773 995 1969 1034 hominem
2000 996 2133 1032 rudem
2152 1024 2162 1041 ‚
2205 993 2421 1046 simplicem
2445 1024 2457 1043 ,

1336 1048 1369 1085 ἃ
1400 1049 1559 1087 idiotam
1588 1048 1758 1088 consiliis
1788 1051 1846 1088 sui
1875 1047 2034 1087 Paroclii
2053 1077 2063 1096 ,
2102 1047 2161 1086 vel
2192 1047 2424 1085 Confessarii
2446 1077 2458 1095 ,

1335 1101 1397 1140 vel
1426 1102 1593 1155 alicujus
1620 1106 1747 1155 gravis
1776 1103 1951 1141 Doctoris
1980 1102 2247 1154 acquiescere;
2294 1102 2387 1153 quia
2417 1101 2459 1139 iu

1334 1154 1406 1194 hoc
1434 1171 1523 1195 casu
1554 1159 1777 1197 sententiam
1799 1157 1978 1209 adoptat,
2008 1169 2097 1207 quae
2129 1154 2186 1192 illi
2218 1153 2459 1205 probabilior

1334 1210 1455 1248 videri
1485 1210 1622 1259 debet,
1660 1211 1792 1249 saltem
1822 1212 2054 1254 extrinsece3
2097 1222 2187 1246 etun
2217 1209 2296 1258 ipse
2326 1208 2370 1245 de
2400 1208 2460 1245 in-

1333 1265 1493 1302 trinseca
1523 1264 1694 1316 ejusdem
1713 1263 1984 1316 probabilitate
2005 1270 2153 1299 certum
2174 1261 2364 1313 judicium
2384 1261 2459 1297 fer-

1331 1330 1373 1354 re
1402 1327 1590 1368 nequeat.
1621 1318 1723 1355 Hinc
1754 1316 1856 1354 idem
1885 1316 1926 1354 S.
1949 1315 2159 1353 Antoninus
2178 1344 2188 1361 ‚
2218 1328 2306 1351 cum
2336 1315 2456 1352 dixis-

1332 1379 1410 1416 set,
1461 1383 1565 1422 posse
1595 1369 1767 1422 aliquem
1799 1377 1925 1406 tenere
1957 1382 2071 1406 unam
2111 1377 2255 1417 partem
2286 1366 2458 1417 alicujtis

1333 1424 1552 1474 opinionis,
1591 1437 1679 1475 quae
1712 1422 1849 1460 habeat
1879 1434 1948 1474 pro
1978 1435 2015 1458 se
2046 1418 2230 1457 notabiles
2260 1419 2428 1457 doctores
2449 1449 2460 1467 ,

1334 1485 1461 1528 postea
1490 1476 1643 1515 subdit:
1674 1474 1957 1514 Dummodo...
1987 1473 2135 1513 bonam
2155 1471 2225 1510 sibi
2255 1476 2460 1510 conscien-

1333 1533 1438 1567 tiam
1456 1560 1465 1578 ‚
1495 1531 1545 1571 (θ’
1575 1530 1855 1569 credulitatem
1872 1529 2031 1580 formet
2061 1527 2108 1565 de
2138 1540 2183 1564 eo
2205 1556 2216 1574 ‚
2246 1525 2348 1576 quod
2376 1538 2460 1565 cre-

1334 1583 1389 1621 dii
1419 1593 1618 1635 nmquam
1650 1584 1697 1622 <le
1724 1581 1982 1634 probabiliore
2010 1590 2152 1633 parte.

1395 1650 1483 1689 129.
1514 1637 1556 1674 Β.
1587 1646 1715 1675 autem
1745 1636 1927 1674 Albertus
1957 1635 2122 1685 Magnus
2153 1632 2246 1670 adeo
2276 1632 2460 1672 Probabi-

1333 1689 1444 1728 lismo
1462 1690 1628 1728 infensus
1657 1692 1728 1728 fuit
1747 1720 1758 1737 ‚
1789 1699 1828 1727 ut
1842 1689 2076 1742 quibusdam
2090 1688 2194 1726 visus
2223 1687 2268 1723 sit
2291 1688 2460 1738 (quarn-

1332 1757 1450 1794 qnam
1481 1744 1674 1781 immerito
1696 1744 1709 1793 )
1742 1745 1779 1781 in
1802 1744 2020 1796 oppositum
2043 1741 2235 1792 rigorismi
2255 1740 2460 1791 scopulum

1332 1797 1533 1834 incidisse.
1563 1797 1664 1835 Nam
1696 1799 1734 1835 in
1757 1797 1887 1834 Tract.
1917 1795 1982 1833 De
2003 1794 2161 1833 homine
2190 1807 2228 1844 q.
2256 1806 2292 1844 7.
2323 1802 2392 1831 art.
2418 1806 2457 1832 2.

1331 1862 1520 1902 exponens
1543 1850 1639 1889 illud
1671 1851 1910 1904 principium
1930 1850 1976 1887 de
2007 1849 2142 1887 tutiore
2165 1855 2269 1898 parte
2298 1859 2457 1899 sequen-

1330 1902 1379 1940 da
1396 1933 1406 1950 ,
1437 1903 1649 1942 <licendum
1668 1935 1678 1953 ,
1729 1905 1853 1956 inquit
1871 1933 1881 1951 ,
1919 1902 2022 1955 quod
2052 1901 2198 1952 duplex
2226 1908 2283 1937 est
2311 1903 2459 1938 securi-

1329 1964 1422 2004 tas,
1452 1957 1551 1995 idest
1579 1961 1771 1996 remotius
1792 1956 1982 2008 afalm,
2013 1957 2061 1997 Θ·
2090 1957 2279 1992 remotius
2300 1966 2326 1990 a,
2357 1957 2456 2001 peri-

1328 2010 1440 2058 culo,
1472 2012 1521 2053 ᾧ·
1549 2011 1722 2050 secundo
1744 2011 1858 2049 mocio
1892 2012 2120 2062 intelligitur
2149 2007 2288 2060 regula
2306 2032 2316 2044 .
2346 2008 2456 2045 Cete-

1329 2075 1415 2101 rum
1446 2064 1476 2101 si
1507 2063 1578 2103 hoc
1597 2074 1866 2117 argumentum
1896 2067 1975 2103 vim
1996 2064 2189 2110 obtineat,
2220 2069 2399 2112 sequetur
2419 2076 2458 2098 e-

1329 2118 1423 2155 tiam
1454 2116 1513 2156 vel
1546 2120 1658 2157 unius
1688 2119 1863 2157 Doctoris
1892 2118 2052 2169 junioris
2081 2116 2347 2154 auctoritatem
2376 2116 2458 2152 suf-

1330 2169 1472 2217 ficere,
1505 2180 1544 2209 ut
1563 2173 1693 2224 opinio
1723 2181 1918 2210 censeatur
1935 2169 2172 2223 probabilis,
2203 2168 2304 2220 quod
2333 2167 2382 2205 ab
2404 2170 2460 2206 A-

1332 2222 1409 2261 lex.
1432 2224 1517 2262 VII.
1548 2226 1771 2263 damnatum
1803 2233 1884 2263 est.
1915 2225 2010 2275 Sup.
2041 2237 2080 2261 11.
2103 2222 2168 2274 47.

1393 2279 1481 2317 150.
1511 2278 1603 2329 Obj.
1634 2278 1864 2317 undecimo.
1894 2277 1936 2316 Si
1953 2276 2252 2316 Probabilismus
2269 2284 2359 2315 esset
2374 2290 2459 2315 sen·

1333 2333 1449 2371 tentia
1477 2334 1632 2371 omnino
1661 2332 1783 2381 falsa,
1825 2332 1859 2367 8<
1890 2333 2129 2385 perniciosa,
2172 2330 2221 2368 ab
2252 2330 2426 2369 Ecclesia
2446 2361 2460 2379 ,

1335 2400 1425 2438 quae
1455 2386 1633 2425 columna
1664 2396 1715 2426 est
1732 2387 1897 2426 veritatis
1915 2416 1925 2434 ,
1955 2386 2116 2424 minime
2140 2384 2385 2436 probaretur;
2415 2393 2458 2422 ut

1337 2441 1443 2480 enim
1485 2441 1611 2494 inquit
1639 2440 1768 2482 Sauct.
1799 2438 2034 2494 Augustinus
2062 2439 2186 2492 Epist.
2208 2436 2459 2530 LY:)}1)a{lias

1333 2611 1432 2646 ribus
1447 2634 1458 2653 ‚
1483 2612 1611 2657 quibus
1638 2604 1934 2651 Probabilismum
1954 2604 2088 2641 'invicte
2107 2597 2323 2639 confutavit.
2351 2600 2460 2634 Vide·-

1335 2659 1366 2691 ri
1394 2660 1502 2692 etiam
1530 2667 1642 2704 potest
1661 2659 1800 2692 libellus
1827 2656 1970 2700 supplex
1990 2656 2023 2687 P.
2037 2653 2168 2697 Thyrsi
2189 2650 2360 2683 (ionzaleL
2378 2649 2458 2681 nle-

1334 2706 1445 2738 menti
1473 2707 1534 2739 XI.
1560 2707 1725 2745 oblatus,
1758 2705 1793 2736 in
1819 2715 1888 2748 quo
1913 2702 2094 2734 manifeste
2120 2696 2297 2736 ostendit,
2334 2696 2460 2738 proba-

1335 2748 1505 2786 bilismizm
1531 2755 1723 2796 inculpate,
1751 2753 1791 2783 (θ’
1817 2749 1990 2791 bonafide
2017 2750 2155 2784 teneri,
2181 2747 2221 2777 Θ
2247 2745 2367 2776 doceri
2389 2753 2458 2775 non

1333 2810 1433 2844 posse
1449 2822 1460 2840 ‚
1485 2808 1670 2844 postquam
1697 2798 1771 2830 haec
1797 2795 2031 2830 controversia
2060 2791 2342 2826 tnrnluculenter
2370 2802 2386 2822 a
2402 2790 2459 2821 vi-

1333 2847 1382 2878 ris
1410 2847 1628 2891 gravissimis
1656 2844 1810 2877 discussa
1836 2852 1912 2883 est,
1950 2853 1988 2873 ac
2015 2839 2160 2872 detectae
2196 2849 2316 2870 omnes
2354 2837 2457 2869 falla-

1332 2893 1394 2926 ciae
1410 2915 1421 2934 ‚
1446 2894 1576 2938 quibus
1601 2903 1681 2925 eam
1698 2889 1901 2923 acutissima
1929 2886 2163 2933 quorumdam
2179 2884 2316 2927 ingenia
2342 2882 2462 2917 obsol-

1331 2948 1689 3025 vezgptssmhoemiss.
1717 2981 1821 3014 Cnrd.
1849 2982 1961 3026 Hyac.
1989 2977 2110 3012 Gerdil
2139 2979 2172 3012 in
2200 2975 2367 3023 praeclara
2395 2973 2456 3006 ilfa

1331 3032 1521 3073 Oratione,
1549 3043 1655 3074 quam
1679 3030 1752 3073 jam
1770 3027 2015 3068 laudavimus,
2044 3038 2106 3059 nec
2132 3026 2217 3058 satis
2244 3020 2455 3062 laudaripo-

1331 3085 1398 3111 test
1436 3074 1490 3111 De
1516 3081 1632 3110 causis
1658 3076 1943 3109 Acudemicarmn
1970 3073 2247 3116 Dispzztatiomim
2280 3073 2314 3101 in
2341 3064 2454 3097 Theo-

1335 3126 1464 3167 loginm
1483 3125 1652 3159 [Annalem
1671 3126 1882 3156 inducturum
1909 3123 1943 3153 in
1960 3129 2068 3154 notat.
2092 3131 2146 3152 12.
2174 3119 2290 3154 Sane,
2317 3114 2454 3157 inquit,

1335 3183 1398 3204 nec
1426 3176 1515 3204 ratio
1531 3176 1606 3214 ipen
1620 3193 1631 3211 ‚
1657 3183 1720 3203 nec
1734 3171 1889 3213 probitas
1905 3169 1998 3212 finit
2012 3190 2024 3208 ‚
2051 3174 2084 3199 nt
2102 3176 2193 3210 qnam
2218 3165 2354 3205 quisque
2375 3172 2454 3191 sen-

1337 3222 1503 3258 tentium,
1529 3221 1593 3251 tali
1613 3218 1753 3263 judicio
1769 3238 1779 3256 ‚
1806 3220 1847 3249 Θ*
1872 3228 2018 3248 assensu
2044 3213 2251 3258 compl-exii&
2264 3217 2339 3247 est,
2364 3208 2452 3239 sibi-

1335 3277 1395 3306 que
1422 3267 1649 3309 sequendam,
1675 3269 1715 3296 ΦΓ
1743 3266 1922 3295 contrciriae
1937 3258 2181 3305 praeferendum
2208 3259 2353 3297 statuit,
2379 3265 2453 3287 eam

1335 3313 1426 3345 alios
1453 3314 1576 3352 doceat
1602 3314 1779 3346 contrartae
1801 3318 2003 3354 postponere
2019 3327 2027 3336 ·
