2562 3694
239 156 319 198 162

172 233 220 270 rit
255 228 446 282 apostotus
475 229 621 282 privari
651 231 793 269 visione
822 233 951 270 divina
978 232 1025 270 ad
1057 242 1287 286 tempusper

172 287 261 322 vitre
292 298 369 322 suae
399 283 757 336 prolungationem,
796 295 833 323 ut
864 288 913 324 ita
943 287 1102 324 fratrum
1132 301 1286 323 suorum

170 336 284 375 saluti
314 337 520 389 prodesset,
550 337 657 388 juxta
687 338 782 376 illud
813 339 983 390 ejusdem
1015 339 1287 391 Apostolil'hi-

170 388 271 440 lipp.
289 391 317 428 l.
336 391 398 428 23.
414 403 422 427 ε
447 389 636 429 coarctor
655 402 793 430 autem
813 406 833 431 e
855 392 1000 430 duobus
1017 422 1026 440 ,
1049 390 1288 429 desiderium

170 441 321 481 liabens
350 443 504 482 dissolvi
532 445 582 486 (J
611 458 697 484 esse
727 458 818 483 cum
850 445 1024 492 Christo,
1044 444 1178 481 'inulto
1199 458 1289 482 ma.-

167 498 230 547 gis·
260 497 427 535 melius:
456 510 695 548 permanere
723 509 861 536 autern
890 503 929 534 z'n
958 510 1081 534 carne
1103 510 1288 536 necessa·

166 552 271 586 rium
300 560 456 599 propter
485 565 548 589 ros
579 553 670 604 (uf).
718 553 758 590 S.
791 553 1046 600 Hieronymus
1075 559 1204 588 autem
1249 566 1286 588 e-

167 603 256 654 pist.
279 616 366 642 121.
383 604 434 642 al.
461 606 548 643 151.
579 607 625 643 ad
645 605 837 655 Algasiam
854 617 920 653 qu.
937 614 975 652 ς).
993 631 1003 649 ,
1036 612 1113 653 post
1132 604 1172 641 S.
1189 605 1286 643 Gre-

167 658 318 706 gorium
350 657 626 696 Nazianzenum
657 657 831 703 Orant„
862 655 1110 694 anatheniatis
1131 660 1286 696 nomine

164 717 328 748 mortem
358 713 553 762 corporis,
602 723 672 747 non
704 718 882 745 atternam
913 709 1195 748 damnationem
1227 713 1285 749 in-

164 761 414 814 telligendam
445 777 521 800 esse
550 762 715 813 putavit3
747 771 785 798 ut
805 775 944 814 nempe
969 762 1166 814 Apostolus
1181 775 1285 816 opta-

164 818 263 854 verit
290 822 418 867 perire
460 819 500 852 in
529 827 653 852 carne
676 844 686 863 ,
730 824 769 851 ut
799 815 868 852 (ιῖἱὲ
897 816 1144 853 solverentur
1172 822 1284 867 spiri-

162 876 235 905 zu:
271 883 386 907 suum
414 871 655 919 sanguinem
672 866 880 919 fundere,
923 877 964 906 uc
993 868 1209 908 multorum
1238 885 1283 910 ‹z-

161 925 286 960 nimce
314 923 563 959 salvarentur
579 948 591 959 .

224 988 287 1024 27·
318 974 454 1013 Dices.
499 974 699 1026 Apostolus
729 973 869 1013 Paulus
913 989 950 1013 2.
979 978 1066 1014 Cor.
1091 976 1198 1016 XIII.
1221 979 1281 1017 5.:

168 1026 356 1065 Charitas
373 1058 383 1075 ,
413 1029 561 1080 inquit,
577 1041 657 1066 non
678 1033 838 1079 quierit,
860 1042 949 1079 quoe
968 1043 1043 1067 sua„
1063 1039 1151 1068 suut
1168 1046 1183 1075 ,-
1214 1036 1281 1084 qui

159 1093 249 1131 ergo
278 1080 409 1119 volunt
438 1095 515 1119 esse
546 1083 583 1120 in
613 1082 796 1119 charitate
826 1084 983 1134 perfecti
1001 1113 1012 1132 ,
1043 1084 1190 1122 nullam
1208 1088 1285 1124 -de-

156 1132 247 1170 bent
276 1134 348 1172 sibi
379 1135 470 1187 ipsis
499 1137 712 1173 mercedem
743 1148 945 1188 quaerere.

215 1186 279 1226 28.
311 1187 423 1240 Resp.
441 1219 451 1236 ,
483 1189 705 1240 Apostolum
735 1188 841 1241 loqui
872 1191 918 1228 de
941 1191 986 1228 iis
1003 1220 1013 1238 ,
1037 1192 1113 1243 ¹qui
1133 1205 1284 1244 quaere·

154 1238 276 1289 bant,
306 1256 394 1295 quae
426 1256 493 1280 sua
521 1251 628 1292 sunt,
672 1244 828 1296 privatis
857 1245 933 1281 suis
964 1246 1176 1283 commodis
1205 1255 1282 1285 stu-

154 1294 309 1343 dentes,
339 1310 460 1348 eaque
489 1299 687 1335 communi
717 1296 914 1349 religionis
942 1297 1044 1335 bono
1076 1301 1281 1350 praeferen-

152 1355 233 1396 tes,
276 1349 322 1386 de
351 1349 495 1402 quibus
523 1351 637 1388 etiam
667 1351 913 1403 conqueritur
949 1351 996 1389 ad
1026 1351 1198 1404 Philipp.
1230 1355 1279 1393 ΙΙ.

157 1414 224 1439 21.
257 1404 455 1454 inquiens:
489 1403 642 1441 Omnes
663 1435 673 1452 ,
703 1417 794 1454 qitoe
822 1417 897 1440 sua
926 1413 1043 1452 sunt,
1074 1416 1277 1456 quaerunt,

151 1466 233 1492 non
263 1469 351 1505 (μιᾶς
379 1456 470 1493 Jesu
489 1455 656 1495 Christi.
687 1456 846 1494 Perfecti
881 1458 995 1508 igitur
1026 1459 1063 1494 in
1093 1458 1277 1498 charitate

154 1509 336 1547 omnibus
365 1509 450 1547 aliis
479 1511 637 1562 privatis
656 1509 869 1549 commodis
900 1523 967 1562 pro
984 1511 1056 1548 Dei
1087 1526 1214 1550 amore.
1232 1514 1278 1552 li·

150 1560 285 1600 benter
315 1564 536 1601 renunciant
559 1594 569 1612 ,
598 1563 662 1602 sed
690 1568 765 1602 non
797 1566 1043 1615 possessioni,
1073 1565 1106 1601 ἃ
1129 1567 1277 1605 fruitio-

149 1617 192 1653 ni
223 1616 341 1668 ipsius
370 1618 513 1655 summi
542 1617 635 1656 boni
652 1647 663 1666 ,
692 1619 793 1670 quod
810 1632 923 1669 super
942 1619 1070 1657 omnia
1085 1619 1247 1670 diligunt
1264 1652 1275 1669 ,

149 1668 185 1705 ἃ
214 1670 274 1706 cui
297 1680 494 1723 propterea
523 1672 657 1710 intime
687 1673 789 1710 uniri
820 1673 1029 1724 peripsam
1049 1670 1275 1715 charitatem

150 1722 329 1759 anhelant
346 1749 355 1760 .

206 1787 271 1826 29.
301 1775 359 1812 Ex
389 1774 446 1813 his
476 1784 598 1828 patet,
627 1776 721 1828 quid
751 1776 1053 1826 respondendum
1085 1778 1130 1814 sit
1159 1780 1205 1816 ad
1222 1781 1271 1816 si-

149 1826 263 1866 miles
293 1827 526 1880 emphaticas
556 1829 735 1880 loquendi
767 1829 976 1877 formulas,
1025 1844 1112 1882 quae
1158 1845 1200 1868 ex
1232 1833 1274 1870 S.

147 1880 357 1919 Francisco
384 1881 556 1928 Salesio‚
587 1882 627 1918 S.
646 1881 827 1919 Theresia
846 1910 856 1928 ,
886 1882 1048 1933 aliisque
1078 1884 1272 1923 nonnullis

145 1934 282 1971 referri
311 1932 456 1979 solent;
486 1933 664 1973 videlicet
695 1933 954 1985 intelligendae
984 1936 1272 1974 suutcomlttio-

145 1996 270 2035 nate,
302 1985 335 2022 ἃ
364 1987 521 2038 quidem
551 1987 597 2025 de
626 1988 842 2025 conditione
872 1987 1132 2039 impossibili,
1171 1998 1210 2026 ut
1239 1991 1272 2028 si

144 2042 231 2093 quis
260 2041 424 2078 diceret:
454 2071 480 2090 „
509 2040 552 2079 Si
581 2055 649 2093 per
677 2040 912 2092 impossibile
942 2055 1032 2079 cuin
1058 2055 1154 2079 meae
1171 2042 1273 2081 salu-

145 2123 175 2144 „
204 2096 250 2133 tis
277 2094 477 2146 dispendio
508 2096 620 2148 possit
650 2094 824 2132 aliorum-
839 2094 963 2143 salus,
994 2093 1176 2134 &divina
1192 2096 1272 2148 glo-

146 2177 175 2197 „
204 2149 261 2186 ria
290 2147 500 2200 conjungi,
531 2157 681 2200 paratus
711 2162 829 2186 essem
861 2157 1042 2186 aeternam
1061 2149 1189 2187 subire
1206 2151 1272 2189 da-

143 2231 172 2250 „
203 2202 435 2240 mirationem
450 2205 475 2224 “
493 2215 501 2239 ;
519 2201 754 2240 excludendo
770 2210 894 2240 tamen
910 2203 1040 2241 odium
1058 2202 1155 2241 Dei.
1171 2205 1270 2244 Con—

145 2255 205 2293 :fer
233 2255 455 2293 Bossuetum
485 2256 524 2293 in
551 2268 684 2308 opere:
717 2254 888 2308 Mysum·
917 2260 958 2294 ιή
987 2264 1091 2293 tuto.

200 2308 266 2347 50.
296 2307 391 2360 Obj.
418 2313 559 2347 tertio.
587 2309 764 2347 Clemens
785 2309 1064 2348 Alexandrinus
1096 2310 1264 2350 Lib.1V.

146 2360 400 2400 stromatum
428 2375 537 2400 num.
556 2375 620 2400 22.
650 2392 676 2409 ,‚
705 2363 747 2402 Si
777 2365 862 2416 quis
884 2377 992 2415 ergo,
1023 2366 1168 2414 inquit,
1199 2378 1266 2417 per

145 2444 173 2464 9,
202 2417 432 2468 positionem
461 2417 523 2464 ei,
553 2416 619 2468 qui
643 2425 696 2454 est
711 2418 920 2468 cognitione
939 2417 1118 2469 praeditus
1135 2448 1146 2466 ,
1177 2432 1264 2470 pro·

141 2498 170 2518 2,
199 2469 393 2520 posuerit,
424 2478 552 2508 utrum
583 2469 691 2507 malit
721 2470 795 2507 Dei
824 2472 1077 2523 cognitionem
1097 2501 1107 2520 ,
1137 2485 1184 2509 an
1207 2487 1264 2510 sa-

142 2551 171 2571 „
201 2522 321 2562 lutem
351 2532 557 2562 aeternam:
599 2524 670 2561 sint
699 2532 824 2561 autem
855 2538 898 2562 ea
927 2533 1096 2577 separata
1114 2554 1124 2573 ,
1171 2539 1261 2565 cum

140 2604 168 2626 9,
198 2576 270 2614 sint
299 2577 457 2616 omnino
484 2576 641 2616 eadem:
678 2575 776 2615 nihil
806 2579 954 2629 penitus
982 2577 1158 2617 dubitans
1187 2578 1262 2617 ele-

141 2657 170 2678 „
199 2631 292 2681 gerit
323 2629 394 2669 Dei
424 2631 678 2683 cognitionem
696 2661 706 2679 ,
737 2640 890 2682 propter
920 2646 956 2669 se
974 2661 983 2679 ‚
1015 2630 1188 2682 judicans
1210 2647 1267 2671 es-

142 2711 170 2732 „
199 2696 236 2721 se
264 2685 512 2736 expetendam
543 2698 626 2722 eam
645 2714 655 2732 ,
685 2698 775 2738 quae
803 2685 919 2723 fidem
950 2686 1178 2724 transcendit
1200 2700 1266 2738 per

142 2763 170 2784 „
198 2735 422 2776 charitatem
452 2738 499 2775 ad
529 2739 784 2790 cognitionem
801 2741 826 2760 ‘⁴
844 2765 855 2777 .
885 2739 932 2777 Et
953 2748 1074 2791 postea
1097 2741 1200 2778 circa
1219 2740 1267 2779 fi-

143 2801 230 2829 nem
260 2791 437 2843 pluribus
465 2790 656 2840 declarat,
687 2791 883 2832 hominem
906 2793 1119 2845 perfectum
1142 2808 1266 2846 neque

143 2834 277 2881 'timore
315 2859 543 2898 paenarum,
587 2859 655 2884 nee
699 2855 853 2897 propter
897 2845 1057 2899 aliquod
1087 2847 1178 2885 utile
1209 2849 1265 2884 lu·

142 2906 279 2943 crum,
313 2898 374 2936 vel
404 2899 708 2938 delectationem
738 2900 920 2952 aliquam
950 2902 1128 2953 operari.
1173 2901 1264 2941 Lib.

145 2957 272 2985 autem
288 2948 372 2989 Vll.
401 2966 511 2992 num.
533 2967 595 2993 ιι.
623 2954 670 2992 de
691 2954 738 2992 iis
767 2953 927 3006 loquens
954 2955 1022 3006 qui
1044 2963 1183 2992 rectam
1205 2968 1265 2993 ra—

144 3001 284 3038 tionem
331 3015 561 3055 sequuntur,
603 3021 773 3060 quosque
820 3006 1060 3056 Gnosticos,
1103 3022 1166 3046 seu
1197 3022 1264 3046 sa-

142 3057 295 3106 pientes
323 3066 451 3096 vocat:
493 3090 520 3110 „
548 3060 705 3114 Propter
733 3063 912 3111 suam-‚in
941 3062 1071 3101 Deum
1100 3060 1264 3101 charita·

194 3212 243 3261 (a)
269 3209 406 3260 Integer
430 3215 547 3262 teJJtns
572 3214 726 3258 Angeiici
754 3215 804 3249 sic
830 3213 958 3250 habet:
1004 3237 1030 3257 ‚,
1053 3215 1121 3250 Vel
1147 3224 1261 3261 potest

144 3274 172 3296 2,
198 3253 294 3295 dici,
331 3263 419 3288 s1cut
445 3254 530 3289 dicit
558 3257 825 3302 Chrysostomus
856 3263 891 3295 in
918 3263 997 3297 Lib.
1019 3265 1043 3296 Ι.
1077 3263 1134 3297 De
1162 3264 1263 3296 Com-

149 3321 177 3341 „
201 3304 382 3345 punctione
407 3302 528 3346 cap-8·
545 3324 556 3342 ,
583 3305 614 3335 ὃ(
640 3306 738 3339 Hom.
754 3309 851 3343 XVI.
878 3309 913 3342 in
939 3311 1041 3355 epist.
1067 3308 1109 3343 ad
1138 3312 1261 3352 Rom.,

157 3367 186 3388 2,
203 3347 294 3391 quod
321 3359 380 3392 per
404 3347 469 3382 hoc
495 3360 563 3381 non
588 3351 778 3384 ostenditur
797 3376 808 3394 ,
842 3355 934 3400 quod
959 3358 1146 3401 Apostolus
1181 3358 1260 3401 plus

165 3393 361 3440 „diligeret
395 3395 625 3440 proximum,
658 3407 764 3442 quam
789 3400 927 3443 Deum3
962 3402 1021 3438 sed
1053 3402 1148 3448 quod
1181 3403 1261 3448 plus

746 151 826 195 DE
862 152 1019 198 VIRT.
1053 152 1280 197 THEOL.
1313 151 1653 198 DISSERTJI.
1687 156 1815 200 CAP.
1849 159 1905 202 ΙΙ.

1355 263 1382 281 „
1413 242 1486 271 tem
1510 263 1520 282 ,
1551 237 1694 284 inquit,
1739 234 1910 273 lubentes
1940 244 2069 287 parent
2099 237 2286 277 vocationi
2317 236 2468 279 nullum

1355 315 1381 334 „
1412 286 1534 324 alium
1562 288 1637 325 sibi
1666 301 1824 339 scopum
1856 301 2102 340 proponentes
2132 293 2199 331 nisi
2231 303 2269 330 ut
2288 293 2368 331 Deo
2390 294 2471 345 pla·

1355 367 1381 388 „
1411 350 1546 388 ceant,
1577 354 1652 379 non
1682 350 1809 379 autem
1841 351 1992 392 propter
2023 348 2185 396 praeinia
2216 345 2390 384 laborum
2417 351 2472 387 “-

1358 391 1560 445 Multaque
1589 394 1666 432 alia
1694 394 1838 432 similia
1869 394 2003 443 hahet,
2032 399 2172 447 quibus
2192 401 2344 437 ostenlit
2363 430 2372 446 ‚
2405 398 2474 437 ho-

1357 448 1504 484 minem
1533 449 1764 499 sapientem,
1801 461 1864 484 seu
1898 448 2104 498 perfectum
2125 480 2135 498 ,
2165 453 2211 490 ad
2239 455 2364 490 omnia
2384 483 2393 500 ,
2423 453 2473 490 si-

1355 513 1400 537 ve
1431 499 1557 548 bona,
1600 502 1679 539 sive
1719 500 1821 538 mala
1851 500 2127 539 indii‘l‘eremem
2170 519 2244 543 esse
2274 516 2473 558 oportere,

1355 552 1559 605 Deumque
1590 556 1702 592 unice
1733 563 1884 606 propter
1913 555 2078 606 scip-:um
2110 570 2264 596 amare.

1408 607 1473 646 51.
1512 607 1698 658 Respond.
1741 608 1917 646 Clemens
1960 608 2240 648 Alexandrinus
2275 611 2471 664 duplicem

1353 658 1546 697 charitatis
1566 669 1693 698 actum
1713 661 1936 712 distinguit,
1954 661 2114 699 alterum
2133 664 2359 714 primarium
2381 695 2389 712 ,
2408 667 2477 717 qui

1352 714 1472 751 fertur
1501 715 1540 751 in
1564 714 1720 762 Deum,
1752 723 1790 752 ut
1819 724 1869 752 est
1900 715 1938 751 in
1968 729 2005 751 se
2035 728 2183 752 summe
2204 716 2350 762 bonus,
2381 719 2473 756 alte-

1352 779 1440 804 rum
1471 767 1737 805 secundarium
1756 797 1766 816 ,
1796 767 1863 819 qui
1894 769 2049 819 respicit
2080 768 2206 806 Deum
2238 780 2275 806 ut
2306 779 2357 807 est
2388 770 2474 809 feli-

1352 821 1472 868 citas,
1503 821 1536 857 &
1567 821 1759 858 beatitudo
1789 830 1936 859 nostra.
1980 820 2179 859 Contendit
2208 832 2332 860 autem
2353 852 2363 870 ,
2406 822 2473 860 ho·-

1352 875 1496 911 minem
1527 875 1760 924 sapientem,
1805 888 1848 911 ac
1888 875 2097 926 perfectum
2137 885 2353 913 amaturum
2395 891 2474 914 esse

1352 926 1480 965 Deum
1497 958 1507 976 ,
1537 929 1683 965 etiamsi
1714 937 1817 966 actus
1846 925 1913 965 ille
1934 929 2154 980 praecipuus
2172 958 2182 976 ,
2212 929 2245 965 &
2267 930 2475 980 primarius

1350 990 1469 1030 posset
1498 981 1547 1019 ab
1576 981 1693 1019 altero
1715 983 1909 1033 separari,
1939 996 2055 1033 quam
2079 990 2204 1020 tamen
2228 980 2473 1034 hypothesim

1348 1033 1416 1070 ille
1445 1035 1724 1086 impossibilem
1755 1044 1927 1087 reputat,
1973 1044 2012 1072 ut
2045 1043 2144 1086 patet
2173 1049 2219 1073 ex
2250 1038 2294 1073 iis
2323 1035 2477 1073 verbis:

1352 1091 1431 1123 sint
1459 1098 1598 1125 autem
1627 1102 1677 1126 eu,
1707 1097 1927 1137 separata,
1971 1100 2060 1126 cum
2091 1092 2168 1126 sint
2197 1092 2360 1126 omnino
2403 1102 2474 1126 ea,-

1352 1139 1444 1178 (Zem
1462 1156 1477 1185 ‚·
1506 1143 1608 1194 quod
1637 1157 1658 1180 a
1688 1143 1820 1179 nostris
1851 1142 2001 1180 Pseudo·
2015 1144 2188 1193 mysticis
2216 1141 2473 1195 quamlongis-

1350 1194 1445 1232 sime
1474 1195 1611 1242 distat,
1641 1197 1709 1248 qui
1739 1209 1827 1232 eum
1857 1204 1993 1232 statum
2025 1197 2265 1246 perfectionis
2295 1193 2368 1233 sibi
2399 1193 2472 1233 fin-

1350 1257 1468 1298 gunt,
1499 1263 1576 1301 quo
1606 1249 1710 1286 Deus
1740 1250 1790 1286 ita
1821 1262 1914 1300 pure
1944 1258 2090 1285 ametur
2113 1278 2124 1296 ,
2155 1257 2195 1285 ut
2224 1247 2333 1286 nulla
2363 1261 2472 1299 pror-

1350 1316 1411 1338 sus
1440 1301 1522 1353 ejus
1553 1303 1705 1339 fruendi
1742 1316 1826 1353 spes
1854 1303 2134 1349 admisceatur,
2177 1303 2255 1339 imo
2298 1315 2472 1353 expresse

1348 1354 1484 1392 debeat
1515 1355 1688 1393 excludi.

1404 1408 1468 1446 52.
1487 1408 1773 1460 Nonnunquam
1792 1408 1907 1445 etiam
1921 1405 2202 1444 Alexandrinus
2221 1404 2473 1458 Philosophus

1350 1474 1412 1507 ea,
1443 1475 1607 1513 quorum
1638 1476 1743 1512 spem
1772 1477 1794 1499 a
1824 1462 2000 1513 perfectis
2022 1460 2244 1498 Christianis
2275 1460 2405 1512 procul
2430 1474 2470 1498 a-

1346 1513 1500 1565 blegat,
1532 1529 1608 1552 non
1641 1515 1708 1553 illa
1738 1529 1814 1553 esse
1845 1515 1951 1562 vult,
1996 1528 2084 1566 quae
2118 1516 2156 1551 in
2185 1513 2364 1552 beatifica
2393 1514 2469 1552 Dei

1349 1569 1493 1606 visione
1523 1571 1755 1616 consistunt,
1785 1569 1846 1606 sed
1869 1569 1970 1606 bona
1989 1568 2216 1620 temporalia
2234 1598 2244 1616 ,
2275 1568 2308 1603 &
2323 1567 2471 1618 abipso

1345 1620 1429 1658 Deo
1457 1623 1659 1669 distincta,
1703 1623 1919 1673 cujusmodi
1951 1620 2019 1659 illa
2049 1631 2179 1668 erant,
2223 1634 2311 1673 quae
2342 1621 2472 1659 Judae‘i

1344 1675 1517 1713 carnales
1547 1677 1584 1713 in
1616 1677 1731 1713 veteri
1762 1675 1843 1725 lege
1873 1690 1894 1711 a
1924 1674 2005 1711 Deo
2034 1674 2309 1725 expectabant.
2339 1674 2380 1711 Id
2401 1689 2469 1725 pa-

1344 1735 1393 1763 tet
1423 1730 1592 1766 maxime
1623 1730 1661 1766 in
1692 1729 1906 1765 testimonio
1935 1741 1977 1763 ex
1997 1728 2084 1765 Lib.
2103 1727 2187 1765 VH.
2218 1727 2469 1765 Siromatimz

1341 1779 1451 1817 nobis
1479 1780 1655 1831 objecto,
1701 1783 1767 1818 ubi
1802 1792 1997 1833 postquam
2028 1781 2199 1826 dixerat,
2242 1781 2364 1818 Justos
2393 1781 2469 1819 Dei

1341 1834 1529 1871 vocationi
1559 1834 1730 1871 lubentes
1761 1848 1892 1886 parere
1911 1863 1921 1881 ,
1964 1833 2114 1870 nullutn
2146 1834 2271 1870 altum
2302 1845 2468 1883 scopum.

1342 1883 1411 1922 sibi
1439 1898 1726 1937 proponentes,
1756 1891 1832 1925 nisi
1862 1897 1900 1924 uc
1930 1886 2019 1924 Deo
2046 1888 2236 1937 placeant
2255 1902 2269 1931 ,-
2298 1901 2369 1924 non
2399 1900 2468 1924 au-

1342 1946 1420 1975 tem
1451 1951 1607 1991 propter
1635 1946 1808 1992 proemia
1829 1940 2007 1979 laborum
2025 1970 2036 1988 ,
2066 1943 2117 1979 ita
2136 1941 2280 1978 subdit:
2311 1969 2336 1988 „
2366 1940 2468 1978 Nam

1342 2019 1368 2039 „
1398 1991 1463 2029 alii
1494 1995 1650 2044 quidem
1682 2003 1836 2047 propter
1855 1995 1987 2045 gloriae
2013 1995 2258 2047 cupiditatem
2277 2022 2288 2042 ,
2318 1993 2386 2031 alii
2403 2008 2467 2031 ve-

1342 2071 1369 2091 „
1402 2057 1441 2080 ro
1470 2047 1569 2097 quod
1601 2050 1718 2086 vitent
1759 2048 1861 2086 aliud
1902 2049 2056 2099 gravius
2093 2047 2351 2100 supplicium,
2395 2047 2465 2085 alii

1342 2125 1368 2144 „
1400 2110 1488 2134 vero
1518 2111 1668 2152 propter
1697 2102 1881 2153 quasdam
1899 2101 2049 2140 laetjtias
2066 2132 2076 2149 ,
2108 2101 2141 2137 δι
2159 2101 2366 2152 voluptates
2383 2108 2464 2151 post

1342 2179 1368 2198 „
1399 2160 1559 2189 mortem
1591 2155 1735 2191 futuras
1764 2156 1958 2205 patiuntur
1988 2159 2043 2192 ⁶⁶.
2071 2155 2248 2192 Ceterum
2279 2154 2463 2191 Christia-

1339 2217 1407 2242 nos
1439 2214 1518 2243 utut
1557 2206 1597 2244 in
1628 2207 1787 2245 sublimi
1818 2207 2062 2259 perfectionis
2103 2210 2214 2258 apice
2243 2208 2462 2245 constitutos

1339 2271 1404 2309 spe
1434 2268 1589 2296 aeternae
1621 2261 1963 2305 remunerationis,
2007 2274 2094 2312 quae
2131 2269 2183 2298 est
2220 2261 2299 2309 ipse
2329 2260 2432 2297 Deus
2448 2289 2468 2311 ².

1337 2312 1384 2348 ad
1412 2314 1647 2364 operandum
1678 2313 1856 2365 impelli,
1899 2315 2003 2351 toties
2034 2316 2073 2351 in
2103 2315 2180 2351 suis
2209 2312 2462 2351 Siromcztum

1334 2362 1445 2403 libris
1475 2366 1654 2406 Clemens
1683 2368 1965 2406 Alexandrinus
1994 2368 2152 2416 docuit,
2183 2377 2224 2404 ut
2256 2367 2368 2419 plane
2388 2368 2462 2405 mi-

1332 2418 1457 2457 rabile
1487 2421 1688 2469 videatur,
1719 2435 1826 2459 novae
1856 2421 2109 2474 Mystagogiae
2141 2429 2342 2473 patronos,
2387 2420 2461 2458 ali-

1334 2473 1438 2523 quod
1467 2475 1506 2512 in
1536 2489 1576 2511 ea
1607 2489 1732 2512 causae
1763 2489 1841 2513 suae
1873 2477 2096 2527 praesidium
2126 2488 2300 2528 quaerere
2317 2475 2460 2526 potuis-

1334 2539 1399 2564 se.
1443 2526 1674 2579 speciminis
1704 2528 1786 2566 loco
1815 2543 1858 2566 ea
1889 2544 1964 2567 esse
1995 2538 2175 2580 possunt,
2217 2542 2305 2580 quae
2345 2526 2460 2566 habet

1334 2579 1511 2618 Clemens
1540 2581 1731 2620 Lib-VII.
1761 2596 1920 2635 num-7.
1953 2583 2017 2620 ubi
2049 2597 2162 2620 snum
2194 2581 2458 2630 Gnosticum‚

1335 2632 1429 2672 idest
1465 2634 1700 2686 Sapientem
1744 2636 1854 2684 vult,
1898 2645 1938 2673 ut
1967 2636 2064 2673 nihil
2093 2640 2267 2687 requirat
2298 2647 2351 2672 ex
2381 2638 2457 2682 iis,

1334 2699 1424 2737 quoe
1452 2687 1507 2725 (ΜΖ
1535 2692 1659 2727 vitam
1687 2693 1903 2739 pertinent,
1941 2704 2030 2727 cum
2061 2689 2118 2726 illi
2151 2703 2372 2741 persuasum
2403 2702 2461 2726 es-

1336 2754 1375 2778 se
1404 2741 1560 2790 debeat,
1591 2742 1726 2781 Deum
1744 2773 1754 2792 ,
1785 2747 1850 2795 qui
1877 2748 2016 2781 omnm
2046 2746 2173 2787 novit,
2203 2741 2303 2793 quoii
2333 2751 2389 2780 est
2411 2756 2456 2778 u-

1334 2795 1402 2832 tile
1417 2824 1427 2843 ,
1456 2796 1707 2848 suppeditare
1727 2796 1836 2836 bonis
1857 2801 1982 2835 etiam
2004 2810 2083 2834 non
2097 2795 2313 2847 petentibus
2330 2823 2340 2834 .
2370 2796 2457 2833 Non

1334 2847 1418 2887 vult
1446 2857 1600 2899 tamen,
1632 2861 1672 2888 ut
1700 2865 1853 2889 omnem
1884 2852 2100 2889 futurorum
2130 2865 2236 2902 spem
2266 2849 2456 2901 abjiciat3

1334 2903 1433 2940 unde
1462 2905 1614 2942 subdit:
1657 2935 1683 2954 „
1713 2905 1863 2943 Gaudet
1892 2906 2047 2957 quidem
2077 2904 2123 2941 de
2151 2905 2258 2943 bonis
2291 2918 2457 2955 praesen—

1334 2985 1360 3004 „
1390 2956 1514 3006 tibus,
1543 2957 1697 2996 laetatur
1725 2968 1851 2996 autem
1882 2967 2034 3011 propter
2055 2971 2126 3006 ea,
2157 2971 2244 3009 quae
2266 2967 2350 2995 sunt
2367 2969 2455 3009 μνο-

1333 3038 1360 3058 ‚,
1389 3010 1531 3060 missa,
1562 3020 1745 3063 tanquam
1776 3011 1854 3062 jam
1879 3013 2106 3064 praesentia.
2137 3010 2192 3048 Et
2214 3009 2367 3049 Lib.11.
2399 3009 2453 3046 U-

1334 3090 1362 3112 „
1391 3076 1508 3113 num,
1537 3067 1689 3118 inquit,
1717 3075 1862 3118 oportet
1893 3075 2092 3119 expetere,
2123 3078 2190 3118 per
2219 3077 2333 3117 quem
2351 3064 2451 3100 facta.

2261 3146 2288 3167 ,‚
2316 3124 2400 3154 sunt

1330 3238 1357 3259 ,‚
1382 3214 1543 3262 diligeret
1570 3219 1708 3262 Deum,
1745 3233 1853 3266 (pram
1879 3221 2058 3267 seipsum.v
2097 3220 2245 3255 Volebat
2282 3218 2373 3251 enim
2399 3217 2446 3250 acl

1329 3286 1356 3306 ‚,
1384 3273 1509 3307 tempus
1535 3267 1668 3309 privari
1695 3267 1859 3301 fruitione
1885 3266 2024 3310 divina,
2051 3267 2141 3312 quod
2167 3265 2314 3310 pertinet
2335 3262 2375 3295 :ld
2394 3263 2451 3296 ‘ll'-

1329 3333 1356 3353 ,,
1381 3312 1565 3345 lectionem
1593 3314 1667 3353 sui,
1701 3313 1742 3347 ad
1768 3314 1832 3348 hoc
1858 3315 1950 3359 quod
1974 3316 2083 3347 honor
2108 3313 2170 3344 Dei
2201 3319 2448 3355 procuraretur

1328 3380 1355 3400 ,‚
1382 3358 1418 3390 in
1437 3359 1606 3403 proximis
1621 3382 1632 3400 ,
1652 3359 1742 3404 quod
1757 3362 1907 3406 pertinet
1927 3360 1967 3393 ad
1986 3359 2203 3392 dilectionem
2227 3359 2288 3390 ltei
2301 3361 2327 3380 ί(
2342 3379 2351 3389 .
2366 3354 2447 3392 Vid.

1327 3404 1436 3440 etiam
1449 3406 1486 3438 in
1506 3406 1602 3441 Lect·
1622 3408 1648 3441 1.
1674 3406 1717 3441 ad
1743 3418 1867 3453 cap·9.
1894 3407 1995 3452 epist·
2021 3403 2064 3437 ad
2087 3405 2284 3440 Romanos.
