2562 3694
782 118 862 163 DE
896 109 1157 163 AETERN.
1189 117 1339 163 PtEN.
1373 116 1615 162 INFERN.

50 207 313 261 sempiterno,
340 201 408 256 qui
437 198 637 239 materiam
667 196 775 238 illam
804 212 967 238 crassam
991 231 1001 248 ‚
1030 213 1169 251 nempe

52 260 247 301 maculam
297 270 336 296 er
365 264 450 292 etuo
466 253 680 305 depascitur
696 284 706 302 ‚
738 262 862 306 utpote
881 255 973 305 quia
995 253 1061 291 illa
1082 267 1170 305 pec-

53 315 128 354 cati
157 273 308 352 macui'a
352 321 375 345 n
400 315 589 345 aeternuin
628 308 881 359 perdurabit.
931 307 979 344 Ut
1008 308 1108 343 euim
1137 308 1170 344 i-

53 382 118 420 pse
133 364 384 406 Nazianzenus
404 361 456 398 ait
475 361 583 399 Orat.
599 359 689 399 XV.
712 365 725 412 (
748 362 897 399 innova
916 360 1006 398 edit.
1027 359 1136 397 XVl.
1154 359 1170 407 )

54 435 95 460 n.
130 432 193 469 7.,
231 417 271 453 in
301 414 420 452 altera
448 415 549 452 vita:
569 443 596 462 „
619 413 745 452 Poenae
775 423 925 466 tempus
954 414 1054 460 erit,
1096 426 1175 450 non

50 501 82 523 3,
109 468 343 523 purgationis
363 494 435 506 .....
454 480 531 506 non
562 477 611 506 est
640 470 798 505 mortuis
827 469 866 504 in
906 467 1054 504 inferno
1080 478 1172 502 con-

56 554 82 574 „
110 523 249 570 fessio,
290 535 361 560 nec
390 534 541 559 morum
582 523 791 559 correctio·
835 522 906 558 llic
935 521 1038 558 euim
1069 519 1171 557 Deus

54 607 80 627 ‚,
111 575 228 614 vitam
245 604 257 622 ,
284 573 320 610 ἃ
337 576 522 612 actionem
541 605 552 622 ,
581 574 664 612 illic
680 585 806 613 autem
827 587 955 612 rerum
979 582 1168 624 gestarum

55 660 81 680 „
110 641 307 666 censuram
334 625 522 666 conclusit
542 628 592 665 ’'.
622 627 669 665 Et
696 641 825 666 rursus
853 641 960 665 num.
982 639 1020 677 0.
1047 626 1096 663 de
1110 638 1170 663 su-

53 695 189 736 prema
215 680 362 720 Judicis
390 682 571 720 sententia
600 681 780 734 loquens:
813 680 902 719 Post
927 693 1051 731 quam
1070 709 1080 725 ,
1108 680 1170 715 iu—

52 737 136 797 quit
152 765 164 783 ,
194 748 274 772 non
285 734 379 787 jam
406 739 629 786 provocatio
644 743 844 786 superest,
874 746 952 771 non
969 732 1171 770 sublimior

47 787 178 842 judex
194 818 205 837 ,
233 801 313 826 non
338 788 429 826 alia
453 801 579 838 opera
596 819 607 837 ,
648 801 717 839 per
743 800 835 839 quoe
858 790 1060 838 quispiam
1088 797 1170 836 ρω-

53 855 154 880 nam
174 841 427 893 deprecetur.
458 845 515 881 Ac
530 843 686 880 demum
715 841 760 878 de
791 840 961 892 reprobis
981 841 1055 877 ait:
1087 837 1172 876 Hos

54 905 193 934 autem
230 895 348 933 simul
374 908 467 933 cum
507 894 626 943 aliis,
670 895 728 932 vel
754 898 880 945 potius
918 902 1019 930 ante
1056 892 1171 940 alia,

49 949 157 988 istud
184 948 455 996 excruciabit,
479 948 584 998 quod
613 960 640 985 a
670 946 758 985 Deo
786 948 950 998 projecti
977 949 1081 992 sint,
1111 954 1172 982 at·

52 1011 127 1054 que
156 1005 334 1040 inustam
362 1005 404 1040 in
429 1004 678 1040 conscientia
720 1004 974 1052 sempiternae
998 1002 1173 1049 ignomi-

49 1060 132 1094 niae
158 1066 302 1094 notam
330 1062 502 1108 gerant.

109 1122 200 1148 220.
231 1109 450 1147 Admodum
477 1107 637 1146 obscura
663 1116 749 1145 sunt
777 1105 891 1145 etiam
921 1104 1000 1146 alia
1026 1113 1170 1158 postre-

48 1170 118 1212 ma
146 1161 264 1202 verba
281 1187 295 1200 .
324 1158 416 1199 Nisi
442 1161 560 1199 malit
587 1163 784 1211 quispiam
815 1159 912 1206 διας
948 1173 1043 1212 -φιω
1073 1169 1170 1197 eate-

49 1226 124 1254 nus
148 1214 317 1253 emolliri
344 1222 501 1266 possunt
523 1243 534 1262 ,
571 1223 611 1252 ut
641 1227 713 1252 non
740 1214 954 1252 referantur
980 1213 1028 1252 ad
1058 1213 1169 1251 dura-

49 1269 195 1306 tionem
222 1280 429 1320 poenarum
446 1297 458 1316 ,
483 1281 576 1320 quae
595 1269 830 1319 sempiterna
859 1269 928 1305 erit
949 1275 1118 1319 respectu
1132 1280 1173 1304 o-

48 1322 202 1361 mnium
229 1321 525 1369 damnatorum,
568 1322 631 1359 sed
661 1321 707 1359 ad
737 1320 985 1359 intensionem
1023 1334 1174 1358 earum-

53 1374 142 1413 dem
171 1387 372 1425 poenarum
390 1404 401 1423 ,
428 1387 521 1427 quae
541 1375 670 1413 mitior
697 1375 767 1413 erit
789 1404 800 1423 ,
830 1387 948 1429 quam
961 1375 1175 1412 criminum

46 1437 254 1467 enormitas
281 1436 495 1466 mereatur.

107 1494 204 1519 221.
228 1480 380 1533 'Objicit
400 1484 514 1520 tertio
534 1480 708 1520 Petav'ius
728 1495 772 1520 ex
794 1480 923 1520 latinis
937 1479 1066 1519 Sanct.
1084 1478 1178 1519 Hie-

51 1542 260 1588 ronymum
281 1563 294 1582 ,
336 1536 404 1586 qui
435 1536 475 1572 in
503 1535 608 1573 calce
632 1537 892 1573 commentar.
930 1536 976 1573 ad
1007 1535 1143 1573 Isaiam
1162 1561 1177 1583 ,

53 1596 142 1626 eum
169 1603 217 1626 ea
245 1586 327 1626 loca
366 1601 489 1625 sacrae
517 1587 726 1638 Scripturas
769 1591 993 1635 recitasset,
1035 1586 1179 1638 quibus

51 1641 276 1691 Origenistae
300 1653 414 1677 suam
433 1639 480 1677 de
500 1638 725 1677 liberatione
745 1640 1010 1677 damnatorum
1028 1649 1178 1677 senten-

46 1694 144 1733 tiam
169 1705 414 1746 propugnare
441 1690 584 1741 solent,
611 1706 652 1731 se
672 1693 878 1744 ancipitem
902 1692 1090 1738 ostendit,
1120 1691 1178 1728 di-

48 1758 165 1786 cens:
182 1776 211 1796 „
228 1744 345 1794 'Quod
373 1759 438 1784 nos
452 1744 525 1784 Dei
555 1744 673 1784 solius
701 1745 885 1784 debemus
910 1747 1079 1783 scientiae
1108 1743 1174 1782 de-

52 1829 82 1850 „
110 1799 345 1852 relinquere:
382 1798 494 1851 cujus
520 1812 596 1837 non
622 1798 748 1838 solum
776 1799 1052 1838 misericordias
1071 1828 1080 1846 ,
1109 1796 1175 1835 sed

51 1882 81 1903 3,
110 1851 144 1889 8c
160 1861 341 1891 tormenta
359 1852 398 1892 in
413 1852 578 1904 pondere
594 1860 680 1891 sunt
694 1883 705 1901 ,
732 1852 768 1888 8<
787 1854 893 1890 novit
908 1864 1023 1904 quem
1041 1882 1051 1897 ‚
1081 1863 1174 1902 quo-

56 1935 84 1956 „
113 1905 257 1954 modo,
285 1914 349 1943 aut
377 1907 564 1959 quamdiu
591 1906 727 1944 debeat
754 1905 927 1957 judicare
943 1906 963 1921 ''
981 1933 991 1943 .
1023 1904 1174 1943 Deinde

52 1971 145 2000 vero
170 1958 223 1997 ita
250 1957 427 1998 resolvit:
453 1987 483 2009 „
501 1959 610 1998 Sicut
636 1958 781 1998 diaboli
799 1989 810 2007 ,
841 1958 875 1995 8<
901 1958 1078 1997 omnium
1106 1970 1174 1994 ne-

47 2040 79 2064 „
107 2020 280 2065 gatorum
297 2041 309 2061 ,
336 2020 451 2066 atque
469 2014 680 2066 impiorum
697 2043 708 2062 ,
736 2014 807 2066 qui
835 2013 1014 2051 dixerunt
1032 2014 1074 2050 in
1091 2023 1172 2049 cor-·

54 2073 82 2116 ,‘,
112 2067 159 2104 de
182 2078 275 2104 suo:
316 2064 413 2105 Non
437 2075 499 2106 est
527 2066 660 2116 Deus,
700 2067 895 2115 credimus
927 2076 1070 2104 aeterua
1097 2072 1173 2102 tor·

55 2149 83 2169 „
111 2127 264 2165 monta3
292 2120 346 2159 sic
365 2129 608 2172 peccatorum
622 2150 633 2168 ,
660 2126 775 2172 atque
794 2120 1004 2171 impiorum
1023 2147 1033 2166 ,
1064 2116 1097 2153 8<
1117 2124 1174 2154 ta·

55 2173 83 2221 „
113 2185 201 2210 men
213 2172 738 2224 Christianorum,quorum
768 2185 884 2223 opera
912 2173 950 2209 iu
972 2174 1057 2222 igne
1084 2180 1174 2222 pro·-

55 2255 83 2274 „
111 2224 239 2264 banda
263 2233 352 2264 sunt
369 2255 381 2274 ,
407 2232 524 2279 atque
550 2224 777 2278 purganda3
807 2223 1041 2263 moderatam
1069 2222 1174 2261 arbi-

55 2308 84 2331 „
111 2287 284 2327 tramur,
321 2278 356 2315 ἃ
386 2280 545 2317 mixtam
571 2276 789 2317 clementiae
814 2279 1041 2316 sententiam
1072 2276 1175 2329 judi·-

52 2360 83 2382 „
111 2333 167 2371 cis
187 2331 237 2370 ’'.
280 2331 407 2371 Etiam
434 2333 475 2371 in
505 2329 662 2371 Dial.1.
691 2330 778 2370 adv.
808 2331 1027 2384 Pelagianos
1064 2342 1176 2369 num.

58 2385 148 2424 28.:
171 2415 197 2434 ‚,
217 2383 258 2424 Si
274 2386 476 2438 Origenes,
493 2387 638 2438 inquit,
655 2397 790 2424 omnes
809 2383 1053 2424 rationabiles
1072 2397 1177 2422 crea·-

55 2468 84 2489 „
112 2447 218 2477 turas
244 2439 336 2478 dicit
364 2452 441 2478 non
467 2453 547 2479 esse
582 2437 791 2492 perdendas
808 2468 820 2487 ,
860 2438 897 2475 v&
926 2437 1080 2477 diabolo
1105 2436 1176 2476 tri-

57 2521 83 2543 „
111 2492 197 2531 huit
223 2492 488 2545 poenitentiam
505 2523 517 2542 ,
553 2492 651 2545 quid
677 2493 726 2530 ad
753 2506 846 2541 nos,
880 2494 948 2544 qui
980 2492 1014 2528 δ(
1042 2490 1176 2530 diabo-

57 2574 85 2594 „
113 2544 196 2584 lum
213 2575 226 2595 ,
267 2546 303 2583 ἃ
330 2545 508 2586 satellites
536 2546 619 2598 ejus
639 2575 650 2595 ,
695 2558 904 2598 omnesque
947 2547 1114 2598 impios,
1142 2541 1178 2580 ἃ

56 2626 86 2647 ,,
113 2598 426 2652 pravaricatores
452 2598 620 2638 dicimus
636 2599 760 2652 perire
775 2608 958 2651 perpetuo
974 2614 984 2645 3
1014 2597 1048 2636 8<
1065 2595 1180 2637 Chri·

62 2680 88 2700 „
114 2653 282 2703 stianos,
308 2655 340 2693 si
370 2654 411 2692 in
440 2662 597 2707 peccato
624 2654 811 2705 praeventi
827 2653 997 2701 fuerint,
1026 2652 1179 2691 salvan·-

61 2732 89 2753 „
115 2704 181 2744 dos
208 2720 286 2744 esse
322 2715 404 2759 post
444 2721 580 2760 poenas
600 2705 658 2744 ’Ὗ
700 2707 794 2745 Haee
837 2715 1026 2758 postrema
1061 2706 1181 2744 verba

61 2756 234 2796 videntur
260 2760 496 2812 apertissime
523 2762 714 2800 contraria
744 2761 943 2798 aeternitati
972 2769 1181 2812 poenarum

60 2810 193 2850 saltem
209 2819 378 2864 respectu
392 2826 539 2864 eorum,
552 2815 620 2867 qui
639 2827 683 2852 ex
699 2812 922 2852 Christianis
936 2813 1182 2851 damnantur.

120 2878 213 2904 222.
243 2863 357 2918 Besp.
391 2868 439 2906 ad
479 2858 699 2920 primum(
722 2868 850 2920 priora
879 2867 920 2906 S.
951 2864 1182 2918 Hieronymi

62 2917 181 2958 verba
201 2931 276 2957 uon
290 2920 508 2972 exprimere
521 2931 686 2961 mentem
716 2920 887 2972 ejusdem
916 2919 958 2958 S.
989 2919 1183 2967 Domus,

61 2971 126 3009 aed
153 2972 320 3010 aliorum
347 2972 572 3025 opiniones,
600 2988 695 3028 quas
723 2974 1041 3013 commentatoris
1057 2972 1185 3011 officio

64 3025 202 3080 refert,
220 3027 316 3078 quin
338 3026 488 3065 easdem
509 3028 664 3079 probet.
694 3029 733 3066 ld
751 3037 849 3079 patet
863 3041 908 3066 ex
931 3029 1012 3079 ipsa
1031 3023 1188 3064 locutio-

66 3083 115 3115 ne
130 3081 168 3118 in
186 3079 294 3119 tertia
308 3079 472 3118 aliorum
491 3090 666 3131 persona:
688 3111 713 3129 „
735 3079 864 3129 Porro,
884 3084 1022 3132 inquit,
1038 3081 1107 3132 qui
1125 3089 1188 3118 vo-

70 3157 98 3179 „
124 3129 228 3181 lunt,
247 3131 438 3186 supplicia
453 3132 661 3186 aliquando
678 3132 800 3181 finiri,
815 3134 850 3169 δι
863 3132 952 3171 licet
967 3140 1045 3184 post
1064 3131 1187 3170 multa

71 3210 99 3230 ,‚
126 3190 317 3237 tempora,
346 3194 472 3226 tamen
492 3183 862 3225 terminumhabere
890 3193 1097 3232 tormenta,
1128 3183 1186 3225 his

69 3260 98 3283 „
128 3244 283 3277 utuntur
301 3241 522 3279 testimoniis
538 3238 608 3278 ἃς.
630 3264 671 3279 ...
686 3238 786 3288 Quae
815 3239 946 3278 onmia
974 3237 1183 3289 replicant,

69 3315 99 3336 ‚,
128 3300 335 3330 asseverare
363 3292 577 3348 cupientes,
607 3303 687 3346 post
715 3293 932 3340 cruciatus,
968 3299 1079 3343 atque
1108 3299 1181 3328 tor,

71 3366 101 3393 ρ,
131 3351 258 3383 menta
284 3345 414 3387 futura
439 3348 664 3401 refrigeria,
705 3360 795 3399 quae
823 3359 922 3386 nunc
951 3342 1182 3385 absconden-

2226 138 2301 166 ΙΙΙ

1231 225 1263 248 „
1291 199 1341 236 da
1366 206 1454 236 sunt
1481 198 1532 236 ab
1553 197 1637 245 liis,
1665 197 1810 249 quibus
1835 198 1949 237 timor
1977 199 2081 238 utilis
2094 207 2148 238 est
2165 230 2175 248 ‚
2206 210 2245 240 ut
2263 203 2358 243 dum

1238 281 1264 300 „
1292 250 1505 305 supplicia,
1535 251 1810 300 reformidant,
1827 266 1984 304 peccare
2004 254 2179 292 desistant
2197 258 2245 293 “.
2277 257 2355 296 Ha-

1233 315 1387 354 ctenus,
1414 314 1457 342 ut
1485 311 1612 356 patet,
1647 315 1724 341 non
1753 317 1860 342 suam
1879 335 1890 352 ,
1925 308 1989 344 sed
2017 307 2180 345 aliorum
2212 319 2358 350 senteu-

1236 362 1331 398 tiam
1360 359 1539 412 exponit.
1568 356 1655 395 Non
1681 355 1768 395 vult
1791 358 1952 408 quidem
1981 359 2021 397 S.
2044 360 2183 398 Doctor
2209 376 2253 400 eo
2280 363 2358 402 loci

1236 412 1387 464 aliquid
1416 412 1508 450 certi
1535 410 1582 449 de
1611 408 1683 448 hac
1712 422 1752 446 re
1778 411 1968 460 proferre3
1997 414 2246 463 quamobrem
2266 417 2360 456 snb·-

1239 467 1310 504 dit:
1345 464 1459 516 Quod
1487 464 1559 502 rios
1574 462 1650 502 Dei·
1677 462 1796 500 solius
1826 461 2010 500 debemus
2038 470 2215 504 scientiae
2244 469 2355 509 dere-

1239 520 1414 569 linquere
1443 518 1512 556 &c.
1531 516 1720 566 ....Quod
1747 517 1822 568 ipsi
1852 516 2016 554 insoleus
2044 528 2189 556 nonest
2217 521 2257 559 iu
2280 525 2358 562 sui.

1237 573 1548 617 commentariis;
1576 571 1678 609 unde
1700 568 1850 607 Ruffiuo
1878 569 2022 607 similia
2051 572 2228 635 ‹piaedam
2257 576 2356 627 obji-

1234 627 1353 665 cienti
1382 625 1589 677 aliquando
1616 624 1830 676 respondit:
1854 653 1880 672 ,‚
1900 622 1949 662 Se
1980 623 2016 660 in
2045 624 2356 677 Lominentariis,

1240 710 1267 728 „
1294 688 1337 716 ut
1362 678 1535 717 sehabet
1561 676 1648 726 lex,
1674 676 1956 715 &consuetudo
1970 680 2358 730 commentariorum,

1237 763 1265 782 „
1296 732 1442 781 multa,
1471 745 1516 770 ex
1544 731 1709 769 aliorum
1734 729 1942 778 sententia,
1976 743 2054 768 uon
2083 730 2359 783 approbando,

1236 816 1266 835 „
1296 787 1357 824 sed
1386 785 1583 824 referendo
1609 794 1756 822 tantum
1786 783 1923 822 dixisse
1944 784 1963 798 ''
1985 810 1996 821 .

1297 840 1388 878 223.
1420 839 1533 878 Addit
1555 838 1731 890 equidem
1751 845 1900 889 postea,
1926 845 2184 887 peccatorum
2202 868 2213 887 ,
2242 847 2363 891 atque

1240 896 1451 946 impiorum
1484 891 1798 930 Christianorum
1840 903 1961 943 opera
1989 894 2030 928 in
2059 894 2150 944 igne
2191 892 2362 941 proban.

1239 947 1322 996 da,
1351 956 1470 997 atque
1496 944 1712 998 purganda
1734 959 1751 990 ,ζ
1788 945 1852 982 sed
1882 944 1920 982 id
1949 952 2002 982 est
2031 944 2077 981 de
2105 946 2151 982 iis
2176 945 2364 987 Christia-

1237 1002 1300 1040 nis
1320 1000 1610 1052 intelligendum
1629 999 1764 1050 ,'quos
1778 997 1965 1036 scelerum
1984 1009 2141 1035 suorum
2159 1007 2246 1037 ante
2259 1013 2363 1038 mor·

1239 1063 1317 1093 tem
1348 1054 1593 1106 poenituerit3
1620 1065 1694 1090 non
1716 1059 1843 1091 autem
1859 1052 1905 1089 de
1925 1051 2004 1103 jam
2034 1051 2243 1101 damnatis,
2273 1054 2363 1107 qui-

1239 1109 1312 1147 bus
1340 1108 1445 1146 locus
1472 1105 1685 1160 poenitendi
1716 1117 1790 1143 nnn
1819 1106 1952 1150 datur3
1981 1113 2022 1141 ut
2050 1106 2152 1142 enim
2183 1107 2220 1143 in
2253 1107 2364 1148 uitS.

1240 1162 1474 1214 Augustinus
1502 1163 1540 1198 in
1571 1158 1801 1197 Enchiritlio
1829 1173 1915 1211 cap.
1935 1157 2001 1197 65.
2019 1187 2029 1206 ,
2066 1168 2193 1196 <extra
2263 1160 2364 1201 ccle-

1236 1220 1348 1254 siam
1376 1228 1459 1252 non
1485 1217 1741 1251 remittuntur
1768 1221 1938 1262 peccata
1960 1238 1971 1250 .

1296 1268 1388 1314 224.
1417 1268 1462 1306 In
1490 1266 1655 1306 secundo
1694 1265 1780 1304 loco
1820 1265 1971 1317 objecto
2000 1277 2044 1301 ex
2073 1262 2185 1304 Dial.
2222 1275 2367 1306 contra.

1242 1322 1486 1374 Pelagianos
1511 1318 1690 1359 similiter
1720 1317 1891 1372 loquitur
1907 1317 2168 1370 Hieronymus
2188 1319 2234 1356 de
2251 1320 2366 1359 Chri·

1242 1378 1376 1414 >suanis
1393 1405 1403 1423 ‚
1432 1374 1501 1427 qui
1529 1371 1750 1412 venialibus
1776 1373 1941 1424 peccatis
1967 1371 2151 1410 maculati
2180 1373 2366 1425 inignem

1259 1428 1502 1480 irojiciuntur
1518 1457 1528 1476 ,
1550 1421 1621 1465 'sed
1638 1424 1822 1463 salvandi
1842 1434 1981 1463 tamen
2001 1434 2085 1475 post
2099 1438 2238 1476 poenas
2254 1456 2264 1474 ,
2293 1428 2368 1465 sci·

1243 1443 1336 1521 licet
1361 1481 1624 1535 purgatorias.
1663 1479 1764 1517 Sane
1794 1479 1848 1517 ibi
1875 1478 1918 1516 S.
1947 1477 2090 1516 Doctor
2121 1477 2370 1520 Christianos

1244 1539 1287 1574 in
1316 1544 1480 1587 peccato
1498 1541 1717 1584 praeventos
1745 1532 1946 1583 distinguit
1963 1532 2012 1569 ab
2032 1535 2184 1582 impiis,
2214 1532 2248 1568 ’ἃ
2263 1547 2368 1584 prae-

1242 1587 1529 1628 varicator-ibus
1540 1603 1555 1631 ‚·
1585 1583 1699 1623 &lios
1714 1585 1806 1623 dicit
1822 1589 1949 1637 perire
1974 1593 2160 1635 perpetuo
2180 1599 2368 1625 unacum

1246 1640 1427 1688 diabolo,
1453 1641 1493 1676 ἃ
1521 1653 1611 1678 cum
1640 1637 1864 1675 satellitibus
1894 1637 2000 1687 ejus.
2027 1637 2260 1677 Christianos
2280 1650 2370 1678 vero

1246 1698 1288 1731 in
1316 1701 1480 1742 peccato
1508 1698 1728 1741 praeventos
1753 1689 1953 1728 salvandos
1980 1697 2062 1739 post
2089 1701 2247 1741 poenas3
2273 1705 2370 1743 ‘sup-

1244 1747 1356 1798 ponit
1379 1758 1472 1796 ergo
1489 1758 1552 1782 eos
1581 1745 1619 1782 in
1639 1742 1706 1780 tali
1719 1750 1875 1794 peccato
1900 1753 1983 1779 esse
2001 1750 2238 1793 praeventos,
2261 1744 2371 1796 ‘quod

1240 1812 1319 1837 non
1346 1800 1396 1845 'sit
1424 1799 1704 1849 praevaricatio
1731 1795 1851 1848 legis:
1889 1793 1970 1834 *tale
1996 1803 2126 1834 autem
2169 1807 2371 1849 peccatum

1238 1864 1320 1891 non
1348 1861 1402 1889 est
1430 1853 1505 1889 nisi
1532 1847 1686 1889 veniale
1704 1876 1715 1887 .

1298 1906 1390 1943 225.
1419 1901 1486 1942 Est
1513 1905 1627 1941 etiam
1655 1899 1931 1940 observandam
1951 1931 1961 1949 ,
1990 1900 2093 1954 quod
2121 1900 2255 1941 eodem
2283 1901 2369 1943 loco

1242 1959 1504 2009 Hieronymus
1533 1957 1710 2007 iniquos,
1752 1953 1786 1990 ἃ
1817 1963 2031 2005 peccatores
2059 1954 2110 1992 ab
2150 1957 2280 2008 impiis
2309 1958 2367 1996 di·

1238 2012 1420 2062 atingun,
1450 2009 1484 2046 ἃ
1507 2009 1689 2057 „Omnis
1719 2008 1861 2059 impius
1879 2035 1889 2055 ,
1919 2010 2044 2059 inquit
2061 2037 2072 2055 ,
2099 2009 2260 2062 iniquus
2288 2019 2368 2059 est,

1242 2095 1268 2115 ‚,
1298 2063 1330 2100 8<
1362 2070 1563 2115 peccator,
1593 2075 1664 2100 nec
1694 2063 1982 2112 reciprocatur,
2024 2070 2065 2099 ut
2093 2064 2282 2114 possimus
2310 2064 2368 2102 di·

1241 2148 1269 2168 „
1299 2129 1413 2156 cere:
1442 2116 1567 2154 omnis
1595 2123 1770 2168 peccator
1791 2143 1802 2162 ,
1831 2111 1865 2150 ἃ
1896 2114 1948 2152 ini
1982 2126 2052 2152 uus
2077 2116 2194 2153 etiam
2224 2117 2370 2171 impius

1243 2202 1270 2221 „
1300 2180 1378 2209 est.
1408 2170 1586 2221 Impietas
1611 2168 1719 2207 enim
1747 2167 1904 2219 proprie
1932 2182 1953 2204 a
2001 2178 2061 2205 eos
2082 2170 2270 2220 pertinet,
2301 2171 2371 2223 qui

1244 2255 1271 2275 „
1301 2224 1472 2262 notitiam
1489 2223 1560 2261 Dei
1589 2234 1666 2261 non
1683 2218 1825 2259 habent
1844 2251 1855 2269 ,
1885 2220 1947 2260 vel
1963 2222 2149 2273 cognitam
2167 2231 2372 2275 transgres-

1245 2309 1271 2329 „
1298 2280 1402 2317 sione
1429 2285 1653 2314 mutarunt.
1695 2272 1899 2318 Peccatum
1927 2283 2084 2323 autem,
2127 2274 2161 2312 8t
2189 2277 2373 2329 iniquitas

1242 2360 1274 2382 ⁷„
1303 2345 1373 2384 pro
1398 2329 1586 2383 qualitate
1614 2327 1794 2368 vitiorum
1823 2335 1906 2380 post
1934 2330 2110 2381 peccati,
2141 2327 2371 2382 &iniquita—

1242 2413 1274 2436 „
1302 2387 1348 2423 tis
1369 2384 1529 2422 vulnera
1544 2382 1680 2436 recipit
1693 2381 1891 2420 sanitatem
1909 2394 1920 2427 ;
1947 2380 2054 2420 unde
2073 2386 2260 2433 scriptum
2282 2392 2371 2422 est:

1241 2467 1272 2490 ‚,
1301 2437 1423 2477 multa
1453 2436 1605 2489 flagella
1633 2434 1868 2489 peccatoris;
1897 2435 2042 2476 &non
2063 2439 2241 2474 interitus
2261 2449 2371 2474 sem-

1243 2520 1274 2543 .„
1303 2496 1478 2544 piternus
1499 2516 1510 2528 .
1554 2486 1610 2528 Et
1636 2501 1707 2540 per
1733 2493 1875 2527 omnia
1894 2487 2099 2541 flagella,
2137 2490 2186 2530 ὠ·
2216 2493 2371 2526 crucia·

1248 2575 1274 2597 „
1303 2555 1365 2583 tus
1393 2541 1634 2583 emendatur
1662 2541 1818 2581 Israel:
1847 2542 1975 2590 Quem
2001 2544 2106 2580 enim
2135 2542 2262 2592 diligit
2292 2542 2369 2580 Do-

1246 2626 1276 2650 „
1304 2599 1463 2646 minus,
1492 2598 1671 2650 corripit3
1703 2593 1869 2647 flagellat
1898 2604 2024 2632 autem
2046 2607 2194 2632 omnem
2218 2595 2371 2644 silium,

1247 2680 1277 2703 „
1305 2666 1421 2705 quem
1452 2649 1615 2704 recipit.
1652 2648 1769 2688 Aliud
1795 2657 1855 2686 est
1893 2647 2048 2686 caedere
2077 2652 2290 2698 magistri,
2319 2649 2369 2689 (ἓν

1246 2732 1276 2756 -,,
1306 2709 1485 2759 parentis
1514 2703 1693 2755 affectu:
1723 2701 1834 2740 aliud
1859 2710 2002 2739 contra
2019 2701 2269 2740 adversarios
2284 2715 2373 2740 cru-

1247 2788 1277 2809 „
1305 2759 1382 2798 deli
1407 2762 1551 2797 animo
1579 2756 1766 2795 ctesaevire
1786 2755 1806 2771 ''
1829 2778 1840 2792 .
1884 2753 2037 2801 Quibus
2073 2754 2252 2794 omnibus
2289 2763 2374 2808 per·-

1249 2814 1429 2865 spicuum
1457 2821 1538 2859 est,
1578 2810 1778 2849 Doctorem
1807 2809 2022 2846 maximum
2053 2809 2204 2847 nonnisi
2234 2821 2295 2847 eos
2323 2807 2373 2848 ab

1251 2867 1405 2905 aeternis
1432 2864 1635 2917 suppliciis
1663 2861 1803 2901 liberos
1832 2875 1908 2899 esse
1937 2861 2128 2910 voluisse,
2157 2863 2222 2914 qui
2241 2876 2375 2915 pecca-

1251 2927 1347 2958 tores
1365 2950 1376 2967 ,
1405 2918 1439 2955 8t
1469 2918 1592 2970 iniqui
1613 2923 1720 2963 sunt,
1763 2924 1839 2952 non
1868 2923 1994 2952 autem
2023 2917 2091 2968 qui
2119 2916 2265 2968 impii,
2303 2918 2374 2955 sci-

1254 2971 1342 3010 licet
1371 2973 1439 3025 qui
1468 2971 1527 3011 vel
1559 2969 1636 3008 sola
1665 2978 1819 3020 peccata
1835 2967 1997 3006 venialia
2019 2969 2283 3017 admiserunt,
2312 2968 2372 3007 vel

1256 3026 1287 3063 si
1315 3025 1446 3077 gravia
1467 3056 1478 3073 ‚
1520 3036 1651 3060 eorum
1682 3032 1809 3060 tamen
1852 3031 1938 3060 ante
1971 3022 2120 3061 obitum
2163 3024 2371 3075 poenituit.

1256 3077 1355 3117 Nam
1385 3078 1432 3116 de
1459 3078 1545 3115 aliis
1574 3077 1688 3113 etiam
1717 3074 1962 3122 Christianis,
1992 3077 2059 3129 qui
2088 3077 2266 3128 gravibus
2288 3089 2374 3127 pec-

1254 3132 1349 3169 catis
1377 3130 1546 3169 obstricti
1576 3142 1619 3166 ex
1641 3126 1712 3166 hac
1740 3129 1817 3166 vita
1845 3127 2057 3178 decedunt,
2085 3131 2242 3167 omnino
2270 3127 2392 3167 affir->

1253 3193 1360 3232 mat,
1389 3197 1450 3222 eos
1479 3184 1708 3235 sempiterno
1737 3182 1826 3234 igne
1845 3196 1922 3221 esse
1935 3183 2184 3221 cruciandos.
2216 3182 2303 3220 Lib.
2327 3180 2372 3218 Π.

1253 3239 1294 3276 in
1325 3236 1460 3275 lsaiam
1490 3236 1537 3274 ad
1566 3250 1651 3287 cap.
1682 3235 1731 3272 V.
1768 3235 1827 3281 14.
1857 3246 2056 3290 postquam
2087 3247 2131 3274 ea
2160 3235 2274 3273 verba
2295 3233 2365 3270 Da·-

1251 3291 1388 3328 Iatavit
1417 3289 1599 3341 infernus
1641 3293 1828 3327 animam
1868 3303 1987 3329 suam
2005 3320 2015 3337 ‚
2065 3289 2114 3330 Φ
2143 3290 2293 3337 aperuit
2321 3298 2365 3323 ω

1248 3357 1366 3385 suum
1394 3342 1541 3396 absque
1568 3343 1647 3382 ullo
1674 3344 1872 3393 termino,
1913 3343 1961 3383 de
1989 3343 2133 3383 Judaeis
2161 3339 2370 3398 explicavit

2279 3405 2320 3429 ln
