2570 3745
939 101 1022 149 DE
1053 97 1224 148 omit.
1256 95 1509 145 PECCAT.

71 190 229 242 August.
258 188 299 229 in
325 183 556 226 Enchirtdio
581 182 678 236 cap.
697 193 786 234 117.
817 180 978 236 Regnat
994 214 1005 233 ,
1035 183 1185 237 inquit,

70 245 250 283 carnalis
278 241 491 293 cupiditas,
521 237 584 275 ubi
611 251 692 275 non
721 246 778 275 est
808 236 886 275 Dei
916 238 1124 281 chtzritas‚·
1152 236 1186 272 ἃ

70 297 195 336 serm.
213 299 260 336 ll.
282 299 318 333 in
336 294 472 331 Psalm.
490 292 632 330 XVlll.
653 306 689 328 n.
713 293 772 329 15.
807 292 882 342 Qu·
911 293 1076 329 noluerit
1105 303 1186 328 ser-

73 356 152 389 vire
179 350 391 395 charitati,
422 359 582 384 necesse
612 355 691 394 est,
721 355 760 382 iit
790 350 933 383 sert-iit
964 348 1158 396 iniquitati
1176 370 1186 382 .

73 405 114 444 S.
142 405 219 442 Leo
246 401 369 439 Serui.
402 400 450 438 V.
493 399 541 437 de
565 401 696 451 jejun.
725 409 822 449 sept.
854 413 1002 436 mensis
1031 413 1117 450 cap.
1149 397 1186 436 5.

71 485 99 506 „
130 455 240 503 Duo,
284 459 433 504 inquit,
476 467 621 491 amores
651 462 760 499 suut,
800 466 843 490 ex
882 454 1023 505 quibus
1057 464 1189 489 omues

71 538 98 558 „
128 509 311 561 prodeunt
342 507 576 553 voluntates,
621 509 667 543 ita
706 508 866 544 diver-m
909 505 1189 558 qualitatibus,

72 591 99 612 „
128 571 222 600 stcut
251 562 476 600 dividuntur
505 562 750 599 auctoribus.
785 559 990 598 Rationalis
1018 560 1120 597 enim
1149 573 1188 596 a·

70 644 99 665 ‚,
129 616 278 662 nimus,
309 617 375 667 qui
406 617 487 652 sine
516 615 717 652 dilectione
747 629 823 651 esse
853 626 924 651 non
954 621 1096 664 potest,
1127 620 1190 649 ant

73 697 101 717 ‚‚
132 668 203 707 Dei
233 678 378 706 amator
407 677 484 717 est,
514 677 578 706 ant
609 669 738 704 mundi
759 695 767 704 .
815 669 854 704 ln
884 666 1086 704 dilectione
1119 666 1189 702 Dei

71 751 98 771 „
128 721 235 760 nulla
265 724 414 767 nimia,
447 724 484 760 in
515 723 716 759 dilectione
745 729 870 758 alitem
902 721 1035 758 mundi
1056 727 1191 756 cuncta

74 804 101 824 ,‚
131 784 214 813 sunt
257 778 371 813 noxia
388 776 437 812 ''.
481 776 585 813 idem
623 783 789 812 asserunt
824 774 954 811 Sanet.
984 774 1192 824 Gregorius

72 827 175 881 Papa
206 830 293 867 Lib.
321 829 421 867 Vlll.
453 829 674 866 Moralium
701 828 795 875 Cap.
816 827 856 864 8.
886 825 979 863 alias
1000 826 1038 864 6.
1057 856 1067 874 ,
1100 825 1192 863 Fut-

71 885 219 934 gentius
251 883 337 921 tab.
357 883 382 920 l.
412 883 460 920 ad
490 881 707 919 Monimum
736 881 830 930 (lap.
855 879 913 916 18.
931 909 941 926 ,
972 878 1119 931 aliique
1137 905 1147 916 .

130 937 194 974 25.
231 937 339 989 liesp.
371 936 519 973 laudata
540 934 766 971 Sanctorum
799 932 951 969 Patruin
981 932 1194 970 testimonia

72 989 238 1040 intelligi
268 990 406 1027 debere
434 989 479 1025 de
508 987 689 1025 charitate
726 998 801 1022 non
843 984 964 1023 solum
996 986 1193 1036 perfecta,

73 1041 108 1078 &
130 1043 341 1090 habituali,
370 1041 586 1092 cujusmodi
615 1048 667 1077 est
697 1037 887 1089 injustis,
918 1038 982 1076 sed
1015 1039 1129 1076 etiam
1150 1039 1197 1076 de

72 1096 214 1135 initiali
246 1095 496 1147 imperfecta,
526 1092 560 1129 &
589 1091 754 1139 actuali,
797 1106 885 1144 quae
918 1093 956 1129 iu
989 1092 1197 1143 peccatori-

73 1149 147 1188 bus
174 1162 325 1202 quoque
351 1149 471 1199 gratia
503 1146 573 1184 Dei
603 1144 816 1199 opitulante
847 1145 1058 1198 aliquando
1089 1147 1196 1183 inve-

72 1204 204 1247 nitur;
235 1201 335 1239 unde
365 1200 461 1238 illud
492 1199 533 1238 S.
566 1200 764 1252 Augustini
795 1198 925 1238 'l'ract.
950 1197 998 1236 V.
1031 1199 1067 1236 in
1095 1212 1128 1237 ι.
1157 1213 1196 1236 e-

74 1255 163 1307 pist.
193 1254 234 1293 S.
250 1254 407 1293 Joannis
427 1267 536 1292 uum.
559 1253 596 1300 4.
619 1254 732 1291 Tem.
756 1254 822 1291 ΙΙΙ.
852 1253 898 1291 de
928 1252 1110 1290 charitate
1139 1251 1197 1290 di-

75 1317 205 1347 ctum:
254 1338 281 1356 „
312 1307 514 1359 Numquid
544 1320 628 1345 mox
661 1315 701 1344 ut
729 1309 924 1353 nascitur,
970 1305 1048 1357 jain
1091 1318 1199 1358 pror-

78 1387 106 1409 ‚‚
135 1375 196 1400 sus
226 1363 393 1412 perfecta
426 1370 501 1398 est.
542 1360 590 1398 Ut
613 1361 858 1412 perficiatur,
888 1361 1076 1398 nascitur:
1106 1372 1196 1397 cum

77 1440 104 1462 ,‚
135 1415 248 1452 fuerit
287 1424 400 1462 nata,
444 1415 637 1459 nutritur3
680 1429 768 1452 cum
802 1415 913 1452 luerit
942 1414 1110 1461 nutrita,
1139 1425 1197 1449 ro-

76 1495 104 1515 „
135 1468 288 1506 boratur
317 1483 327 1514 3
370 1482 459 1505 cum
503 1469 616 1505 fuerit
660 1469 859 1515 roborata,
908 1467 1104 1519 perficitur
1133 1465 1154 1481 ''

77 1520 151 1558 Vel
182 1523 309 1574 itaque
338 1521 452 1558 homo
478 1523 610 1572 gratiae
639 1521 898 1558 obsecundans
928 1522 1041 1558 servit
1070 1518 1196 1557 chari-

75 1576 171 1622 tati,
201 1575 235 1610 δι
265 1575 361 1612 bene
390 1575 485 1625 agit;
517 1573 575 1611 vel
607 1574 729 1610 eidem
762 1577 959 1620 resistens,
990 1574 1104 1610 servit
1134 1586 1200 1609 eu-

78 1629 256 1680 piditati,
299 1626 332 1663 &
382 1635 538 1677 peccat.
595 1626 669 1665 Sed
709 1634 893 1678 praeterea
931 1624 1037 1662 allati
1081 1633 1201 1662 textus

48 1699 56 1702 ·
76 1681 244 1733 intelligi
274 1689 424 1732 possunt
451 1680 499 1718 de
541 1688 635 1719 statu
672 1678 834 1717 hominis
872 1676 1088 1726 habituali,
1130 1678 1200 1730 qui

76 1733 138 1771 vel
182 1743 232 1773 est
261 1736 302 1772 in
329 1733 540 1781 charitate,
572 1733 631 1772 vel
672 1734 709 1772 in
738 1741 920 1786 peccam,
948 1733 999 1771 ita
1034 1741 1072 1769 ut
1112 1730 1201 1770 nul-

77 1786 226 1826 latenus
254 1787 401 1825 medius
429 1787 496 1824 ille
524 1796 637 1826 status
653 1787 800 1825 admitti
818 1790 930 1839 possit
947 1815 958 1834 ‚
1015 1798 1103 1823 uem
1133 1784 1200 1823 ab·

77 1841 190 1880 surde
209 1841 595 1879 comminiscebantur
610 1841 801 1892 Pelagiani
814 1866 824 1878 .
855 1800 1056 1878 Videniius
1069 1838 1200 1877 Sanct.

52 1915 55 1918 >
79 1898 238 1946 August.
270 1895 356 1933 Lib.
376 1894 442 1932 lV.
472 1904 613 1933 contra,
627 1894 832 1932 ,Iulianum
861 1907 946 1946 cap.
965 1894 1003 1932 5.
1033 1891 1201 1945 Exploso

76 1948 194 1999 igitur
223 1949 332 1986 tertio
360 1947 430 1986 hoc
459 1957 554 1986 statu
583 1961 735 2001 prorsus
769 1948 1056 1995 commentitie,
1101 1953 1200 1984 recte

50 2001 219 2040 ‘dicitur
248 2001 307 2040 vel
337 2015 494 2054 regnare
523 2002 772 2051 charitatem,
810 2001 870 2041 vet
909 2000 1102 2040 carnalem
1132 2013 1199 2038 cu-

78 2055 276 2107 piditatem
307 2054 377 2094 διο.
421 2055 693 2094 Verumtamen
722 2055 1048 2109 quemadmodum
1078 2054 1196 2104 justi,

79 2110 120 2145 iu
148 2108 288 2160 quibus
318 2118 448 2161 regnat
474 2109 661 2158 charitas,
698 2111 738 2149 iu
767 2118 920 2162 peccata
950 2107 1114 2147 venialia
1143 2106 1199 2143 la—

57 2159 253 2207 -buntur;
289 2163 341 2199 ita
370 2172 609 2213 peccatores,
639 2165 677 2201 in
705 2159 847 2215 quibus
877 2171 1007 2216 regnat
1035 2160 1201 2201 carnalis

56 2244 60 2246 —
80 2214 269 2266 cupiditas
284 2243 294 2262 ‚
326 2225 475 2266 possunt
504 2229 785 2268 nonnunquam
804 2217 901 2254 bene
919 2216 1097 2269 operari.
1130 2214 1200 2252 Vi-

82 2268 244 2306 deantur
270 2267 312 2306 S.
333 2268 560 2319 Augustinus
576 2298 587 2316 ,
617 2269 651 2305 ἃ
668 2269 836 2307 Thomas
856 2271 921 2307 cit.
943 2283 982 2308 n.
1009 2269 1070 2309 ι5.
1087 2268 1120 2305 8(
1141 2268 1202 2314 14.

145 2321 208 2360 26.
239 2322 326 2360 lust.
371 2320 539 2359 Vettium
569 2330 649 2370 est,
684 2323 869 2361 creaturis
898 2321 1019 2374 frui,
1060 2323 1203 2375 quibus

81 2383 229 2414 tentum
258 2378 313 2412 uti
341 2374 548 2412 debemus:
591 2375 768 2414 videlicet
814 2375 915 2414 solus
956 2375 1061 2414 Deus
1108 2389 1194 2428 pro-

84 2437 168 2482 pter
196 2429 363 2481 seipsum
392 2427 608 2479 diligendus
637 2437 718 2477 est,
747 2429 848 2482 quod
870 2439 922 2468 est
941 2430 1094 2482 proprie
1109 2429 1204 2468 frui:

56 2497 60 2502 ·
84 2490 210 2521 cetera
240 2491 391 2533 propter
407 2481 534 2519 Deum
552 2512 563 2530 ‚
592 2482 692 2534 quod
717 2491 769 2520 est
790 2483 864 2528 uti;
893 2493 932 2521 ut
953 2484 1054 2521 enim
1075 2483 1204 2522 Sanct-

83 2535 315 2587 Augustinus
343 2535 449 2573 docet
478 2534 542 2572 De
571 2535 754 2574 doctrina
777 2535 918 2575 Christ.
948 2537 1036 2575 Lib.
1054 2538 1084 2575 l.
1113 2537 1204 2583 c.4.

82 2587 275 2626 utendum
303 2597 361 2627 est
390 2587 461 2626 hoc
491 2589 665 2637 mundo,
696 2603 770 2628 non
789 2588 1042 2641 fruendum.
1090 2590 1205 2629 Porro

85 2643 168 2681 aine
196 2643 316 2694 gratia
345 2641 419 2680 Dei
450 2642 637 2682 habituali
670 2643 782 2682 homo
812 2657 884 2682 non
915 2653 1030 2696 potest
1057 2654 1205 2683 creatu·

83 2696 139 2734 ris
166 2695 262 2734 bene
292 2696 366 2743 uti,
396 2697 534 2734 iterum
557 2696 698 2736 Sancto
715 2698 923 2749 Augustino
950 2697 1096 2736 dicente
1116 2698 1205 2738 Lib.

85 2747 159 2787 IV.
187 2759 316 2788 contra
343 2749 424 2788 Jut.
444 2764 480 2789 c.
496 2751 534 2790 5.
563 2765 671 2789 num.
691 2751 754 2789 55.
785 2751 862 2789 Per
889 2749 992 2789 hunc
1019 2765 1206 2791 amorem

89 2800 292 2841 Creatoris
320 2802 416 2842 bene
443 2807 603 2856 quisque
624 2809 741 2842 utitur
761 2809 885 2843 etiam
907 2810 1100 2844 creaturis
1109 2821 1125 2850 ‚·
1153 2810 1205 2844 si·

89 2869 142 2894 ne
170 2855 242 2894 hoc
270 2869 409 2896 amore
432 2857 633 2897 Creator-is
661 2859 777 2897 nullis
796 2863 1008 2911 quisquam
1036 2858 1135 2898 bene
1163 2871 1204 2896 u-

84 2913 180 2949 titur
208 2915 425 2948 creaturis:
455 2926 542 2964 ergo
570 2912 642 2951 &m

143 2977 206 3016 27.
233 2963 342 3016 Resp.
373 2966 487 3004 etiam
515 2967 593 3004 sine
621 2967 741 3018 gratia
770 2965 982 3017 habituali,
1011 2981 1100 3006 cum
1130 2965 1208 3005 solo

86 3019 218 3070 gratiae
248 3017 408 3057 actualis
437 3019 624 3070 adjutorio
640 3033 744 3073 posse
765 3020 957 3060 hominem
979 3038 991 3059 ‹
1010 3022 1208 3073 nandoque

86 3073 268 3110 creaturis
296 3072 393 3111 bene
423 3073 504 3120 uti,
548 3087 609 3111 eas
649 3074 792 3113 scilicet
828 3037 1024 3127 diligendlo
1056 3085 1208 3129 propter

91 3121 215 3164 Deum
244 3125 426 3165 dilectum
457 3125 639 3166 charitate
667 3128 835 3179 initiali,
874 3128 1044 3180 actuali,
1074 3129 1108 3168 &
1138 3130 1209 3169 im-

92 3177 256 3227 perfecta
273 3207 284 3219 .

135 3228 210 3290 .².8‘
237 3231 284 3272 Et
310 3232 381 3274 hac
412 3235 542 3274 eadem
573 3236 811 3289 responsione
851 3235 1007 3277 solvitur
1044 3235 1120 3275 alia
1147 3236 1198 3276 si·

87 3280 193 3321 milis
213 3283 444 3345 difficultas,
488 3303 532 3328 ex
563 3301 754 3343 praecepto
783 3293 970 3331 referendi
998 3292 1129 3329 omnia
1157 3303 1197 3328 o-

87 3348 180 3386 pera
210 3351 250 3377 m
269 3337 394 3381 Deum
419 3343 601 3385 charitate
620 3344 803 3386 dilectum
820 3376 831 3396 ,
859 3361 935 3401 quo
953 3359 1019 3387 nos
1037 3345 1198 3386 adstrin-

2235 99 2322 142 205

1252 182 1290 234 gi
1319 180 1416 219 bene
1436 175 1549 218 multi
1567 205 1579 225 ,
1606 186 1814 230 gravesque
1833 174 2019 230 Theologi
2040 189 2114 216 una
2134 188 2224 215 eum
2245 175 2375 229 Augu-

1253 235 1413 274 stiniana
1428 229 1569 270 Schola
1590 231 1841 269 contendunt.
1879 231 2009 283 Neque
2031 232 2130 280 enim
2152 230 2196 268 ad
2219 229 2256 268 id
2277 240 2376 270 sem-

1255 302 1323 341 per
1354 287 1562 340 requiritur
1591 283 1753 321 charitas
1785 283 2019 332 habitualis,
2049 295 2109 322 aut
2140 284 2262 334 gratia
2291 298 2376 322 san-

1255 341 1455 387 euticam,
1485 338 1544 375 sed
1576 336 1713 374 sufficit
1744 335 1907 374 charitas
1927 340 2110 386 actu-ilis,
2140 340 2171 373 a
2197 337 2377 385 initialis,

1256 409 1374 447 quain
1398 394 1467 431 Dei
1497 392 1616 444 gratia
1647 389 1804 428 actualis
1835 390 1940 427 nobis
1964 391 2147 440 inspirat.
2176 392 2378 440 Ceterum,

1256 463 1305 486 au
1333 450 1411 486 siue
1440 447 1572 498 aliqua
1601 444 1785 482 charitate
1813 442 1956 482 actuali
1978 441 2110 481 saltem
2134 445 2378 494 iinprrfecta‚

1258 502 1292 537 ἃ
1322 501 1460 539 initiali
1492 500 1636 537 bonum
1666 512 1759 549 opus
1790 497 1874 536 fieri
1905 499 2041 548 possit,
2071 496 2116 533 ad
2149 495 2242 532 hanc
2273 512 2379 549 ‹pice-

1259 557 1419 594 stionem
1450 566 1521 591 non
1552 552 1741 605 pertinet,
1771 553 1811 589 in
1840 564 1916 603 qua
1946 564 2035 588 cum
2065 548 2153 588 solis
2183 549 2381 589 [hereticis

1259 622 1427 661 pugnam
1456 607 1691 658 suscepimus
1709 631 1720 644 .

1316 676 1380 714 29·
1412 663 1498 700 lust.
1529 658 1724 698 seciimIO.
1754 657 1795 696 S.
1819 657 2051 708 Augustinus
2084 655 2170 695 Lib.
2194 655 2261 694 lV.
2291 669 2380 695 con—

1260 723 1317 753 tra
1345 715 1423 753 Jul.
1444 730 1480 753 c.
1499 714 1535 752 5.
1567 712 1696 761 Absit,
1727 713 1876 765 inquit,
1907 720 1948 748 ut
1977 715 2026 750 sit
2057 714 2097 748 in
2126 711 2260 761 aliquo
2289 723 2382 748 reru

1258 772 1379 807 virtus
1396 798 1407 817 ,
1437 772 1512 805 nisi
1530 769 1658 819 jiierit
1676 768 1805 818 justus
1821 779 1834 802 .·
1865 764 2003 804 &12ib.
2027 765 2054 803 l.
2076 765 2121 801 ad
2146 764 2383 802 Bonisacium

1260 836 1398 874 capa).
1429 821 1523 859 Non
1553 826 1679 858 vivunt
1709 820 1806 858 bene
1833 817 2037 866 homines,
2067 822 2145 856 nisi
2173 815 2304 866 effecti
2322 818 2382 869 fi-

1261 877 1303 914 iii
1333 876 1435 913 Dei.
1480 876 1563 913 'Non
1594 874 1786 912 efficimur
1815 882 1943 912 autem
1972 872 2045 912 filii
2076 872 2178 920 Dei,
2216 873 2286 910 nisi
2317 884 2385 924 per

1261 931 1422 981 gratiam
1444 928 1745 967 sanctificantem
1763 955 1774 966 .

1319 982 1383 1023 30.
1414 982 1526 1034 Κεκρ-
1571 982 1611 1020 S.
1643 983 1898 1032 Augustiuum
1941 981 2136 1033 duplicem
2170 979 2387 1018 distinxisse

1264 1034 1448 1087 justitiam
1468 1066 1478 1083 ,
1510 1035 1733 1074 filiationem
1764 1036 1979 1087 adoptivam
2011 1035 2082 1073 Dei
2107 1065 2118 1083 ,
2161 1033 2194 1068 ἀ
2223 1033 2387 1071 charita·

1265 1098 1370 1137 tem,
1408 1089 1571 1127 ‘alteram
1602 1088 1746 1126 scilicet
1790 1090 2026 1139 perfectam,
2070 1088 2103 1124 &
2143 1100 2388 1125 consumina-

1265 1152 1371 1190 tam,
1415 1156 1504 1196 quae
1550 1143 1588 1179 in
1630 1145 1751 1193 gratia
1790 1141 2017 1189 habituali,
2060 1142 2092 1176 8<
2127 1141 2389 1179 sanctificante

1265 1197 1454 1234 consistit:
1511 1194 1670 1232 alteram
1716 1196 1982 1246 imperfectam
2002 1225 2013 1242 ‚
2057 1197 2089 1231 ἃ
2143 1195 2358 1232 inchoatam
2378 1222 2389 1239 ‚

1265 1263 1384 1303 quam
1414 1250 1534 1302 gratia
1563 1246 1724 1285 actualis
1753 1248 1862 1286 nobis
1890 1248 2063 1286 confert.
2112 1249 2155 1285 In
2187 1248 2304 1285 Libro
2324 1247 2387 1284 lh·

1266 1312 1442 1352 natura„
1486 1303 1535 1343 Θ
1575 1305 1713 1354 gralia.
1751 1315 1836 1353 cap.
1874 1314 1938 1351 70.
1995 1300 2179 1338 Charitas
2228 1299 2391 1337 inchoa-

1267 1366 1340 1405 ta,
1380 1358 1528 1409 inquit,
1558 1354 1747 1392 inchoata,
1771 1357 1931 1406 justitia
1961 1364 2049 1399 θεῖ,-
2092 1353 2270 1392 charitas
2302 1367 2389 1390 mii-

1267 1423 1352 1462 gnu,
1370 1440 1380 1458 ,
1411 1422 1569 1462 magna,
1593 1410 1751 1460 justitia
1768 1418 1855 1453 est‚·
1884 1408 2062 1446 charitas
2090 1406 2270 1458 perjecta
2290 1438 2299 1454 ,
2322 1408 2390 1459 ju-

1266 1467 1376 1501 stitia.
1405 1472 1490 1500 est.
1535 1463 1616 1500 lun)
1662 1464 1698 1500 in
1731 1464 1774 1499 iis
1817 1475 1997 1513 quoque,
2041 1464 2108 1513 qui
2139 1463 2391 1512 disponuntur

1266 1517 1314 1554 ad
1343 1517 1459 1555 fidem
1474 1548 1483 1565 ,
1515 1516 1684 1567 aliquam
1706 1514 1928 1553 charitatem
1950 1517 2112 1567 agnoscit
2134 1515 2292 1553 Sanctus
2315 1514 2393 1551 Do-

1268 1579 1346 1608 ctor
1377 1572 1415 1607 in
1445 1570 1554 1621 epist.
1569 1569 1741 1607 CXCIV.
1772 1569 1984 1606 adSixtum
2016 1583 2100 1619 cap.
2119 1568 2157 1612 4.
2189 1569 2391 1620 in1p1iem3

1268 1623 1437 1672 Spiritus
1466 1622 1526 1659 ubi
1557 1623 1632 1659 vuli
1650 1653 1659 1670 ,
1689 1626 1815 1672 spirat
1833 1652 1843 1670 ,
1872 1622 1941 1659 secl
1964 1621 2295 1673 quozljiitenium
2319 1632 2393 1669 est,

1268 1676 1388 1713 aliter
1415 1675 1608 1728 adjuvat,
1638 1675 1817 1711 nondum
1848 1674 2076 1712 inhabitans
2107 1677 2121 1723 (
2145 1688 2211 1726 per
2232 1675 2394 1725 gratiam

1267 1729 1599 1776 sanctificantem)
1618 1757 1628 1775 ,
1659 1729 1774 1766 aliter
1795 1727 2024 1765 inhabitans
2042 1755 2051 1765 .
2082 1726 2196 1765 Nam
2217 1727 2395 1764 nondum

1270 1781 1501 1822 inhabitans
1531 1781 1700 1835 adjurat
1718 1812 1728 1830 ‚
1772 1790 1811 1818 ut
1840 1786 1920 1819 sint
1947 1781 2095 1834 fideles
2113 1811 2124 1830 ,
2166 1780 2395 1818 inhabitans

1267 1835 1435 1890 adjuvat
1457 1835 1758 1889 jtzmsfiileles.
1817 1836 1977 1884 Quando
2025 1837 2138 1888 igitur
2174 1834 2216 1872 S.
2258 1835 2395 1872 Doctor

1268 1891 1315 1929 ad
1345 1905 1475 1929 veram
1507 1891 1712 1938 virtutem,
1757 1903 1821 1927 seu
1852 1890 1899 1928 ad
1941 1890 2042 1927 bona
2085 1902 2200 1941 opera
2235 1890 2395 1940 requirit

1267 1943 1484 1997 justitiam,
1528 1943 1752 1982 charitatem
1782 1943 1853 1981 ἃς.
1898 1956 1969 1980 non
2000 1956 2151 1994 semper
2180 1942 2396 1992 intelligen-

1266 1999 1336 2036 dus
1366 2006 1419 2036 est
1447 1997 1494 2035 de
1523 1996 1708 2035 charitate
1726 2027 1736 2044 ,
1767 1996 1827 2034 vet
1857 1995 2003 2047 justitia
2034 1997 2200 2048 perfecta
2218 2025 2228 2043 ,
2258 1997 2322 2033 sed
2343 2004 2398 2032 et-

1268 2052 1346 2090 iam
1375 2050 1421 2088 de
1451 2050 1677 2102 imperfecta
1695 2080 1705 2097 ,
1734 2048 1947 2100 cujusmodi
1969 2059 2020 2087 est
2043 2051 2080 2087 in
2102 2049 2366 2102 peccatoribus
2382 2078 2396 2096 ,

1267 2105 1422 2158 quando
1450 2105 1495 2142 ad
1527 2103 1840 2155 justificationem
1868 2103 2150 2155 disponuntur.

1324 2157 1547 2198 31.Coroll.
1576 2157 1617 2196 Si
1635 2187 1646 2206 ,
1679 2155 1913 2195 uthactenus
1927 2158 2296 2204 demonstravimus,
2327 2156 2397 2194 ab·

1269 2213 1427 2251 surdum
1457 2221 1510 2250 est
1537 2212 1691 2260 dicere,
1733 2211 1864 2249 onmia
1893 2221 2135 2263 peccatorum
2173 2224 2290 2262 opera
2319 2225 2399 2248 esse

1271 2276 1454 2319 peccata,
1486 2264 1607 2303 multo
1637 2266 1756 2317 magis
1785 2265 1972 2303 absurdus
1992 2266 2091 2312 erit,
2122 2277 2254 2302 eorum
2276 2277 2399 2310 error,

1271 2321 1340 2372 qui
1368 2321 1603 2368 docuerunt,
1642 2318 1757 2370 justos
1787 2320 1824 2356 in
1851 2319 1956 2356 omni
1984 2331 2100 2371 opere
2129 2330 2196 2356 suo
2226 2317 2398 2356 mortali-

1271 2383 1355 2423 ter,
1384 2383 1449 2412 aut
1477 2373 1610 2412 saltem
1641 2371 1840 2411 venialiter
1856 2385 2041 2425 peccare,
2070 2371 2399 2424 quemadmodum

1272 2428 1501 2467 contendunt
1516 2426 1706 2466 Lutherus
1734 2426 1774 2464 in
1791 2426 1930 2464 Assert.
1959 2434 2031 2463 art.
2049 2425 2114 2464 51.
2132 2426 2197 2464 52.
2215 2424 2248 2460 &
2266 2424 2328 2462 56.
2349 2438 2396 2461 ac

1272 2481 1454 2521 Calvinus
1481 2481 1570 2520 Lib.
1592 2481 1660 2520 ΙΙΙ.
1689 2481 1780 2518 Inst.
1811 2493 1847 2518 c.
1867 2493 1928 2518 12.
1957 2479 1995 2532 ᾗ.
2013 2480 2051 2525 4.
2083 2478 2116 2514 8(
2145 2493 2180 2517 c.
2207 2478 2267 2522 ¹4·
2296 2476 2335 2529 ᾗ.
2356 2489 2397 2527 9.

1273 2535 1370 2573 Haec
1398 2536 1571 2574 doctrina
1600 2535 1715 2573 nimis
1743 2543 1872 2586 aperte
1914 2541 2055 2586 pugnat
2097 2545 2186 2569 cum
2218 2531 2396 2582 Apostolo

1272 2587 1383 2627 Petro
1412 2591 1462 2628 ita
1490 2589 1610 2641 justos
1638 2587 1858 2626 adhortante
1887 2589 1924 2624 in
1956 2599 1992 2624 2.
2023 2587 2130 2636 epist.
2160 2584 2297 2635 cap.1.
2333 2597 2394 2622 10.

1273 2641 1458 2697 Siltagite
1475 2673 1485 2691 ,
1528 2651 1568 2680 ut
1595 2655 1665 2694 per
1693 2640 1796 2680 bona
1824 2653 1947 2690 opera
1975 2648 2105 2677 vestra.
2147 2646 2304 2675 certam
2333 2650 2394 2674 ve-

1273 2706 1401 2735 stram
1433 2701 1682 2736 vocationem
1699 2695 1907 2748 fliciatis.·
1944 2691 2029 2729 hoec
2058 2695 2166 2729 enim
2183 2690 2394 2744 J'acientes

1273 2764 1354 2790 non
1373 2755 1548 2801 peccatis
1568 2749 1786 2800 aliquando
1808 2774 1818 2786 .
1849 2749 1930 2786 lmo
1958 2745 2057 2783 nihil
2088 2746 2322 2799 frequentius
2353 2746 2394 2783 in

1273 2808 1390 2844 sacris
1419 2806 1552 2844 litteris
1582 2801 1793 2841 inculcatur
1822 2800 1958 2852 justis,
2000 2813 2116 2852 qnam
2148 2809 2187 2838 ut
2216 2800 2324 2838 bonis
2353 2811 2393 2836 o-

1272 2859 1430 2911 peribus
1458 2857 1587 2898 sedulo
1615 2855 1870 2894 incumbant.
1900 2853 1983 2893 Hoc
2011 2855 2150 2891 erroris
2178 2862 2397 2906 portentum

1273 2911 1453 2965 Synodus
1469 2911 1690 2950 Tridentina
1710 2909 1806 2947 Sess.
1823 2907 1892 2945 Vl.
1906 2908 2002 2961 Cap.
2023 2921 2083 2945 11.
2098 2907 2276 2960 plu-ribus
2291 2908 2393 2945 Scri-

1275 2975 1398 3017 pturae
1430 2967 1519 3003 locis
1547 2965 1770 3002 damnatum
1799 2962 1982 3008 ostendit,
2026 2961 2058 2998 8t
2094 2963 2148 2999 sic
2178 2960 2393 2998 concludit:

1281 3017 1394 3058 Unde
1423 3028 1577 3058 constat
1596 3047 1606 3065 ‚
1636 3029 1700 3053 eos
1720 3015 1950 3054 orthaloxae
1965 3014 2177 3068 Religionis
2198 3014 2391 3052 doctrina:

1277 3073 1507 3118 adversari,
1549 3075 1612 3121 qui
1640 3069 1800 3118 dicunt,
1843 3071 1988 3120 justum
2019 3073 2060 3106 in
2089 3072 2198 3107 omni
2226 3071 2392 3106 omnino

1276 3139 1392 3178 opere
1421 3128 1565 3164 saltem
1596 3124 1800 3162 venialiter
1818 3118 2013 3175 peccare,
2042 3132 2111 3161 aut
2144 3121 2388 3176 (quodinto-

1277 3179 1474 3222 terabilius
1495 3188 1552 3220 est
1574 3179 1588 3229 )
1617 3191 1756 3232 poenas
1783 3187 1960 3219 aeternas
1989 3180 2160 3218 mereri.
2244 3185 2248 3188 ’

2252 3396 2338 3436 CA-
