2562 3694
194 233 222 253 ,‚
251 203 402 253 prima.
445 199 492 237 Et
520 197 612 250 quia
640 195 753 235 homo
781 204 948 248 resurget
985 198 1023 235 in
1050 198 1154 234 omni
1184 196 1308 248 perfe-

194 285 222 305 „
250 255 374 291 ctione
403 265 481 290 suae
512 260 656 289 natura:
674 280 685 300 ,
717 259 866 302 propter
896 250 966 289 1100
984 260 1155 304 oportet,
1188 257 1228 286 ut
1247 262 1309 286 ca—

191 336 219 356 „
249 306 334 358 pilli
353 336 364 354 ,
393 305 428 342 8:
458 319 601 356 ungues
630 313 826 355 resurgant
855 304 894 341 in
923 305 1005 356 ipso
1030 307 1082 341 “.

249 372 336 411 129.
367 358 539 409 Objectae
569 368 696 397 autem
725 356 964 396 difficultates
1006 356 1119 394 facile
1154 354 1310 391 diluun-

192 420 283 459 tur;
313 414 491 464 quamvis
519 412 622 451 enim
648 410 807 462 capilli,
852 409 885 445 &
913 423 1055 461 ungues
1085 414 1310 458 generentur

190 479 236 503 ex
279 464 632 518 superfluitatibus,
675 473 808 502 natura
844 471 970 500 tamen
1000 461 1150 498 eosdem
1179 459 1312 497 retinet

189 520 238 557 ad
266 518 501 568 custodiam,
532 518 565 554 &
594 519 912 556 conservationem
930 513 1095 551 aliorum
1118 512 1311 549 membro-

189 587 300 621 rum,
330 586 435 611 secus
461 587 507 611 ac
536 572 581 610 fit
611 573 650 610 111
681 571 817 615 urina,
848 567 1009 613 sudore,
1039 567 1207 613 semine,
1238 564 1308 604 810.

188 640 278 679 quae
309 634 442 664 natura
470 627 588 678 gignit
610 637 653 661 ex
670 619 995 673 superfluitatibus
1012 648 1022 665 ,
1054 617 1087 654 ἃ
1102 627 1229 670 postea
1247 633 1309 656 ea-

187 681 274 718 dem
293 679 473 733 expellit.
503 678 660 717 Semine
689 683 814 711 autem
842 684 919 708 11011
950 672 1094 722 indiget
1113 681 1245 710 natura
1261 673 1307 710 ad

187 734 462 785 perfectionem
479 728 668 769 individui
686 756 697 775 ‚
716 726 781 764 sed
797 725 843 762 ad
859 724 1128 776 perfectionem
1145 726 1307 777 speciei.

246 787 334 824 150.
364 783 550 831 Quamvis
579 789 705 817 autem
737 791 904 830 ungues,
948 777 983 813 8<
1020 777 1155 829 capilli
1183 780 1311 817 anima

187 840 367 879 sensitiva
396 850 470 875 non
499 834 776 886 perficiantur,
806 830 1062 884 perficiuntur
1078 839 1210 869 tamen
1229 833 1310 870 ani-

184 906 250 931 ma
280 891 513 942 vegetativa,
541 901 620 938 qua
648 886 897 932 nutriuntur,
942 883 976 920 8<
1005 894 1219 935 augentur.
1260 885 1310 923 Et

183 948 276 997 quia
304 946 344 981 in
366 942 518 979 homine
545 953 623 978 non
653 948 705 977 est
724 939 801 976 nisi
821 939 950 977 anima
966 933 1163 976 rationalis
1180 968 1191 987 ,
1219 952 1309 991 quae

183 1001 284 1036 vices
312 996 456 1033 animae
486 994 674 1032 sensitivae
693 1022 703 1039 ,
733 992 766 1028 8<
796 992 1018 1043 vegetativae
1049 1000 1226 1042 praestat,
1255 994 1310 1030 sic

182 1051 216 1087 &
247 1063 419 1101 ungues,
457 1047 492 1084 8<
523 1045 656 1099 capilli
686 1045 735 1084 ab
765 1046 896 1083 anima
924 1043 1102 1083 rationali
1130 1058 1198 1083 suo
1226 1059 1310 1083 mo·

185 1104 233 1141 do
261 1102 519 1153 perficiuntur
537 1126 551 1138 .

241 1157 327 1194 151.
343 1155 419 1194 Nos
435 1164 560 1193 tamen
578 1153 753 1192 admonet
768 1152 808 1190 S.
822 1151 1055 1203 Augustinus
1070 1151 1160 1190 Lib.
1173 1151 1307 1190 XXII.

179 1209 229 1248 cle
248 1208 326 1247 Cir.
342 1208 421 1246 Det
450 1222 484 1246 0.
507 1219 567 1259 19.
585 1237 596 1255 ,
626 1219 702 1244 non
721 1219 852 1244 omnes
869 1219 1012 1257 ungues
1027 1206 1212 1254 desectos,
1243 1215 1308 1244 aut

179 1263 342 1315 capillos
371 1272 494 1301 tonsos
526 1275 602 1299 esse
623 1260 810 1298 redituros
839 1259 886 1296 ad
914 1272 1050 1310 corpus
1068 1289 1078 1307 ,
1110 1260 1305 1311 quiatunc

178 1318 351 1355 deforme
370 1329 508 1367 corpus
526 1322 742 1366 exsurgeret
760 1342 770 1355 ,
798 1312 1063 1359 Quamobrem
1083 1314 1197 1349 etiam
1214 1327 1305 1350 acu-

176 1380 214 1410 te
241 1370 436 1408 observat:
468 1398 493 1417 „
537 1366 636 1404 hod
665 1368 716 1404 ait
746 1366 933 1404 Dominus
963 1365 1079 1402 Lucae
1105 1365 1214 1403 XXI.
1245 1366 1305 1404 18.

178 1454 206 1473 ,‚
239 1422 413 1473 Capillus
442 1424 584 1469 capitis
607 1423 729 1458 vest-ri
756 1432 837 1456 non
867 1417 1029 1470 peribit,
1062 1431 1132 1455 non
1163 1419 1208 1455 de
1226 1418 1305 1456 lon-

177 1507 204 1526 „
233 1477 406 1527 gitudine
423 1505 434 1523 ,
463 1474 528 1512 sed
548 1474 593 1511 de
610 1485 773 1510 numero
788 1471 1018 1523 capillorum
1036 1472 1181 1508 dictum
1203 1471 1304 1509 mul-

176 1560 204 1580 „
235 1539 270 1566 to
297 1531 422 1581 aptius
452 1541 556 1580 posse
585 1525 745 1576 intelligi
764 1552 773 1563 .
820 1525 929 1562 Unde
960 1523 994 1559 8(
1024 1524 1119 1562 alibi
1152 1525 1303 1574 (Lucae

175 1614 203 1634 „
233 1582 321 1621 Χ11.
355 1581 424 1635 7.)
455 1581 577 1630 dicit,
623 1580 758 1631 capilli
786 1582 927 1629 capitis
956 1582 1071 1616 vestri
1096 1581 1303 1618 numerati

174 1666 201 1687 „
231 1646 321 1673 sunt
346 1648 488 1673 omnes
503 1638 530 1656 “
544 1661 558 1673 .

235 1691 322 1729 152.
359 1689 409 1727 Ε1
436 1688 522 1726 haec
552 1687 708 1739 quidem
738 1686 894 1723 omnino
924 1694 1025 1723 certa
1051 1685 1227 1723 videntur
1257 1686 1304 1722 de

174 1741 402 1795 corporibus
431 1740 640 1792 justorum,
684 1739 827 1790 quibus
863 1738 1051 1775 absonum
1095 1739 1189 1775 foret
1232 1739 1303 1775 ali-

175 1810 294 1848 quam
325 1795 604 1832 deformitatem
635 1792 829 1839 tribuere,
860 1805 948 1828 cum
980 1792 1105 1842 potius
1133 1790 1305 1842 gloriosis

172 1849 353 1897 dotibus,
385 1847 417 1882 81
446 1845 699 1898 qualitatibus
727 1846 802 1882 sint
832 1833 1046 1881 exornanda
1064 1874 1072 1888 ,
1104 1853 1144 1881 ut
1172 1853 1302 1896 postea

172 1902 344 1940 dicetur.
376 1900 450 1938 Sed
479 1898 645 1936 dubium
675 1899 843 1934 exoritur
868 1897 919 1934 de
942 1896 1142 1948 reprobis,
1173 1906 1301 1943 utrum

173 1955 208 1992 ἃ
238 1955 310 2007 ipsi
339 1967 431 1991 01101
456 1951 639 1989 omnibus
654 1950 733 1988 suis
748 1947 922 2000 partibus
938 1949 1187 1986 resurrecturi
1202 1949 1302 1988 sint?

171 2008 271 2047 Nam
301 2006 342 2045 S.
373 2007 604 2057 Augustinus
634 2005 675 2042 111
704 2001 939 2039 Enchin‘dc'o
967 2016 1054 2053 cap.
1083 2014 1150 2053 92.
1171 2031 1183 2050 ,
1212 2016 1303 2040 cum

168 2061 386 2109 docuisset,
414 2058 515 2097 nihil
538 2057 762 2096 indecorum
783 2056 823 2093 111
849 2055 1074 2106 corporibus
1095 2054 1303 2094 electorum

169 2116 345 2155 futurum
372 2127 477 2160 esse,
507 2111 540 2148 81
556 2118 814 2149 resurrectura
828 2123 904 2147 esse
919 2109 1145 2147 Sanctorum
1166 2123 1302 2161 corpo-

169 2183 215 2208 ra
241 2172 330 2207 sine
357 2167 436 2205 ullo
464 2169 553 2205 vitio
570 2194 582 2213 ,
611 2167 698 2202 sine
726 2163 810 2201 ulla
830 2161 1114 2214 deformitate,
1143 2161 1303 2215 loquens

169 2223 217 2262 de
246 2220 443 2273 reprobis:
473 2249 498 2269 „
529 2216 907 2269 Resurgentquidem
925 2246 935 2264 ,
963 2220 1052 2264 ait,
1084 2216 1197 2254 etiam
1226 2216 1302 2268 ipsi

171 2305 200 2326 „
228 2288 319 2313 cum
349 2288 418 2313 sua
430 2286 572 2320 carne,
602 2271 666 2310 sed
687 2279 727 2309 ut
755 2284 844 2308 cum
860 2269 1039 2317 diabolo,
1070 2269 1103 2305 8(
1134 2268 1215 2320 ejus
1235 2283 1300 2307 an-

171 2358 202 2379 „
228 2327 324 2379 gelis
352 2327 590 2378 puniantur.
620 2324 761 2362 Utrum
781 2337 870 2362 sane
899 2324 972 2376 ipsi
1001 2336 1092 2361 011111
1108 2323 1233 2371 vitiis,
1263 2322 1299 2360 8<

170 2410 205 2432 „
228 2379 533 2418 deformitatibus
547 2390 702 2416 suorum
720 2389 927 2428 corporum
942 2384 1142 2428 resurgant
1157 2406 1168 2425 ,
1189 2390 1298 2430 quae-

172 2464 203 2486 „
230 2447 399 2486 cumque
428 2434 470 2472 111
499 2432 553 2470 013
581 2431 742 2479 vitiosa,
773 2429 807 2465 8<
826 2431 1016 2469 deformia
1035 2430 1212 2469 membra
1231 2446 1295 2482 ge-

171 2517 199 2538 „
229 2495 396 2535 starunt,
426 2487 465 2525 in
494 2483 724 2537 requirendo
751 2482 954 2533 laborare,
983 2484 1078 2537 quid
1098 2496 1192 2536 opus
1213 2484 1295 2523 est?

170 2571 199 2591 „
228 2540 362 2592 Neque
390 2539 495 2579 enim
525 2538 686 2589 fatigare
728 2549 797 2575 1103
836 2537 946 2576 debet
983 2538 1129 2576 incerta
1159 2550 1293 2575 eorum

170 2624 200 2645 „
228 2593 440 2641 habitudo,
469 2591 530 2633 vel
560 2589 808 2643 pulchritudo
828 2619 839 2639 ,
868 2604 1034 2644 quorum
1063 2591 1136 2629 erit
1162 2600 1292 2641 certa,

228 2646 263 2684 8<
292 2647 525 2699 sempiterna
553 2645 747 2683 damnatio
762 2645 788 2665 “
803 2669 817 2681 .

229 2699 318 2739 155.
347 2700 481 2753 Aliqui
510 2707 639 2737 tamen
670 2697 854 2749 Theologi
872 2727 883 2746 ‚
912 2706 953 2735 ut
972 2698 1206 2746 Durandus,
1235 2699 1293 2737 af-

171 2752 328 2792 firmare
356 2767 430 2792 non
447 2751 698 2800 dubitarunt,
728 2750 902 2804 reprobis
916 2765 990 2789 non
1011 2765 1088 2790 esse
1109 2766 1152 2789 ea
1171 2765 1293 2790 mem-

168 2802 243 2843 bra
283 2807 539 2855 restituenda,
582 2805 726 2858 quibus
769 2807 811 2844 in
854 2803 926 2843 hac
954 2805 1033 2844 vita
1061 2815 1291 2855 caruerunt,

171 2859 265 2910 quia
292 2874 379 2899 cum
410 2859 495 2899 haec
524 2860 710 2898 restituti0
751 2859 799 2897 sit
834 2858 1027 2910 quoddam
1056 2858 1292 2898 beneficium

171 2913 303 2962 gratiae
320 2942 331 2960 ,
360 2912 429 2952 hoc
448 2911 640 2952 beneficio
659 2912 815 2966 reprobi
836 2913 993 2951 omnino
1012 2913 1163 2964 indigni
1183 2922 1290 2959 sunt;

170 2965 268 3015 quin
299 2967 419 3015 potius
445 2976 639 3006 merentur
656 2997 668 3015 ,
698 2975 738 3004 ut
763 2965 850 3004 aliis
870 2966 1120 3005 damnationis
1140 2967 1290 3018 poenis,

172 3015 257 3055 haec
287 3018 398 3055 etiam
429 3020 676 3059 deformitatis
698 3050 710 3068 ,
751 3019 786 3056 8<
815 3020 996 3058 carentiae
1026 3019 1292 3058 membrorum

169 3070 333 3110 addatur
350 3097 360 3108 .
389 3069 599 3112 Richardus
627 3089 649 3112 a
677 3073 719 3112 S.
739 3073 894 3112 Victore
922 3074 962 3111 in
992 3072 1160 3111 Lib.IV.
1190 3073 1290 3111 Sen-

170 3131 270 3162 tent.
291 3123 389 3162 Dist.
406 3123 471 3168 44.
491 3135 624 3176 quaest.
641 3127 679 3165 6.
710 3135 780 3165 art.
804 3140 838 3165 1.
869 3156 896 3176 ,‚
924 3127 969 3164 In
990 3126 1180 3164 damnatis
1195 3157 1207 3176 ,
1226 3130 1287 3164 in-

172 3207 201 3228 „
229 3179 336 3228 quit,
366 3175 475 3214 nulla
504 3180 571 3215 erit
600 3179 870 3230 pulchritudo.
900 3179 1013 3226 Quod
1041 3181 1072 3218 si
1102 3193 1190 3231 ergo
1218 3179 1287 3218 ha-

170 3260 200 3282 „
227 3230 392 3269 buerunt
420 3231 689 3281 turpitudinem
721 3234 760 3270 in
790 3233 861 3272 hoc
890 3234 1034 3271 mundo
1052 3264 1062 3282 ,
1093 3235 1131 3272 in
1153 3235 1207 3271 eis
1226 3248 1285 3271 re-

173 3313 202 3334 „
229 3282 400 3322 manebit
415 3313 426 3331 ,
457 3281 491 3319 8t
519 3283 548 3319 si
569 3281 779 3324 habuerunt
799 3286 1130 3339 pulchritudinem
1151 3289 1190 3324 in
1213 3286 1284 3326 hoc

173 3366 201 3387 ³,
230 3338 402 3386 mundo,
431 3335 628 3376 auferetur
655 3337 704 3375 ab
733 3340 812 3388 eis,
842 3341 876 3378 &
904 3350 1011 3381 erunt
1039 3342 1284 3393 turpissimi,

171 2677 198 2697 29

794 118 875 162 DE
908 117 1046 162 AC'r.
1077 115 1229 160 HUM.
1262 115 1527 160 DISSERT.
1550 116 1628 158 IV.
1661 117 1789 160 CAP.
1812 116 1890 160 IV.

1375 223 1403 242 „
1434 193 1468 228 8<
1497 192 1699 242 vilissimi,
1729 194 1764 230 8:
1792 194 1896 246 pleni
1915 192 2021 232 omni
2044 192 2239 242 foeditate,
2270 192 2302 229 8(
2324 193 2493 233 infectio-

1378 275 1404 295 „
1434 260 1482 284 110
1508 250 1560 282 “-

1438 299 1525 344 154.
1555 297 1633 335 Α111
1662 311 1777 346 vero,
1815 298 1848 335 8<
1878 300 2033 352 quidem
2061 299 2330 352 probabilius,
2358 301 2492 338 distin-

1376 353 1569 403 guendum
1600 364 1677 388 esse
1707 353 1938 389 arbitrantur
1980 355 2074 390 inter
2112 369 2200 391 eain
2233 354 2494 392 membrorum

1379 407 1586 443 carentiam
1604 434 1614 452 ,
1643 419 1732 457 quae
1763 406 1800 442 in
1831 404 2002 456 reprobis
2033 406 2103 443 fuit
2132 422 2154 445 a
2183 408 2376 445 nativitate
2395 437 2404 454 ‚
2454 414 2495 444 ut

1379 460 1411 495 si
1441 460 1526 511 quis
1556 471 1672 495 manu
1691 487 1702 506 ,
1732 466 1796 494 ant
1825 459 1920 509 pede
1949 458 2106 497 mutilus
2128 462 2224 508 fuit,
2249 474 2404 507 caex'US3
2436 459 2496 497 vei

1379 510 1569 562 elinguis3
1619 510 1652 546 8<
1683 511 1724 548 111
1752 511 1834 548 istis
1861 509 1972 548 nulla
2000 522 2155 562 apparet
2186 524 2278 550 ratio
2296 544 2305 561 ,
2354 527 2422 551 cur
2453 527 2496 552 ea

1378 565 1554 602 membra
1583 564 1632 601 ad
1659 578 1818 614 poenam
1861 562 2002 601 habere
2038 565 2224 612 debeant,
2273 569 2311 603 iu
2355 567 2495 617 quibus

1377 617 1532 655 nullum
1565 617 1636 653 fuit
1664 617 1919 654 damnationis
1948 617 2126 654 meritum
2145 644 2155 654 .
2184 619 2257 655 Sed
2277 621 2305 656 si
2329 621 2496 657 defectus

1376 670 1437 708 illi
1466 679 1592 722 postea
1620 669 1937 721 supervenerint,
1967 668 2001 705 81
2028 672 2225 721 praecipue
2251 672 2354 710 iniis
2376 687 2496 711 ineiu—

1377 723 1458 761 bris
1480 753 1490 771 ,
1520 736 1608 776 quae
1638 723 1685 761 de
1714 722 1840 774 culpis
1861 723 2167 775 participarunt,
2197 736 2353 775 aequum
2373 727 2498 763 omni·

1376 789 1429 815 no
1457 777 1632 825 videtur,
1662 786 1704 814 ut
1729 777 1793 814 isti
1822 776 1990 813 defectus
2017 775 2286 827 suppleantur,
2315 777 2348 813 8(
2369 779 2496 817 conci-

1374 843 1418 868 sa
1446 830 1622 868 membra
1650 831 1894 868 restituantur
1923 829 1971 867 ad
1999 842 2153 881 poenam
2172 859 2183 878 ,
2213 830 2373 867 utdives
2387 831 2493 882 Epu-

1378 883 1416 920 lo
1431 913 1442 931 ‚
1472 884 1539 935 qui
1568 884 1690 935 magis
1718 891 1941 935 peccaverat
1961 883 2000 920 iu
2021 882 2154 933 lingua
2170 912 2181 930 ,
2212 885 2332 934 magis
2353 884 2410 920 siti
2433 897 2495 921 ex-

1377 936 1652 975 cruciabatur.
1698 935 1810 974 Nihil
1839 945 1966 974 tamen
1994 938 2151 973 omnino
2179 946 2323 973 certum
2342 965 2353 983 ,
2383 944 2497 988 atque

1376 989 1616 1042 exploratum
1635 1021 1646 1039 ,
1694 1004 1738 1028 ac
1765 989 1964 1028 communi
1992 988 2276 1041 Theologorum
2318 990 2500 1028 sententia

1375 1044 1583 1094 probatum
1613 1043 1800 1082 habemus
1817 1069 1830 1081 .

1436 1097 1524 1135 {55-
1554 1097 1683 1136 Sanct.
1712 1097 1882 1135 Thomas
1911 1095 2001 1134 Lib.
2016 1095 2087 1134 IV.
2109 1105 2214 1134 cont.
2239 1095 2359 1134 Gent.
2380 1109 2414 1134 c.
2430 1096 2498 1148 89.

1376 1149 1429 1188 ita
1457 1151 1591 1200 paucis
1620 1165 1702 1189 rem
1730 1150 1890 1188 definit:
1929 1179 1955 1199 „
1984 1150 2141 1201 Oportet
2171 1149 2240 1188 illa
2268 1163 2428 1202 corpora
2457 1165 2498 1187 ao

1432 1203 1611 1242 nimabus
1637 1203 1942 1243 damnandorum
1970 1204 2251 1254 proportionata
2271 1217 2348 1240 esse
2365 1229 2376 1241 .
2407 1203 2498 1241 Ani-

1433 1271 1507 1296 11]ae
1538 1266 1665 1295 autem
1687 1257 1879 1295 malorum
1900 1266 2072 1295 naturam
2093 1257 2249 1308 quidem
2266 1257 2405 1294 bonam
2427 1255 2497 1295 ha·

1431 1311 1522 1347 bent
1537 1340 1548 1357 ,
1579 1319 1707 1362 utpote
1727 1325 1750 1348 a
1769 1310 1852 1348 Deo
1872 1317 2060 1348 creatam:
2089 1310 2153 1347 sed
2173 1310 2404 1348 voluntatem
2427 1308 2494 1348 ha-

1432 1363 1577 1400 bebunt
1605 1363 1887 1410 inordinatam,
1917 1363 1950 1399 8<
1980 1376 2002 1399 a
2030 1362 2106 1399 fine
2135 1364 2291 1414 proprio
2308 1363 2495 1401 deficien-

1433 1424 1536 1453 tem.
1583 1416 1743 1467 Corpori
1772 1417 1890 1466 igitur
1918 1428 2076 1462 eorum,
2119 1424 2308 1466 quantum
2350 1416 2398 1453 ad
2427 1416 2492 1463 id,

1431 1469 1533 1520 quod
1563 1477 1707 1506 naturoe
1739 1478 1822 1517 est,
1870 1469 2015 1520 integra
2045 1467 2325 1519 reparabuntur
2345 1497 2356 1516 ,
2401 1469 2495 1520 quia

1431 1521 1610 1561 videlicet
1627 1523 1664 1560 in
1687 1531 1795 1560 aetate
1809 1522 1977 1573 perfecta
1992 1530 2210 1573 resurgent,
2230 1520 2373 1572 absque
2388 1522 2496 1561 omni
2532 1557 2535 1559 .

1430 1576 1684 1614 diminutione
1712 1575 1975 1614 membrorum
1992 1604 2003 1623 ,
2034 1574 2067 1610 8(
2095 1574 2240 1627 absque
2267 1576 2373 1613 omni
2393 1575 2497 1613 defe-

1431 1638 1520 1677 ctu,
1565 1628 1599 1664 81
1628 1631 1896 1680 corruptione,
1938 1643 2055 1679 quem
2086 1641 2189 1665 error
2217 1637 2362 1665 naturae
2382 1658 2393 1677 ,
2429 1637 2495 1667 aut

1430 1682 1631 1719 infirmitas
1653 1683 1856 1719 introduxit
1873 1707 1884 1718 .
1914 1681 2026 1719 Unde
2039 1681 2236 1732 Apostolus
2264 1681 2357 1719 dicit
2383 1695 2415 1719 1.
2444 1682 2495 1720 ad

1428 1733 1600 1772 Corinth.
1621 1734 1712 1772 XV.
1736 1735 1823 1772 52.:
1851 1734 2008 1772 Mortui
2027 1743 2233 1787 resurgent
2253 1738 2493 1784 incorrupti,-

1430 1788 1532 1838 quod
1558 1789 1807 1825 manifestum
1837 1796 1887 1825 est
1914 1788 1962 1825 de
1980 1789 2162 1826 omnibus
2190 1788 2329 1825 debere
2351 1788 2492 1827 intelli-

1428 1842 1492 1892 gi,
1523 1850 1599 1879 tarn
1628 1841 1765 1889 bonis,
1794 1855 1911 1893 quam
1933 1841 2073 1889 malis,
2104 1854 2148 1879 ex
2177 1839 2236 1878 1113
2266 1854 2355 1892 quae
2386 1854 2488 1893 prae-

1429 1894 1595 1942 cedunt,
1625 1894 1659 1929 8(
1688 1904 1898 1946 sequuntur
1926 1896 1965 1932 in
1996 1893 2145 1944 littera.
2176 1893 2280 1941 Quia
2300 1907 2389 1933 vero
2409 1896 2492 1933 ani-

1374 1976 1400 1996 „
1430 1961 1493 1985 ma
1522 1961 1654 1985 eorum
1684 1950 1755 1986 erit
1784 1948 1995 1987 secundum
2025 1947 2260 1986 voluntatem
2290 1962 2312 1985 a
2342 1948 2423 1985 Deo
2450 1963 2493 1986 a-

1368 2028 1401 2049 „
1431 2014 1564 2048 versa,
1594 2001 1628 2038 8(
1659 2002 1734 2040 fine
1763 2003 1921 2053 proprio
1948 2002 2146 2049 destituta,
2176 2014 2308 2038 eorum
2329 2014 2490 2053 corpora

1372 2082 1399 2102 „
1430 2066 1502 2092 non
1532 2064 1640 2093 erunt
1658 2054 1874 2107 spiritualia
1890 2085 1900 2104 ,
1930 2056 2038 2108 quasi
2057 2056 2211 2106 spiritui
2232 2056 2385 2092 omnino
2401 2054 2491 2093 sub-

1371 2133 1399 2156 „
1427 2105 1552 2157 jecta,
1579 2109 1646 2146 sed
1675 2109 1796 2159 magis
1825 2121 1956 2147 eorum
1984 2109 2115 2147 anima
2145 2122 2215 2160 per
2243 2107 2422 2146 affectum
2453 2123 2492 2146 e-

1368 2189 1398 2209 „
1427 2162 1476 2198 rit
1496 2161 1660 2199 carnalis
1677 2188 1688 2200 .
1716 2162 1798 2200 Nec
1818 2163 1902 2214 ipsa
1922 2175 2080 2213 corpora
2101 2171 2210 2199 erunt
2229 2161 2346 2213 agilia
2363 2191 2374 2209 ‚
2395 2176 2488 2214 qua-

1370 2243 1399 2262 „
1429 2215 1459 2251 si
1489 2214 1572 2252 sine
1600 2214 1827 2253 difficultate
1856 2216 1995 2252 animae
2024 2214 2270 2261 obedientia3
2313 2216 2376 2253 sed
2406 2229 2489 2253 ma-

1369 2297 1396 2316 „
1424 2268 1482 2319 gis
1511 2276 1622 2306 erunt
1651 2268 1885 2320 ponderosa,
1914 2267 1950 2304 8<
1977 2269 2136 2319 gravia,
2174 2267 2209 2304 8(
2238 2269 2490 2321 quodammo-

1421 2321 1472 2358 do
1492 2323 1634 2360 animae
1657 2321 1922 2374 importabilia
1938 2351 1949 2369 ,
1971 2323 2066 2359 sicut
2089 2321 2122 2357 8<
2143 2323 2236 2373 ipsae
2257 2324 2398 2361 aniinae
2416 2335 2486 2374 per

2324 2380 2350 2397 (Ε

1372 1234 1403 1254 3>

1372 1288 1403 1306 ἃ)

1377 1341 1401 1359 :³

1376 1393 1401 1411 ³³

1375 1446 1402 1464 Β)

1375 1498 1402 1518 25

1373 1551 1400 1570 2)

1373 1605 1400 1625 >2

1372 1658 1401 1677 29

1368 1711 1397 1731 ¹2>

1371 1764 1399 1783 Ἰ)

1373 1817 1400 1836 39

1372 1871 1399 1890 ³³

1373 1923 1398 1942 >³

1364 2351 1394 2371 ³³

1363 2404 1393 2424 „
1424 2374 1720 2414 inobedientiam
1752 2390 1774 2413 a
1803 2376 1886 2413 Deo
1913 2385 1998 2414 sunt
2026 2390 2193 2424 aversae,
2223 2375 2293 2414 &c.

1418 2428 1580 2476 Quaeres
1599 2438 1742 2481 quarto
1757 2459 1768 2477 ,
1789 2429 1829 2466 in
1850 2443 1929 2482 qua
1948 2438 2057 2467 aetate
2078 2439 2271 2481 resurgent
2291 2427 2491 2469 homines?

1421 2482 1511 2522 156.
1542 2482 1754 2535 Respondet
1787 2482 1829 2521 S.
1851 2482 2020 2521 Thomas
2049 2485 2088 2522 in
2109 2483 2310 2535 Supplem.
2338 2483 2490 2535 qu.81.

1361 2544 1433 2574 art.
1460 2550 1521 2585 1.,
1566 2536 1737 2574 homines
1765 2542 2039 2574 resurrecturos
2081 2538 2122 2574 in
2151 2537 2314 2587 juvenili
2344 2545 2488 2583 aetate3

1360 2589 1463 2640 quod
1493 2591 1621 2641 primo
1649 2589 1808 2628 ostendit
1836 2603 1881 2627 ex
1910 2591 1957 2628 iis
1986 2589 2158 2642 Apostoli
2188 2590 2313 2628 verbis
2343 2590 2487 2640 Ephes.

1359 2642 1431 2681 lV.
1457 2657 1469 2681 1
1481 2644 1519 2682 5.
1535 2643 1675 2682 Donec
1694 2656 1956 2680 occurramus
1974 2656 2117 2681 omnes
2132 2669 2188 2681 ....
2205 2647 2244 2679 in
2260 2642 2484 2694 perfectum

1359 2699 1487 2736 virum
1504 2727 1515 2744 ,
1544 2701 1587 2734 in
1617 2710 1853 2735 mensuram
1881 2700 2015 2734 ceratis
2034 2696 2288 2747 plenitudinis
2313 2695 2453 2734 Christi
2469 2722 2482 2736 .

1359 2750 1438 2788 Sed
1466 2749 1641 2789 Christus
1670 2751 1875 2789 resurrexit
1895 2751 1933 2788 in
1955 2759 2063 2789 aetate
2083 2749 2273 2801 juvenili,
2302 2764 2391 2802 quae
2414 2752 2486 2789 sci-

1359 2802 1448 2842 licet
1468 2804 1604 2857 incipit
1624 2806 1729 2845 circa
1758 2805 1824 2844 50.
1844 2817 1961 2842 annos
1977 2830 1990 2843 .
2019 2804 2147 2851 Quam
2166 2805 2380 2843 doctrinam
2401 2805 2483 2843 An-

1359 2857 1505 2907 gelicus
1531 2871 1578 2895 ex
1598 2858 1727 2897 Sanct.
1745 2859 1955 2910 Augustino
1981 2867 2176 2896 mutuatus
2196 2867 2275 2907 est,
2303 2859 2371 2910 qui
2392 2858 2483 2896 Lib.

1358 2910 1490 2949 XXII.
1520 2911 1570 2950 de
1593 2911 1670 2949 (ἦν.
1692 2911 1772 2949 Dei
1791 2925 1826 2949 0.
1849 2911 1909 2956 14.
1939 2912 1978 2949 111
1997 2913 2134 2963 primis
2154 2912 2316 2964 probat,
2349 2912 2474 2949 infan-

1358 2972 1411 3002 tes
1428 2995 1439 3014 ,
1468 2978 1543 3003 non
1570 2966 1613 3003 in
1642 2979 1686 3002 ea
1712 2973 1986 3003 resurrecturos
2014 2979 2092 3003 esse
2111 2967 2279 3018 corporis
2299 2966 2481 3015 exignita-

1358 3026 1395 3056 te
1413 3048 1424 3066 ‚
1451 3032 1531 3070 qua
1559 3019 1699 3056 mortui
1729 3027 1812 3056 sunt
1829 3048 1839 3067 ,
1883 3019 1947 3057 sed
1975 3019 2078 3071 quod
2106 3021 2160 3057 eis
2189 3019 2330 3057 tardius
2357 3029 2480 3053 acces-

1357 3084 1491 3110 surum
1519 3080 1598 3109 erat
1626 3079 1795 3124 tempore
1812 3102 1823 3121 ,
1853 3070 1923 3110 hoc
1944 3086 2022 3110 esse
2042 3072 2116 3111 Dei
2136 3086 2249 3124 opere
2270 3071 2366 3107 miro
2384 3099 2394 3117 ,
2425 3079 2478 3107 at-

1355 3139 1432 3177 que
1451 3124 1652 3163 celerrimo
1671 3134 1886 3176 recepturos
1903 3141 1914 3172 3
1942 3126 2079 3172 deinde
2099 3140 2184 3177 cap.
2212 3124 2270 3161 15.
2290 3124 2472 3172 ostendit,

1355 3177 1551 3216 Christum
1581 3181 1829 3216 resurrexisse
1858 3180 1897 3217 in
1926 3174 1970 3217 {a
1998 3191 2171 3218 mensura
2199 3177 2368 3227 corporis
2390 3206 2400 3223 ‚
2431 3177 2473 3215 111

1354 3246 1430 3285 qua
1445 3240 1497 3269 est
1516 3241 1687 3270 mortuus
1702 3262 1713 3280 ,
1742 3232 1886 3271 scilicet
1905 3233 1946 3272 in
1963 3241 2140 3271 mensura
2167 3228 2350 3279 juvenilis
2381 3238 2472 3267 aeta-

1353 3288 1428 3333 tis3
1457 3295 1572 3338 atque
1592 3287 1644 3324 ita
1666 3287 1930 3338 prosequitur:
1959 3315 1986 3334 „
2016 3284 2138 3320 R'estat
2159 3295 2247 3333 ergo
2263 3312 2274 3332 ,
2305 3291 2344 3319 ut
2363 3297 2474 3321 suam

1354 3369 1382 3392 2,
1410 3340 1570 3392 recipiat
1599 3341 1762 3392 quisque
1781 3351 1997 3380 mensuram
2012 3365 2023 3385 ,
2052 3349 2170 3388 quam
2191 3335 2250 3379 vel
2271 3335 2409 3393 habuit
2428 3337 2470 3376 in

2308 3420 2336 3441 27
2356 3403 2415 3440 Ju-
