2570 3745
281 201 306 247 4

182 276 395 329 quebatur,
436 281 660 309 consensum
689 269 819 320 gratiae
837 297 847 315 ,
890 281 954 305 seu
990 268 1141 304 initium
1171 265 1293 311 fidei,

182 330 215 364 δε
237 327 390 372 salutis,
419 337 495 361 non
516 338 538 360 a
558 324 702 373 gratia,
732 335 819 373 quae
850 319 1069 358 indifferens
1097 327 1199 366 erat,
1229 317 1293 356 sed

183 381 232 418 ab
263 378 428 416 hominis
456 375 644 414 voluntate
684 375 933 412 consentiente
975 386 1052 410 esse
1092 372 1293 409 desumen-

182 433 274 469 dum
293 457 303 468 .
341 431 442 469 Hinc
462 429 590 467 Sanct.
611 428 767 479 Prosper
795 426 964 473 dicebat,
995 425 1200 463 voluntates
1228 422 1295 459 ho-

183 486 334 522 minum
354 514 363 531 ,
401 495 475 521 non
506 483 653 533 reipsa,
696 479 913 518 secunlum
940 477 1200 528 phantasiam
1229 475 1295 514 Se-

180 536 528 589 mipelagianorum
553 548 628 573 esse
649 548 670 571 a
689 534 809 584 gratia
830 541 1040 584 praeventas
1061 530 1183 582 (Vid.
1199 528 1293 579 Sup.

182 604 222 628 n.
249 604 334 629 112.
351 591 364 637 )
384 616 394 626 .
1269 634 1275 641 ι

240 657 327 682 122.
356 642 448 693 Obj.
480 641 517 680 5.
546 641 586 679 S.
616 640 774 692 Prosper
804 640 854 677 ita
884 637 1184 676 Massiliensium
1213 647 1297 683 opi-

181 698 336 735 nionem
366 696 516 747 exponit
547 697 561 744 (
583 695 687 745 epist.
709 693 756 730 ad
776 692 971 743 Augustin.
994 705 1031 728 n.
1051 689 1126 737 4.)
1166 718 1192 735 „
1222 686 1298 745 Pu·-

238 759 327 788 tant
345 779 354 796 ,
385 749 432 785 ad
460 748 712 786 conditionem
735 745 835 783 lianc
857 743 1154 794 uniuscujusque
1173 740 1298 776 homi-

241 806 296 841 nis
325 803 509 853 pertinere
534 826 590 838 ....
634 809 674 836 ut
704 811 770 849 per
799 798 1062 836 discretionem
1091 794 1180 831 boni
1199 822 1230 851 ².
1252 804 1297 828 ac

239 855 358 903 mali,
402 853 435 889 8t
464 853 511 890 ad
540 854 795 903 cognitionem
828 851 927 897 Dei,
970 849 1003 884 δι
1045 847 1091 905 ad
1114 844 1297 905 'obedien-

241 911 331 947 tiam
365 907 628 944 mandatorum
659 904 741 955 ejus
771 903 882 955 possit
911 913 1018 938 suam
1049 899 1212 949 dirigere
1232 910 1297 935 vo-

242 962 444 1005 luntatem3
474 967 584 1010 atque
613 958 661 995 ad
692 958 786 993 lianc
815 954 997 1005 gratiam,
1027 965 1105 1003 qua
1133 953 1171 988 in
1187 950 1300 989 Chri-

242 1023 295 1053 sto
324 1013 578 1058 renascimur,
609 1009 824 1062 pervenire,
855 1019 922 1058 per
951 1004 1167 1044 naturalem
1196 1003 1299 1042 scili-

241 1076 297 1104 cet
328 1065 545 1103 facultatem
580 1062 767 1114 petendo,
810 1059 1042 1112 quaerendo,
1087 1057 1299 1110 pulsand03

251 214 272 240 2

183 781 209 800 υ

177 827 210 852 ὐ

182 887 209 904 ³9

184 938 210 957 aa

185 991 212 1010 υ

186 1044 212 1063 2³

185 1096 211 1115 υ

185 1149 212 1220 :³
241 1180 380 1218 troeat,
410 1170 501 1222 quia
530 1169 627 1206 bono
654 1176 801 1206 naturae
832 1166 927 1204 bene
956 1178 1066 1213 usus,
1108 1164 1156 1202 ad
1186 1163 1294 1200 istam

184 1253 209 1272 „
239 1223 444 1262 salvantem
474 1223 656 1273 gratiam,
695 1218 853 1258 initialis
889 1219 1022 1270 gratiae
1051 1230 1122 1269 ope
1151 1230 1299 1255 merue-

185 1305 212 1325 „
242 1279 289 1314 rit
325 1277 524 1328 pervenire
545 1277 570 1296 ‘⁶
589 1300 599 1311 .
643 1272 757 1310 Porro
785 1273 904 1323 gratia
933 1271 1120 1309 Creatoris
1164 1271 1202 1308 in
1232 1269 1299 1308 Se-

184 1329 529 1381 mipelagianorum
560 1326 688 1378 phrasi
719 1323 813 1363 nihil
845 1332 922 1362 erat
951 1324 1084 1371 aliud,
1114 1337 1231 1375 quam
1253 1323 1300 1360 li-

182 1382 320 1420 berum
350 1381 573 1419 arbitrium:
604 1393 690 1430 ergo
710 1379 781 1416 Sec.
810 1377 997 1415 Praeterea
1026 1377 1129 1414 idem
1158 1377 1198 1414 S.
1214 1376 1301 1413 Pro-

183 1449 269 1486 sper
298 1438 469 1486 (contra
494 1433 632 1470 Colltzc.
654 1446 687 1469 c.
706 1432 742 1469 5.
760 1431 774 1479 )
793 1461 803 1478 ,
833 1431 1057 1468 Cassianum
1080 1429 1299 1479 redarguit,

185 1488 287 1540 quod
317 1501 404 1524 cum
434 1495 540 1523 antea
569 1486 741 1530 dixisset,
771 1496 852 1520 non
872 1483 999 1519 solum
1020 1490 1182 1518 actuum
1200 1509 1210 1527 ,
1242 1493 1300 1518 ve·

182 1553 272 1576 rum
301 1543 423 1576 etiam
453 1540 736 1588 cogitationum
773 1534 968 1571 bonarum
1006 1546 1059 1570 ex
1088 1532 1176 1571 Deo
1215 1546 1301 1571 esse

183 1596 417 1642 principium
439 1621 450 1638 ,
480 1598 606 1641 postea
634 1603 656 1626 a
677 1601 766 1626 veta
786 1588 966 1625 sententia
986 1586 1162 1624 recedens
1179 1617 1190 1634 ,
1219 1590 1301 1636 ipse

182 1644 400 1682 laudabiles
430 1652 579 1690 motus,
609 1645 879 1692 appetitusque
908 1644 1115 1685 virtutum,
1145 1648 1301 1676 remota

181 1702 318 1750 gratia
339 1697 443 1744 Dei,
472 1694 591 1733 nudae
622 1693 791 1732 libertati
809 1692 1011 1732 adscribat
1032 1691 1212 1730 arbitrii:
1243 1705 1300 1730 er-

181 1764 228 1801 go
256 1751 326 1788 Sto.

242 1804 329 1842 125.
346 1803 459 1854 Hesp.
491 1802 548 1840 Ad
574 1815 606 1840 1.
636 1801 772 1840 Putant
801 1801 921 1854 aliqui
952 1800 1051 1839 lianc
1075 1801 1187 1839 fuisse
1208 1813 1301 1852 quo-

183 1857 362 1894 rumdam
403 1857 608 1904 duntaxat,
651 1856 719 1908 qui
761 1854 914 1907 Pelagio
949 1855 1106 1907 propius
1147 1855 1302 1893 accede-

183 1910 300 1958 bant,
332 1923 404 1947 non
434 1921 679 1947 communem
708 1909 882 1947 omnium
904 1907 1301 1959 semipelagianorum

184 1964 466 2013 perversitatem
484 1993 494 2010 ,
523 1962 623 2014 quod
654 1963 767 2000 etiarn
797 1962 945 2000 videtur
976 1961 1120 1999 ibidem
1150 1961 1191 1999 S.
1215 1960 1304 1997 Pro-

183 2029 270 2068 sper
299 2016 492 2062 indicare,
536 2016 687 2053 dicens:
735 2014 910 2065 Quidam
952 2027 1040 2052 vero
1082 2013 1225 2052 bonum
1263 2018 1304 2051 in

184 2077 345 2106 tantum
374 2082 401 2106 a
417 2068 649 2120 Pelagianis
678 2072 829 2107 semitis
848 2082 927 2105 non
944 2067 1148 2105 declinant
1165 2099 1175 2116 ,
1205 2076 1245 2104 ut
1263 2094 1303 2106 ...

185 2121 241 2159 aci
269 2120 375 2159 lianc
405 2120 670 2159 conditionem
690 2121 777 2161 &a
799 2122 863 2172 (a)
882 2147 892 2158 .
923 2119 1026 2158 Mihi
1056 2129 1182 2159 tamen
1205 2121 1305 2158 mul-

183 2184 221 2213 to
249 2173 490 2226 probabilius
511 2183 589 2221 est,
619 2173 658 2212 S.
679 2173 855 2226 Prosperi
885 2173 1002 2213 verba
1031 2174 1081 2212 ita
1110 2174 1304 2226 explican-

186 2228 233 2265 da
262 2242 367 2275 esse,
410 2229 450 2264 nt
477 2225 590 2264 homo
630 2227 776 2265 dicatur
818 2226 985 2265 naturali
1022 2241 1089 2265 sna
1124 2226 1302 2266 facultate

187 2289 312 2332 petere
329 2309 339 2327 ,
368 2293 542 2330 quaerere
559 2309 569 2326 ,
599 2280 749 2331 pulsare
765 2310 775 2328 ,
804 2281 898 2333 quia
918 2281 1054 2318 nativis
1074 2280 1223 2318 arbitrii
1246 2283 1302 2319 vi-

188 2333 295 2371 ribus
325 2333 453 2382 gratiae
484 2332 530 2368 ad
560 2332 598 2369 id
627 2334 802 2371 excitanti
830 2335 1040 2381 consentit,
1071 2334 1104 2370 8(
1125 2347 1303 2386 coopera-

187 2395 250 2423 tur
279 2388 294 2436 (
330 2384 418 2423 Vid.
441 2384 481 2422 P.
501 2384 600 2422 Berti
621 2385 710 2423 Lib.
727 2386 816 2426 XV.
850 2386 898 2425 de
930 2386 1060 2426 leeol.
1091 2387 1188 2426 disc.
1216 2402 1303 2441 cap.

249 2490 336 2536 124.
370 2491 425 2528 Ad
456 2504 493 2529 2.
523 2504 621 2543 resp.
653 2492 783 2529 eodem
812 2494 924 2530 modo
952 2493 1037 2532 haec
1069 2495 1173 2533 dicta
1200 2509 1305 2544 esse,

190 2543 335 2581 scilicet
364 2557 438 2581 non
466 2557 535 2593 per
563 2547 812 2583 remotionem
841 2545 1119 2600 cujuscumque
1148 2551 1305 2600 gratiae,

189 2598 302 2635 etiam
332 2596 542 2644 versatilis,
585 2598 646 2635 sed
677 2612 743 2650 per
774 2600 1024 2637 remotionem
1059 2600 1165 2639 illius
1194 2603 1305 2640 dnm-

190 2658 320 2696 taxat,
351 2662 418 2701 pro
445 2663 522 2701 qua
550 2650 591 2689 S.
622 2650 781 2704 Prosper
807 2651 924 2690 simul
954 2667 1043 2690 cum
1068 2655 1305 2705 Augustino,

191 2710 341 2753 totaque
370 2702 541 2742 Ecclesia
570 2704 788 2756 pugnabat,
829 2720 919 2758 quae
950 2719 1113 2757 nempe,
1154 2715 1193 2743 ut
1222 2722 1306 2746 ver-

193 2754 252 2792 bis
283 2763 365 2791 utar
394 2754 563 2805 ejusdem
593 2757 634 2794 S.
663 2756 835 2810 Prosperi
865 2759 995 2798 eodem
1026 2759 1135 2807 loco,
1165 2773 1217 2797 ex
1247 2766 1306 2799 in-

194 2811 268 2844 vito
297 2807 489 2844 volentem
506 2808 616 2859 facit
634 2840 643 2856 ,
681 2811 731 2850 (9⁶
760 2811 983 2863 quibuslibet
1013 2812 1138 2850 modis
1167 2814 1307 2866 inficie-

195 2861 349 2897 Iitatem
379 2863 595 2897 resistentis
622 2864 789 2902 inclinat
807 2892 816 2902 .
853 2865 962 2903 Recte
992 2875 1116 2903 autem
1147 2867 1186 2904 S.
1218 2867 1306 2905 Pro-

192 2926 278 2965 sper
305 2914 528 2950 Cassianum
559 2918 861 2956 contradictionis
890 2928 1065 2968 accusat,
1108 2921 1199 2971 quia
1233 2923 1307 2960 rei·

192 2980 260 3018 psa
289 2966 362 3004 sibi
392 2966 699 3006 contradicebant
719 2970 1044 3024 Semipelagiani,
1073 2974 1307 3014 admittentes

192 3019 310 3057 simul
339 3021 498 3070 gratiam
530 3022 744 3071 praevenire
764 3034 905 3064 nostras
926 3025 1131 3064 voluntates
1147 3057 1158 3075 ,
1187 3027 1220 3064 St
1243 3042 1307 3066 no-

193 3081 284 3111 stras
313 3072 519 3111 voluntates
547 3074 708 3124 gratiam
738 3090 804 3127 per
832 3092 869 3116 se
897 3078 1178 3120 indifferentem
1199 3081 1308 3120 infie-

249 3258 298 3291 (α)
324 3254 461 3295 Quibus
488 3256 602 3289 verbis
631 3256 768 3290 videtur
794 3256 972 3304 designare
999 3264 1171 3305 voluisse,
1197 3265 1313 3301 mino·

194 3309 249 3331 res
277 3300 360 3331 alios
397 3302 501 3334 fuisse
529 3303 850 3347 SemipelagianOS,
891 3319 945 3339 eos
980 3323 1124 3356 nempe,
1161 3325 1311 3356 qnorum

196 3356 332 3378 errores
360 3346 557 3381 immediate
584 3358 685 3382 antea
714 3362 746 3382 n.
771 3353 802 3383 3.
826 3351 899 3395 jam
926 3353 1182 3400 descripserat,
1217 3360 1312 3393 scili-

195 3399 249 3425 cet
274 3390 465 3428 dicentium
480 3415 492 3434 ,
518 3408 643 3429 omanem
670 3396 834 3430 hominem
851 3399 898 3431 ad
917 3402 1119 3436 credendum
1134 3425 1145 3444 ,
1174 3411 1214 3437 <9⁹
1233 3417 1312 3449 ope-

242 1129 281 1156 ut
311 1119 394 1155 ideo
421 1118 505 1168 quis
535 1115 723 1167 accipiat,
766 1112 850 1150 ideo
893 1113 1083 1160 inveniat,
1127 1111 1212 1148 ideo
1242 1110 1308 1160 inff,

779 188 858 232 DE
893 186 1130 231 GRATIA
1164 185 1210 229 P.
1234 186 1267 228 Ι.
1300 182 1566 228 DISSERT.
1587 184 1620 225 Ι.
1654 183 1781 228 CAP.
1804 184 1884 227 XI.

1361 272 1487 310 ctere,
1517 261 1551 297 Bt
1579 262 1828 302 determinare
1858 274 1924 314 per
1952 261 2099 300 bonum
2128 273 2239 299 usum
2268 255 2384 300 liberi
2411 273 2473 300 ara

1360 317 1495 359 bitrii;
1539 315 1638 353 unde
1666 316 1760 354 alibi
1790 316 1939 354 dicebat
1971 316 2132 366 gratiam
2175 314 2282 352 illam
2325 328 2474 367 praeve·

1361 370 1525 406 nientem
1556 382 1631 405 esse
1660 382 1731 406 non
1759 369 1798 407 in
1825 383 1889 416 se,
1920 368 1953 405 8<
1984 368 2133 419 reipsa,
2164 368 2227 406 sed
2255 368 2474 407 secundum

1363 434 1497 459 eorum
1526 419 1787 469 phantasiam
1804 448 1814 460 .

1423 473 1508 511 125.
1538 473 1586 510 Et
1615 482 1654 511 ut
1683 475 1802 526 magis
1831 476 1943 512 etiam
1975 482 2119 526 pateat,
2148 486 2330 525 quaenam
2361 474 2475 511 fuerit

1362 527 1558 573 Cassiani,
1588 525 1747 579 ejusque
1775 527 1960 565 similium
1990 541 2120 575 mens,
2151 526 2373 564 attendenda
2393 534 2477 564 sunt

1364 593 1451 631 quae
1481 578 1521 616 S.
1553 577 1708 628 Prosper
1737 580 1894 616 inferius
1921 580 2054 629 affert,
2100 580 2166 618 ubi
2195 580 2364 617 Cassiani
2393 580 2477 631 opi-

1365 634 1516 670 nionem
1546 630 1603 668 his
1635 630 1802 681 ejusdem
1825 632 1948 668 verbis
1968 635 2120 686 exponit
2150 637 2265 683 (cap.
2289 632 2379 681 13.)
2400 657 2410 668 .
2440 631 2477 668 I-

1365 698 1479 722 nesse
1508 684 1665 734 quidem
1694 686 1804 721 omni
1832 687 1985 720 animae
2018 687 2260 723 naturaliter
2292 689 2479 723 virtutum

1366 742 1552 784 semina,
1595 737 1785 788 beneficio
1818 734 2015 773 Creator-is
2057 743 2235 777 inserta.
2291 737 2369 776 Sed
2402 741 2480 776 nisi

1366 791 1449 828 lzoec
1476 792 1730 840 opitulatione
1751 789 1828 827 Dei
1844 786 2002 839 fuerint
2032 795 2210 829 excitata
2228 822 2238 840 ,
2268 791 2322 829 ati
2351 796 2478 829 incre·

1367 853 1548 881 mentum
1575 843 1828 895 perfectionis
1848 854 1926 878 non
1946 850 2124 891 poterunt
2145 850 2343 892 pervenire
2365 845 2482 896 (haec

1368 896 1481 935 habet
1499 898 1696 936 Cassianus
1711 896 1846 934 Collat.
1864 893 1967 932 Xlll.
1989 909 2074 946 cap.
2095 908 2138 933 12
2155 896 2193 943 )
2225 898 2372 948 Nempe
2391 900 2481 936 Cas-

1368 951 1492 988 sianus
1526 964 1615 988 cum
1658 950 1742 988 aliis
1771 946 2088 998 Semipelagianis
2131 950 2395 998 existimabat,
2437 964 2483 989 ea

1368 1005 1552 1042 virtutum
1581 1005 1748 1051 semina,
1777 1015 1865 1055 quae
1887 1002 2040 1039 Creator
2070 1001 2216 1039 Adamo
2245 1004 2482 1052 inseruerat,

1368 1056 1492 1095 adhuc
1521 1066 1600 1108 post
1630 1056 1710 1109 ejus
1739 1063 1938 1108 peccatum
1968 1067 2185 1105 superesse,
2223 1070 2311 1109 quae
2343 1057 2414 1095 Dei
2443 1070 2483 1093 o-

1367 1109 1591 1161 pitulatione
1622 1111 1856 1148 excitentur.
1897 1108 1940 1146 In
1969 1120 2044 1159 qno
2072 1117 2198 1146 antem
2227 1111 2296 1147 sita
2326 1111 2370 1148 sit
2400 1109 2485 1149 liaec

1367 1163 1443 1201 Dei
1472 1162 1696 1215 opitulatiO,
1740 1161 1902 1215 explicat
1931 1160 2090 1198 ulterius
2121 1161 2279 1213 Prosper
2309 1163 2452 1201 ibidem
2471 1193 2483 1211 ,

1369 1225 1407 1253 ut
1436 1216 1580 1254 scilicet
1608 1216 1705 1254 nihil
1734 1218 1779 1254 sit
1799 1214 1901 1254 aliud
1921 1244 1931 1262 ,
1960 1228 2077 1265 quam
2099 1214 2335 1264 cohortatio,
2365 1226 2485 1265 atque

1368 1268 1583 1314 doctrina‚·
1627 1271 1744 1320 gratia
1773 1269 1931 1308 interius
1958 1267 2210 1316 illuminans,
2253 1283 2328 1307 non
2357 1278 2485 1307 autem

1369 1322 1599 1361 voluntatem
1629 1323 1853 1369 inflectens,
1883 1320 1915 1357 δε
1945 1320 2226 1359 determinans.
2258 1322 2315 1360 Ex
2345 1323 2487 1374 quibus

1369 1377 1570 1413 manifesta
1589 1376 1632 1413 fit
1651 1377 1779 1427 opinio
1798 1374 1966 1414 Cassiani
1986 1402 1996 1419 ,
2028 1377 2193 1424 putantis
2223 1375 2262 1411 in
2292 1376 2402 1413 nobis
2431 1389 2488 1412 es-

1368 1441 1407 1464 se
1436 1431 1582 1465 semina
1612 1430 1795 1466 virtutum
1814 1458 1823 1475 ,
1866 1427 2007 1478 quibus
2037 1426 2118 1463 Deo
2153 1427 2306 1463 interius
2335 1427 2487 1465 vocanti

1370 1481 1620 1530 respondere,
1652 1480 1685 1515 8<
1713 1481 1924 1519 consentire
1953 1480 2165 1530 possimus.
2213 1478 2400 1518 Praecedit
2429 1493 2491 1517 er-

1369 1545 1416 1583 go
1444 1535 1563 1584 gratia
1592 1533 1666 1571 Dei
1696 1547 1859 1581 vocans,
1903 1532 1935 1569 8c
1967 1532 2162 1580 excitans,
2205 1533 2269 1571 cui
2312 1533 2487 1572 voluntas

1369 1598 1438 1636 pro
1466 1600 1533 1624 sua
1562 1586 1737 1624 libertate
1766 1587 1977 1624 consentit.

1428 1638 1514 1677 126.
1545 1638 1638 1690 Obj.
1655 1640 1694 1685 4.
1721 1640 1762 1678 S.
1784 1639 2019 1690 Augustinus
2048 1639 2210 1687 fatetur,
2240 1652 2284 1677 se
2311 1640 2404 1677 olim
2434 1643 2487 1677 si-

1369 1692 1514 1729 militer
1543 1705 1726 1741 errasse,
1765 1706 1809 1730 ac
1846 1699 1975 1743 postea
2005 1700 2179 1730 errarunt
2208 1691 2486 1745 Semipelagia-

1368 1745 1409 1782 ni
1427 1774 1438 1792 ‚
1467 1745 1611 1783 scilicet
1639 1755 1787 1797 putasse
1805 1776 1815 1793 ,
1833 1745 1990 1797 fidem,
2020 1758 2099 1795 qua
2127 1748 2169 1782 in
2199 1744 2333 1783 Deum
2362 1746 2490 1783 credi-

1369 1811 1485 1846 mus,
1516 1813 1597 1837 non
1625 1812 1711 1837 esse
1740 1798 1886 1836 donum
1907 1795 1986 1836 Dec·
2003 1826 2013 1843 ,
2042 1798 2111 1834 sed
2140 1811 2168 1834 a
2195 1797 2303 1835 nobis
2331 1812 2417 1836 esse
2446 1803 2489 1836 in

1369 1850 1478 1888 nobis
1509 1855 1524 1904 (
1545 1851 1592 1890 (le
1613 1851 1806 1890 Proeclest.
1830 1852 1968 1888 Sanct.
1990 1864 2073 1901 cap.
2098 1850 2134 1888 5.
2157 1849 2196 1896 ):
2239 1852 2486 1903 quemadmo-

1369 1905 1461 1942 dum
1493 1919 1580 1957 ergo
1609 1905 1649 1943 S.
1681 1908 1780 1956 Aug.
1810 1904 1960 1943 nullam
1989 1902 2193 1955 aliquando
2221 1906 2374 1955 agnovit
2401 1919 2489 1956 gra-

1373 1960 1435 1995 tiae
1466 1960 1724 1998 necessitatem
1755 1960 1802 1998 ad
1832 1957 2060 1997 credendum
2079 1985 2090 2004 ,
2134 1958 2184 1995 ita
2212 1957 2489 2010 Semipelagia-

1371 2014 1411 2050 ni
1441 2011 1512 2051 &c-

1434 2079 1520 2118 127.
1542 2066 1654 2119 Resp.
1683 2067 1829 2106 Eodem
1859 2078 1969 2104 sensu
1998 2063 2039 2102 S.
2061 2065 2217 2116 August.
2247 2066 2413 2117 dixisse,
2442 2068 2491 2107 fi-

1372 2120 1460 2157 dem
1489 2133 1561 2159 non
1590 2135 1668 2159 esse
1697 2122 1837 2159 donum
1860 2121 1931 2158 Dei
1948 2149 1958 2168 ,
1988 2119 2051 2156 sed
2080 2133 2101 2156 a
2129 2119 2239 2157 nohis
2268 2134 2343 2159 esse
2363 2122 2401 2159 in
2421 2135 2488 2159 no-

1373 2173 1434 2211 bis
1452 2204 1461 2221 ,
1493 2187 1564 2212 non
1584 2188 1652 2227 per
1667 2174 1922 2213 exclusionem
1945 2171 2224 2225 cujuscumque
2238 2175 2370 2224 gratiae
2387 2188 2490 2227 prae-

1371 2228 1584 2276 venientis,
1626 2229 1690 2266 sed
1719 2228 1844 2266 solum
1874 2240 1941 2278 per
1979 2225 2234 2264 exclusionem
2274 2241 2374 2266 verae
2402 2242 2488 2280 gra-

1371 2282 1434 2318 tiae
1451 2311 1461 2329 ,
1491 2295 1577 2333 quae
1597 2295 1669 2320 non
1700 2281 1822 2319 solum
1845 2280 2075 2319 intellectum
2098 2277 2330 2329 illustraret,
2359 2282 2424 2319 sed
2452 2297 2491 2320 e-

1372 2335 1466 2372 tiam
1487 2334 1719 2373 voluntatem
1737 2343 1901 2375 moveret
1919 2365 1928 2382 ,
1959 2334 1991 2371 8(
2022 2332 2229 2371 inflecteret
2257 2333 2304 2371 ad
2334 2348 2488 2374 consen-

1373 2401 1457 2425 sum
1475 2415 1485 2425 .
1517 2387 1564 2425 Et
1592 2389 1749 2440 quidem
1780 2403 1825 2425 ex
1854 2387 1984 2425 multis
2012 2385 2213 2436 operibus,
2243 2400 2331 2438 quae
2353 2388 2393 2426 S.
2409 2388 2488 2426 Do-

1372 2450 1451 2479 ctor
1480 2450 1563 2479 ante
1592 2441 1865 2493 Episcopatum
1896 2440 2140 2493 conscripsit,
2179 2452 2268 2477 cuin
2297 2439 2421 2479 adhuc
2451 2443 2490 2481 in

1373 2507 1498 2532 errore
1526 2503 1742 2541 teneretur,
1773 2494 1874 2532 haud
1903 2493 2062 2532 difficile
2091 2500 2183 2529 esset
2211 2494 2428 2542 ostendere,
2459 2496 2491 2533 i-

1372 2562 1484 2599 psum
1514 2561 1588 2585 non
1616 2561 1770 2586 omnem
1815 2560 1966 2599 prorsus
2006 2545 2138 2596 gratiae
2177 2547 2436 2584 necessitatem
2467 2563 2491 2585 a

1373 2601 1449 2639 fide
1478 2601 1706 2647 exclusisse3
1750 2600 1813 2638 sed
1851 2608 1890 2638 ut
1918 2613 1997 2636 rem
2028 2598 2191 2649 pressius
2219 2612 2400 2648 agamus,
2445 2614 2490 2639 ex

1374 2656 1454 2706 ipso
1484 2654 1551 2692 illo
1580 2654 1664 2694 loco
1691 2654 1799 2694 nobis
1828 2652 1975 2703 objecto
2004 2664 2202 2704 possumus
2233 2652 2400 2704 idipsum
2429 2653 2490 2691 lu-

1375 2707 1544 2745 culenter
1572 2708 1826 2746 demostrare.
1857 2707 1910 2743 Ita
1939 2706 2085 2757 quippe
2113 2704 2262 2743 subdit:
2308 2733 2334 2753 „
2355 2706 2490 2758 Neque

1376 2791 1403 2810 „
1433 2762 1537 2799 enim
1569 2761 1685 2801 fidem
1715 2759 1894 2812 putabam
1919 2758 1988 2795 Dei
2017 2759 2137 2809 gratia
2167 2761 2402 2809 praeveniri.
2421 2787 2431 2796 .
2452 2786 2490 2799 ..

1375 2843 1402 2862 ,‚
1433 2816 1504 2853 nisi
1534 2817 1627 2867 qnia
1655 2815 1806 2853 credere
1836 2825 1906 2848 non
1928 2824 2149 2862 possumus,
2180 2812 2209 2848 si
2239 2824 2313 2850 non
2346 2826 2490 2864 praece-

1376 2898 1401 2917 „
1430 2869 1533 2907 deret
1562 2867 1800 2920 praeconium
1831 2866 2019 2903 veritatis.
2050 2865 2101 2902 Ut
2130 2872 2254 2903 autem
2286 2866 2492 2916 praedicato

1377 2951 1402 2971 „
1432 2922 1543 2960 nobis
1584 2918 1794 2969 Evangelio
1834 2919 2160 2967 consentiremus,
2203 2927 2370 2957 nostrum
2414 2933 2491 2960 esse

1377 3005 1403 3024 „
1434 2974 1654 3026 proprium,
1685 2971 1718 3007 &
1747 2971 1854 3009 nobis
1882 2985 1926 3009 ex
1954 2971 2063 3010 nobis
2094 2987 2170 3010 esse
2199 2972 2415 3011 arbitrabar
2434 2976 2490 3012 “-

1375 3027 1527 3075 Quibus
1555 3025 1682 3063 verbis
1710 3026 1866 3064 ostendit
1885 3055 1894 3072 ,
1944 3035 2090 3076 putasse
2120 3026 2238 3064 fidem
2267 3026 2341 3063 Dei
2369 3027 2491 3077 gratia

1377 3079 1611 3133 praeveniri,
1653 3078 1716 3117 sed
1745 3078 1882 3131 quali?
1924 3079 2023 3128 Quae
2062 3079 2296 3118 intellectum
2334 3078 2492 3130 quidem

2337 3145 2438 3184 prae-

1378 3263 1517 3297 randum
1541 3264 1673 3296 (livinis
1699 3262 1972 3294 institutionibus
1999 3261 2199 3299 admoneri,
2233 3266 2269 3292 nc
2304 3260 2349 3291 de
2373 3271 2496 3302 appre-

1380 3310 1559 3342 hendendo
1587 3313 1654 3343 vita
1681 3316 1802 3341 aeterna
1837 3321 1929 3340 nemo
1968 3309 2157 3349 desperet,
2193 3318 2265 3338 cum
2304 3307 2494 3339 voluntariis

1379 3358 1552 3390 devotioni
1588 3362 1600 3396 (
1625 3366 1746 3399 nempe
1777 3355 1897 3398 gratiae
1925 3353 2106 3389 consensui
2131 3358 2144 3392 >
2186 3356 2412 3386 remuneratio
2447 3357 2493 3385 sit

1378 3411 1496 3446 parata
1512 3426 1519 3433 .
