2570 3745
696 182 776 227 DE
811 182 1044 228 GRATIA
1078 177 1298 228 SUFFIC.
1331 175 1685 222 DISTRIBUT'..

78 271 142 312 ned
169 270 260 324 quia
273 268 378 308 Deus
403 274 555 316 semper
584 261 642 301 illi
671 272 788 315 potest
817 263 908 302 dare
927 261 1116 300 auxilium
1134 261 1188 297 ef-

78 325 205 373 ficu,
233 321 292 361 vel
321 318 450 358 saltem
480 316 671 355 sufficiens
699 317 746 355 ad
763 317 1070 355 conversionem.
1101 313 1187 352 Huc

80 378 185 419 enim
212 375 304 413 facit
328 372 498 410 doctrina
527 371 702 422 superius
729 384 839 409 num.
862 369 954 409 558.
997 368 1114 408 allata
1143 380 1188 405 ex

77 431 125 470 S.
150 427 298 466 'I'homa
328 438 364 464 2.
397 438 434 465 τι.
463 433 600 478 quaest.
632 437 670 463 2.
698 433 771 462 art.
795 425 831 463 5.
862 423 908 461 ad
936 437 998 472 h,
1035 422 1102 460 ubi
1129 421 1188 459 di.-

75 484 150 523 cit:
187 509 215 530 „
243 479 302 518 Ad
333 477 452 517 multa
480 487 627 516 tenetur
655 476 794 526 homo,
823 477 874 515 ad
899 491 987 529 qna:
1019 488 1092 514 non
1124 486 1189 526 po-

74 564 102 585 „
130 542 198 572 test
225 532 305 571 sine
332 533 454 582 gratia
483 540 710 585 reparante,
751 532 845 569 sicut
875 533 927 569 ad„
951 528 1193 580 diligendum

71 617 100 639 „
131 587 283 634 Deum,
327 585 360 620 &
390 586 638 638 proximum,
682 585 721 622 ἃ
745 583 923 623 similiter
952 584 1005 621 ad.
1032 582 1190 620 creden-

73 670 102 691 „
130 641 221 678 dum
251 637 429 677 articulos
461 638 576 677 fidei:
606 638 670 676 sed
699 647 824 676 tamen
855 636 924 674 hoc
956 645 1069 689 potest
1097 648 1186 672 cum

72 723 101 744 „
130 691 274 731 auxilio
304 693 437 744 gratia:
469 691 539 730 ἃς.
561 692 609 730 ”.
639 690 807 730 Ulterius
838 691 936 728 idem
967 689 1193 728 ¹&Thomas

78 761 113 787 ι.
145 759 181 785 2.
240 756 352 784 naest.>
374 757 461 797 ¹⁰0·
491 755 561 782 art.
592 745 630 792 4.
660 745 706 783 ad
740 758 776 783 α.
820 773 846 794 „
878 743 1004 790 Illud,
1037 744 1189 795 inquit,

78 829 104 849 κ
134 813 210 852 quo
265 813 464 851 possumus
492 811 581 837 cum
609 797 755 836 auxilio
770 798 926 844 divino,
955 809 1031 834 uon
1053 805 1103 832 est
1125 808 1190 832 no·

67 882 98 902 ‚,
127 852 186 891 bis
214 853 373 890 omnino
413 853 466 890 im
498 850 672 900 ossibile,
699 851 906 888 secundum
935 847 1033 886 illud
1063 847 1191 885 Philo-

72 935 100 954 „
132 904 239 958 sophi
256 907 296 944 in
319 904 384 942 III.
414 866 678 944 Etiiicorum:
713 903 815 953 Quoe
842 914 913 952 per
925 906 1081 939 amicos
1101 915 1187 950 pos-

71 989 98 1007 „
127 972 263 996 sumus
281 988 291 1005 ,
321 958 548 1009 aliqualiter
574 969 644 1007 per
672 969 743 992 nos
759 968 994 1005 possumus.
1026 955 1046 969 '’
1078 955 1186 991 Unde

70 1021 170 1065 patet
198 1012 404 1051 discrimen
434 1011 532 1049 inter
559 1018 771 1060 peccatores
799 1008 1027 1055 obduratos,
1058 1006 1183 1044 &dae-

67 1076 226 1113 mones,
265 1063 323 1104 vel
352 1063 575 1107 damnatos;
616 1061 718 1114 quod
750 1062 838 1108 isti,
881 1068 1004 1111 utpote
1033 1058 1112 1111 jam
1145 1061 1190 1098 in.

66 1119 231 1157 termino
247 1147 264 1165 „
288 1114 396 1154 nulla
426 1115 567 1167 possint
595 1116 738 1153 ratione
767 1114 958 1153 converti:
996 1112 1185 1164 quamob-

67 1185 148 1210 rem
178 1183 244 1208 nec
274 1181 342 1220 pro
370 1169 469 1220 ipsis.
489 1176 569 1206 orat
585 1166 779 1207 Ecclesia.
810 1166 1031 1204 [Multorum
1060 1165 1183 1202 immi-

70 1238 167 1262 nwn
198 1222 382 1269 malitia,
412 1221 539 1273 inquit
567 1220 608 1260 S.
638 1220 797 1273 Prosper
827 1221 865 1259 in
895 1233 994 1272 resp.
1025 1220 1071 1257 ad
1101 1232 1182 1257 sex-

62 1285 139 1315 tam
170 1274 431 1327 objectionem.
454 1275 764 1313 Vincenti-anam:
795 1303 822 1323 ,‚
852 1272 958 1311 Talis
980 1281 1058 1321 est,
1088 1287 1183 1324 qna-

63 1358 91 1379 „
121 1328 165 1368 lis
196 1337 246 1368 est
273 1329 517 1367 daemonum:
546 1328 609 1367 sed
641 1326 712 1366 hoc
742 1328 837 1366 iuter
866 1325 1182 1365 maloshomines

66 1411 95 1431 ,‚
123 1383 263 1430 distat,
294 1382 326 1418 ἃ
356 1380 569 1430 daemones,
599 1381 699 1433 qnod
721 1379 941 1419 hominibus
964 1381 1078 1418 etiam
1101 1380 1181 1417 val-

65 1464 94 1483 „
121 1434 168 1473 de
197 1435 309 1473 malis
337 1443 505 1486 superest
522 1464 533 1483 ,
577 1434 610 1472 si
636 1434 751 1472 Dens.
770 1434 1020 1481 misereatur,
1050 1445 1181 1471 recon-

64 1517 97 1537 „
120 1487 292 1534 ciliatio;
335 1487 576 1526 daemonibus
617 1496 752 1526 autem.
773 1485 884 1526 nulla
919 1494 973 1526 est
1002 1488 1042 1525 in
1072 1495 1181 1524 aster·

62 1570 91 1590 „
121 1555 215 1579 uum
243 1550 390 1581 servata
419 1541 616 1580 conversio
637 1541 657 1555 ”
675 1567 685 1578 .
717 1542 758 1579 In
786 1553 863 1592 qno
893 1549 994 1578 textu
1025 1553 1068 1577 ea
1097 1553 1179 1578 ver.-

61 1593 113 1635 ba
141 1595 331 1632 notanda:
378 1592 422 1630 Si
449 1592 560 1631 Deus
589 1596 828 1630 misereatur
843 1609 858 1638 ,·
889 1606 961 1631 non
992 1593 1092 1630 enim
1123 1593 1180 1630 di.-

61 1645 188 1686 citur:
217 1646 260 1684 St'
288 1649 361 1697 ipsi
390 1646 528 1694 velint,
560 1654 598 1683 ut
627 1644 913 1699 intelligamus,
944 1657 987 1682 eo
1016 1654 1182 1683 tantum.-

61 1699 174 1741 modo
200 1712 315 1738 sensu
335 1699 413 1738 dici
442 1698 665 1751 possibilem
696 1712 772 1736 esse
801 1697 1006 1737 hominum
1045 1711 1177 1737 recen.-

62 1751 327 1802 ciliationemt,
356 1748 592 1805 quia'Deus
609 1760 727 1805 potest
756 1764 896 1790 eorum.
917 1752 1090 1790 misereri
1113 1778 1129 1789 ..

117 1805 218 1858 567..
237 1806 438 1859 Sapienter
465 1814 592 1844 tamen
621 1805 965 1844 advertitThomas
981 1805 1187 1843 Lemosius.

64 1858 179 1898 Tom.
202 1859 269 1899 IV.
300 1858 507 1910 Panoplioe
534 1859 624 1899 Lib.
646 1857 713 1897 1.V.
743 1857 785 1897 P.
806 1859 856 1898 lI.
878 1873 964 1911 pag·
981 1872 1046 1911 90.
1068 1872 1188 1897 numa

59 1925 152 1963 272.
170 1942 180 1960 ,
210 1913 288 1961 iis,
317 1914 385 1965 qui
412 1911 572 1951 anxilio.
589 1913 640 1951 ad.
665 1913 949 1952 conversionem
972 1913 1179 1951 necessario

59 1967 139 2006 sine
169 1979 235 2004 sua
263 1965 378 2018 culpa
409 1966 638 2018 praecedeuti
660 1975 813 2014 carent,
844 1980 916 2005 non
932 1968 985 2005 im
1019 1966 1116 2004 utari
1132 1965 1187 2003 ad*

60 2018 217 2071 culpam
234 2049 244 2067 ,
274 2021 304 2057 si
335 2031 410 2057 non
438 2029 724 2058 convertantur:
753 2021 848 2058 sicut
868 1981 1038 2058 infidelis
1066 2033 1179 2070 nega-

59 2073 137 2112 tive
154 2103 164 2120 ,
194 2072 282 2111 licet
313 2073 426 2125 possit
454 2073 609 2112 credere
638 2073 709 2112 hoc
739 2073 852 2112 modo
879 2074 971 2127 qnia
992 2073 1096 2113 Deus
1117 2071 1176 2110 illi

59 2126 251 2166 auxilium
278 2125 370 2165 dare
398 2134 515 2178 potest
544 2127 593 2166 ad
620 2127 851 2167 credendum
868 2157 880 2177 ,
910 2140 982 2166 non
999 2127 1175 2165 tamenei

58 2179 270 2230 imputatur
298 2179 348 2218 ad
375 2177 560 2231 culpam,
589 2182 621 2219 si
650 2194 734 2220 non.
751 2181 906 2220 credat..
944 2181 1059 2220 Secus
1088 2192 1177 2218 vero

59 2245 99 2274 se
130 2244 185 2268 res
213 2229 361 2280 habet,
402 2232 434 2270 si
471 2243 647 2284 peccator
688 2242 844 2285 propter
880 2248 989 2274 suam
1017 2233 1176 2286 culpam

59 2283 340 2338 praecedentem
370 2294 501 2324 careat⁴
522 2285 669 2325 auxilio
704 2288 917 2325 necessario
944 2288 991 2326 ad
1019 2300 1177 2326 conver-

59 2339 232 2398 sionem3
261 2346 352 2375 tunc
380 2337 482 2374 enim
512 2337 598 2389 jure
625 2339 840 2391 meritoque
867 2339 1075 2392 culpabilis
1096 2349 1176 2390 est,

61 2404 101 2430 si·
124 2403 198 2430 non
226 2398 470 2429 convertatur
486 2416 508 2429 ..

116 2442 208 2482 568.
238 2443 332 2495 Obj.
361 2447 475 2482 tertio
502 2443 662 2496 spissam
691 2446 798 2497 quasi
820 2445 1183 2496 veterummubem,

57 2497 126 2548 qui
156 2509 293 2548 magno
321 2510 502 2536 consensu
531 2497 694 2546 docent,
724 2498 852 2537 Deum
882 2500 998 2538 instar
1028 2499 1116 2539 solis
1134 2513 1174 2537 o-

57 2563 165 2592 mnes
193 2550 336 2589 divinae
365 2551 498 2602 gratiae
528 2564 608 2589 suae
645 2551 762 2589 radiis
804 2552 1054 2600 illuminare5
1097 2568 1174 2593 esse

59 2603 201 2642 fontem
231 2604 319 2642 vitae
349 2603 530 2643 omnibus
542 2613 753 2656 ·apertum,
782 2619 916 2645 omnes
943 2607 990 2645 ad
1019 2607 1134 2660 fidem
1159 2639 1169 2658 ,

61 2655 96 2695 δι
124 2655 282 2696 salutem
313 2670 468 2696 vocare.
499 2656 587 2696 Stat
616 2657 672 2696 ‹ztl
691 2662 856 2708 ostium,
886 2661 1008 2712 inquit
1036 2660 1077 2700 S.
1098 2661 1170 2699 Hi-

61 2707 182 2749 larius
209 2711 255 2748 in
274 2709 415 2750 Psatm.
434 2710 614 2750 CXVIII.
645 2738 686 2750 ...
717 2713 791 2750 rulc
820 2726 913 2765 ergo
927 2726 1082 2763 semper
1111 2719 1169 2752 ln.—

63 2767 206 2811 troire,
234 2762 343 2803 seila
359 2764 492 2814 nobis,
521 2769 760 2804 nessintroeat
778 2796 788 2814 ,
818 2765 1059 2805 excluditur.
1090 2767 1172 2806 Un-

61 2815 109 2855 de
138 2817 251 2854 etiam
279 2817 486 2870 colligunt,
515 2833 589 2857 non
618 2819 727 2868 Deo,
757 2820 818 2857 sed
850 2820 1067 2858 hominibus
1096 2835 1175 2858 esse

62 2869 361 2922 imputandum,
399 2873 430 2911 si
458 2885 533 2912 non
562 2886 701 2912 omnes,
721 2873 900 2922 credant,
944 2887 1010 2912 nec
1047 2886 1174 2912 onmes

60 2921 256 2962 salventur
277 2949 287 2961 .
329 2924 524 2978 Loquatur
565 2928 721 2966 nomine
748 2926 913 2966 aliorum
942 2926 982 2965 S.
1013 2927 1186 2967 Joanucs

60 2975 374 3029 chrysostomus,
402 2980 473 3031 qui
500 2980 648 3019 Homil.
665 2980 774 3019 VIII.
800 2982 836 3019 in
864 2981 974 3019 Joan.
1003 2983 1176 3033 proponit

62 3030 338 3083 quaestionem:
369 3061 394 3080 „
415 3031 456 3070 Si
487 3031 635 3083 (Deus)
666 3033 862 3073 illuminat
881 3048 1033 3074 omnem
1055 3034 1177 3072 homi-

65 3110 102 3132 ,,,
120 3097 216 3124 nem.
234 3085 452 3125 venientem
482 3085 520 3124 in
549 3085 651 3126 hunc
672 3089 858 3128 mundum
876 3119 887 3137 ,
917 3088 1107 3140 quomodo
1127 3097 1178 3126 tot

68 3163 98 3183 ,‚
124 3135 295 3179 homines
325 3151 398 3178 non
418 3138 630 3179 illuminati
651 3140 832 3181 manent?
864 3141 1086 3192 Respondet
1106 3155 1177 3179 ‹in-

72 3215 99 3237 2.
126 3195 234 3250 tqm:
264 3190 474 3231 illuminat
494 3193 900 3249 prosecto.„quantum
933 3198 970 3233 in
995 3196 1075 3247 ipso
1104 3205 1178 3234 est.

69 3268 97 3288 ss
125 3239 166 3279 S¹
193 3245 278 3294 quis
306 3259 396 3285 vero
423 3254 555 3299 sponte
583 3261 651 3286 sua
679 3252 812 3289 inentis
840 3247 968 3286 ooulos
997 3248 1178 3286 claudeu,

69 3321 98 3343 >a
128 3302 205 3341 ἴθ’,
233 3294 345 3338 hu'us
372 3299 470 3338 lucis
497 3300 618 3339 radios
638 3304 834 3356 percipere
863 3302 1005 3350 nolint,
1034 3315 1114 3339 non
1132 3315 1177 3340 ex

69 3375 97 3397 ‚‚
127 3356 260 3388 natura
305 3353 382 3392 ucis
410 3355 563 3403 evenit,
594 3355 694 3407 quod
725 3357 763 3395 in
793 3356 955 3396 tenebris
979 3365 1175 3404 maneant,

67 3401 201 3454 mss-'dv
219 3414 264 3440 ex
291 3407 461 3462 nequitia
489 3421 620 3449 eorum
636 3438 648 3461 ,
677 3411 746 3465 qui
773 3424 811 3450 se
839 3419 970 3467 sponte
996 3408 1069 3449 hoc
1097 3410 1176 3463 pne

2227 181 2313 236 ⁸49

1257 291 1282 309 ‚,
1311 268 1399 297 vant
1430 271 1587 296 munere
1606 284 1616 294 .
1660 257 1793 295 Gratia
1836 258 1981 310 qnippe
2025 259 2063 297 in
2093 271 2224 296 omnes
2252 257 2375 296 offusa

1255 343 1282 363 „
1312 321 1393 357 est5
1423 325 1495 349 uon
1526 312 1706 349 Judaeum
1730 342 1739 357 ,
1783 323 1857 348 non
1888 314 2069 349 (brienum
2088 343 2097 360 ‚
2129 326 2202 349 nou
2233 311 2380 349 barba-

1257 397 1282 416 „
1314 380 1427 413 rum,
1457 378 1529 402 nou
1552 366 1774 412 foemimm,
1805 377 1876 400 non
1909 378 2056 407 senem,
2086 378 2160 403 non
2191 365 2372 416 juvenem

1257 449 1282 469 „
1311 427 1531 466 aversatur,
1562 419 1629 455 seii
1653 431 1782 455 omnes
1813 416 1990 455 similiter
2009 419 2197 463 admittit,
2229 419 2379 456 &cnm

1258 503 1284 523 „
1315 474 1405 526 pari.
1429 483 1535 511 vocat
1564 471 1704 509 honore
1735 472 1754 485 ”

1313 527 1407 578 569.
1439 525 1549 577 Resp.
1582 526 1734 577 primo,
1766 533 1803 562 ut
1820 524 1912 561 alias
1928 523 2166 562 observatum
2185 532 2231 560 est
2252 525 2380 573 (Dissa

1258 581 1307 618 II.
1336 595 1375 618 n.
1397 580 1491 627 81.)
1511 609 1521 627 ,
1551 592 1626 616 non
1657 594 1733 616 esse
1761 580 1891 616 omnia
1914 587 2082 614 veterum
2101 576 2273 623 l’atrunt,
2304 579 2377 628 qui·

1257 642 1343 671 ante
1374 632 1551 671 haeresim
1583 631 1826 684 l'elagiauam
1859 631 2092 677 floruerunt,
2124 630 2221 666 dicta
2252 631 2295 667 ad
2319 631 2374 667 vi·

1259 701 1349 724 vum
1381 687 1603 725 resecanda:
1633 700 1857 739 quanquam
1889 686 1989 722 enim
2011 684 2059 721 ab
2080 682 2283 720 orthodoxa
2301 682 2380 719 Ec-

1260 740 1388 778 ctesiae
1416 741 1589 779 doctrina
1615 741 1780 778 mininie*
1818 741 1855 777 in
1900 738 2108 776 substantia
2147 736 2261 773 alieni
2294 734 2374 772 fue-

1259 795 1355 841 rint,
1387 796 1515 832 minus
1535 804 1659 832 tamen
1679 802 1857 832 accurate
1875 792 2109 846 quaudoque
2131 788 2244 827 locuti
2262 798 2382 827 sunt..

1266 847 1380 891 Quod
1408 850 1523 886 etiam
1555 849 1591 885 iu
1620 846 1708 886 aliis
1735 847 1971 899 capitalibus
1987 844 2195 895 Religionis
2224 844 2378 894 ‹logma-

1260 900 1364 938 tihus
1393 915 1679 954 nonnumquam
1709 902 1890 953 contigit,
1923 908 1970 937 ut.
1990 899 2048 936 de>
2065 896 2381 935 consubstantiali.

1256 952 1350 991 Filii
1381 954 1577 992 divinitate
1599 985 1608 1002 ,
1647 956 1693 992 de
1732 963 1886 1007 peceato
1914 950 2089 1003 originali
2120 950 2190 986 &m
2235 954 2249 1001 (
2283 949 2382 987 Vid..

1255 1005 1369 1044 Tom.
1392 1008 1460 1044 ΙΙΙ.
1490 1008 1590 1046 Diss.
1613 1008 1680 1046 111.
1710 1022 1819 1046 num.
1839 1006 1929 1046 206.
1973 1006 2006 1041 ἃ
2037 1005 2150 1042 Tom.
2175 1003 2240 1042 IV.
2272 1004 2382 1042 Diss..

1253 1058 1321 1095 III.
1352 1073 1391 1096 n.
1415 1060 1530 1110 118.)
1562 1061 1689 1109 Adde,
1720 1063 1832 1099 etiam
1855 1061 2098 1099 Adversarios
2126 1058 2173 1095 ad
2197 1057 2292 1094 hanc
2310 1070 2373 1094 ex-

1254 1109 1517 1162 plicandorum
1548 1112 1702 1152 l'atrum
1733 1114 1904 1166 regulam
1933 1114 2136 1164 confugere
2164 1110 2382 1163 aliquando·

1253 1166 1368 1215 cogi,
1392 1179 1439 1203 ne
1468 1166 1613 1205 scilicet
1642 1168 1875 1216 concedant,
1906 1180 1969 1204 eos
1995 1166 2166 1203 docuisse
2195 1179 2284 1202 cum
2306 1164 2373 1201 Se-

1253 1218 1542 1270 mipelagianis,
1581 1221 1707 1258 Deum
1737 1229 1877 1259 nostras
1907 1219 2124 1258 voluntates.
2147 1229 2381 1269 expectare,

1251 1284 1324 1308 non
1355 1274 1596 1323 praevenire,
1632 1273 1795 1324 gratiam
1825 1273 1899 1310 Dei
1927 1271 2108 1309 omnibus
2137 1271 2374 1320 aequaliter,

1249 1324 1306 1364 <9³
1328 1329 1418 1364 sine
1443 1325 1525 1363 ulla
1554 1325 1791 1364 discretione
1819 1324 2022 1362 distribui:
2052 1332 2164 1375 atque
2196 1325 2375 1361 eamdem*

1249 1378 1407 1430 siugulis
1437 1380 1638 1418 momentis
1665 1387 1806 1432 praesto
1834 1391 1912 1416 esse
1933 1404 1943 1417 .
1973 1377 2073 1425 Quae
2102 1378 2233 1415 omnia
2263 1391 2289 1414 a
2314 1389 2372 1414 re·

1248 1440 1339 1478 cta,.
1358 1431 1394 1469 &
1421 1431 1631 1472 orthodoxa
1659 1432 1845 1471 Ecclesiae
1866 1431 2042 1470 doctrina„
2057 1429 2189 1484 procul
2207 1430 2380 1469 absunt..

1304 1484 1396 1535 570.
1425 1485 1602 1524 Secundo
1623 1516 1633 1534 ,
1666 1485 1749 1533 >hac
1778 1486 1977 1538 praemissa
2015 1494 2185 1522 veterum
2216 1483 2371 1521 Patrum

1249 1537 1591 1590 intelligendorum.
1613 1539 1777 1591 regula,
1820 1552 1951 1576 eorum
1995 1538 2095 1576 dieta
2137 1536 2277 1574 debent
2319 1537 2367 1574 de

1250 1594 1558 1643 praeparatione,
1603 1592 1636 1629 8t
1665 1593 1858 1630 oblatione
1886 1592 2115 1630 divinorum
2134 1589 2380 1629 auxiliorum

1250 1645 1466 1696 explicarit,
1499 1659 1570 1683 non
1602 1655 1729 1683 antem
1752 1647 1806 1692 ,de
1836 1647 1917 1697 ipsa
1947 1645 2167 1682 eorumdem
2198 1643 2370 1681 collatio-

1249 1709 1323 1734 ne:
1366 1711 1417 1735 oia
1441 1698 1644 1749 Augustini
1676 1699 1780 1736 enim
1819 1699 2018 1744 doctrina,
2060 1697 2094 1732 ἃ
2124 1699 2367 1748 sequentinm

1247 1748 1400 1787 Patrum
1420 1781 1430 1799 ,
1459 1753 1527 1802 qui
1546 1751 1658 1789 >hanc
1689 1751 1887 1789 materiam
1908 1750 2132 1801 diligentius
2148 1752 2372 1788 examinan-

1245 1803 1284 1841 di
1307 1833 1327 1852 „
1339 1803 1374 1841 δι
1393 1805 1615 1842 accuratius·
1627 1805 1882 1856 pertractandi
1897 1805 2114 1842 occasiones
2130 1803 2346 1842 habuerunt
2358 1833 2369 1852 ,

1248 1865 1329 1894 tum
1362 1870 1407 1897 ex
1436 1859 1518 1910 ipsa
1546 1859 1781 1910 experientia
1811 1858 2160 1909 compertissimum
2192 1866 2273 1904 est,
2303 1871 2368 1894 ne-

1247 1924 1322 1963 qne
1353 1921 1533 1960 externa,
1563 1926 1688 1964 neque
1717 1914 1866 1952 interna
1895 1910 2104 1950 salutiferae
2136 1912 2368 1949 iucarnatio-

1247 1967 1320 2001 nis.
1337 1964 1526 2003 beneficia
1554 1966 1744 2004 omnibus.
1755 1968 1877 2017 reipsa
1898 1966 2089 2012 conferri-3
2117 1964 2151 2001 δε
2170 1966 2366 2013 iisetiam,

1247 2018 1716 2070 quibus.misericorditer
1757 2019 2050 2065 concedunmr,
2093 2032 2168 2056 non
2204 2018 2368 2056 conferri

1247 2071 1450 2122 aequaliter
1465 2101 1476 2120 ,
1507 2085 1577 2109 nec
1597 2072 1752 2123 singulis
1774 2073 1999 2116 momentis5
2030 2081 2069 2108 ut
2098 2085 2248 2122 semper
2271 2069 2368 2108 illud

1244 2137 1384 2163 verum.
1410 2126 1484 2173 sit,
1513 2125 1616 2176 quod
1648 2127 1779 2164 inirticti
1810 2127 1942 2177 gratiae
1975 2124 2156 2162 Doctores
2186 2125 2365 2175 Augustin-

1245 2191 1341 2226 nus,
1372 2177 1530 2230 Prosper
1550 2207 1561 2225 ,
1593 2177 1846 2229 Fulgentius,
1889 2177 2064 2230 aliique,
2094 2187 2135 2216 ut
2165 2178 2364 2215 inconcus-

1243 2245 1329 2270 sum
1358 2231 1605 2284 principium
1628 2232 1893 2280 tradiderunt,
1923 2241 2100 2269 naturam
2129 2244 2208 2268 esse
2237 2229 2363 2268 homi-

1244 2285 1358 2324 uibus
1387 2297 1655 2331 communem,
1691 2298 1762 2323 non
1791 2286 1982 2336 gratiam.;
2025 2284 2059 2320 8(
2088 2282 2187 2322 hanc
2215 2285 2366 2322 miseri-

1248 2339 1412 2379 corditer
1440 2338 1673 2391 qnibusdam
1702 2354 1726 2378 a
1745 2338 1828 2377 Deo
1856 2338 1989 2377 donati
2008 2367 2019 2386 ,
2048 2336 2138 2375 aliis
2165 2346 2290 2375 autem
2319 2349 2366 2376 ex

1243 2391 1390 2445 justitia
1420 2406 1494 2430 non
1525 2392 1637 2430 dari.

1300 2446 1391 2497 37¹·
1408 2446 1501 2497 obj.
1518 2455 1681 2497 quarto.
1698 2445 1737 2485 S.
1756 2445 2041 2498 Augustinusin
2057 2443 2196 2483 Psalm.
2213 2443 2360 2484 XVIII.

1243 2501 1439 2552 explicans
1469 2499 1537 2537 illa
1567 2501 1685 2539 verba
1701 2513 1714 2537 :-
1737 2498 1833 2538 ,Non
1862 2508 1950 2548 est,
1979 2503 2044 2549 qui
2071 2512 2114 2536 se
2142 2497 2368 2536 abscondar:

1242 2567 1269 2591 a
1286 2553 1420 2591 calore
1440 2555 1548 2605 ejus,
1580 2555 1702 2606 inquit
1718 2548 1893 2592 Euariat.
1910 2554 1940 2591 Ι.
1963 2553 2075 2591 Tom.
2096 2550 2160 2588 IV..
2182 2564 2189 2587 :
2220 2581 2244 2598 ,‚
2261 2551 2373 2588 Cum·

1241 2636 1268 2655 „
1298 2617 1426 2645 autem
1442 2606 1627 2645 Verbum.
1647 2610 1760 2646 etiam
1790 2620 1878 2646 caro
1909 2607 2051 2644 factum
2081 2614 2154 2651 est,
2186 2604 2219 2639 ἃ
2251 2602 2374 2642 habi--

1239 2690 1270 2709 „
1295 2662 1388 2699 tavit
1416 2662 1456 2699 in
1475 2661 1614 2710 uobis,
1644 2660 1911 2700 mortalitatem
1943 2667 2107 2696 nostram
2123 2658 2331 2708 suscipiens
2350 2684 2362 2705 ,

1254 2743 1266 2762 ,
1295 2727 1370 2753 non
1401 2716 1599 2766 permisit,
1631 2714 1767 2753 ullum.
1788 2713 2006 2750 mortalium
2037 2723 2216 2748 excusare
2245 2723 2284 2747 se
2311 2710 2360 2747 de

1241 2797 1268 2816 „
1298 2768 1438 2806 umbra
1467 2770 1624 2813 mortis3
1655 2768 1687 2803 St
1719 2770 1838 2804 inam
1868 2766 1972 2802 enim
2003 2764 2215 2815 penetravit
2235 2761 2359 2801 Verbi

1242 2850 1270 2869 „
1299 2821 1404 2859 calor
1434 2822 1455 2838 '²
1527 2823 1619 2858 Item
1652 2823 1690 2858 in
1722 2784 1862 2856 Ii'salm.
1893 2816 2017 2855 XLV.
2050 2817 2117 2855 illa
2147 2815 2370 2855 l'salmistae-

1242 2874 1358 2912 verba
1389 2874 1498 2912 Deus
1527 2878 1568 2911 in
1597 2872 1726 2911 medio
1754 2873 1840 2922 ejus
1878 2871 2133 2925 interponit:
2181 2870 2369 2921 Quorum·

1242 2925 1289 2964 do
1319 2928 1433 2975 illuzl,
1464 2927 1564 2979 quoi
1593 2930 1632 2963 in
1665 2924 1794 2962 sne-llo
1822 2934 1904 2971 est,
1933 2929 2052 2974 paria
2081 2922 2198 2962 habet
2221 2928 2354 2972 spatia

1243 2979 1297 3017 ad
1326 2994 1465 3019 ornnes
1494 2981 1595 3029 fines
1618 3009 1628 3025 ,
1658 2984 1715 3015 itii.
1747 2977 1858 3016 Deus
1888 2978 2040 3016 medius
2069 2992 2155 3015 esse
2184 2977 2369 3026 (licitur,

1246 3036 1456 3084 aequaliter
1483 3027 1662 3071 omnibns
1692 3033 1900 3070 consulens
1922 3059 1932 3070 .
1970 3032 2065 3070 Haec
2083 3062 2093 3080 ,
2124 3032 2161 3068 δι
2188 3032 2367 3084 similia„

1246 3100 1334 3137 qnae
1365 3087 1464 3125 hand
1497 3087 1754 3138 infrequenter
1783 3087 2031 3124 inveniuntur.
2053 3086 2153 3137 apud
2171 3085 2211 3123 S.
2230 3087 2369 3134 Augu·-

1245 3141 1412 3188 sunum,
1443 3139 1613 3191 aliosque
1642 3138 1767 3177 Patres
1788 3169 1798 3187 ,
1844 3140 2044 3178 inanifeste
2065 3139 2260 3186 indicant,
2292 3139 2371 3176 be·-

1243 3193 1381 3231 neficia
1411 3194 1542 3245 gratia:
1571 3193 1709 3231 Christi
1739 3193 1786 3231 ad
1815 3206 1944 3232 omnes
1971 3194 2128 3231 omniuo
2149 3194 2370 3244 pertinere,

1246 3254 1284 3282 ut
1315 3260 1427 3284 nemo
1457 3259 1605 3296 prorsus
1636 3247 1903 3285 inexcusabilis
1933 3249 2006 3284 sit.

1300 3299 1404 3350 572.Δ
1426 3298 1559 3350 Resp.‚
1591 3301 1714 3351 primo
1744 3299 1825 3338 loco
1853 3302 2025 3352 sepositis
2052 3298 2284 3352 tropisni'uil
2315 3312 2354 3334 a·

1242 3351 1334 3390 liud.
1353 3354 1393 3390 S.
1412 3353 1613 3391 Doctorem
1642 3353 1767 3401 velle,
1798 3368 1914 3405 quam
1947 3353 2178 3391 beneficium
2207 3353 2367 3389 redem·-

1242 3408 1379 3459 ptiouis
1409 3416 1545 3448 nostrae
1572 3407 1629 3448 ad,
1647 3421 1777 3448 omnes
1806 3407 1978 3447 homiues
2006 3421 2047 3446 se
2074 3406 2289 3450 extendere,
2318 3402 2366 3440 &c

2209 3470 2311 3510 pecs-

1238 2744 1249 2763 >
