2562 3694
223 208 303 234 300

217 270 305 313 145.
337 268 421 306 Non
451 268 653 310 defuerunt
681 272 837 314 demum
856 306 867 324 ,
911 279 977 330 qui
1008 287 1180 331 putarent
1211 293 1278 331 per

154 321 356 381 &nictum
384 325 614 374 civitatem,
657 327 696 366 in
725 342 801 381 qua
830 330 960 369 Sancti
990 341 1277 384 apparuerunt,

155 375 321 426 intelligi
352 375 541 416 caelestem
572 380 785 420 Jerusalem
805 413 815 430 ,
859 385 905 421 ad
939 399 1054 436 quam
1087 398 1157 420 una
1186 396 1276 422 cum

156 426 306 466 Christo
334 433 515 482 assumpti
545 441 626 470 sunt
645 461 654 472 .
687 435 959 475 Verumtamen
988 437 1071 473 haec
1092 439 1278 487 interpre-

155 482 246 521 tatio
275 494 348 524 non
378 482 543 523 cohaeret
574 488 697 525 verbis
728 489 855 527 Sancti
885 487 1090 533 Matthaei,
1120 490 1187 540 qui
1217 490 1276 528 di—

155 534 234 582 cit,
268 548 327 572 eos
356 542 589 586 apparuisse
620 544 780 585 multls;
822 542 920 593 quod
951 541 1096 579 nonnisi
1127 543 1172 579 de
1201 551 1274 580 ter·

153 598 244 625 rena
273 590 425 627 civitate
453 591 664 631 Jerusalem
694 594 853 645 intelligi
885 602 1026 643 potest3
1059 596 1099 632 in
1127 595 1273 635 caelesti

156 641 260 680 enim
290 641 502 682 Jerusalem
531 660 604 684 non
637 648 899 698 apparuissent
941 646 1098 695 multis,
1141 649 1206 687 sed
1234 662 1274 687 o-

154 694 313 732 mnihus
335 697 413 743 (a).

214 747 300 792 146.
330 749 388 786 Ex
418 751 552 787 iisdem
583 749 710 788 verbis
737 750 778 789 S.
809 751 985 791 Matthaei
1017 766 1149 793 eorum
1178 770 1275 809 pau-

154 811 286 837 corum
315 803 447 852 opinio
475 801 690 851 refellitur,
731 805 801 856 qui
831 815 986 857 putant,
1031 821 1089 845 eos
1118 808 1276 848 sanctos

154 865 227 890 non
258 853 366 891 aliter
395 856 644 905 apparuisse,
685 871 803 908 quam
834 860 873 896 in
904 860 1027 899 forma
1056 861 1189 914 aliqua
1217 877 1275 901 as·

153 915 330 955 sumpta,
360 907 470 944 sicuti
501 909 539 944 in
569 909 706 947 Christi
737 912 1068 964 transfiguratione
1098 916 1137 954 in
1166 930 1275 954 mon-

151 966 186 994 te
218 958 371 996 Thabor
401 961 500 997 visus
530 969 582 998 est
610 961 766 1015 Moyses
788 995 799 1013 ,
829 980 945 1018 quem
975 968 1015 1006 S.
1046 967 1123 1006 Th.
1163 971 1201 1009 5.
1232 969 1274 1008 Ρ.

151 1011 297 1061 qu.45.
328 1020 398 1049 art.
421 1013 459 1050 5.
489 1013 535 1051 ad
567 1028 603 1053 2.
633 1020 854 1068 apparuisse
890 1020 982 1058 dicit
1017 1034 1086 1070 per
1115 1023 1276 1074 aliquod

150 1075 289 1112 corpus
318 1075 569 1115 assumptum
607 1072 707 1106 sicut
736 1072 880 1124 Angeli
907 1084 1132 1125 apparent.
1177 1077 1274 1116 Haec

147 1117 306 1176 inqu-am
336 1119 467 1169 opinio
497 1120 686 1160 refellitur
713 1137 756 1161 ex
787 1126 914 1164 verbis
944 1129 984 1165 S.
1010 1128 1187 1168 Matthaei
1215 1132 1275 1169 di-

148 1179 270 1231 centis·
292 1184 389 1211 vers.
408 1173 470 1233 ξω.
489 1173 521 1209 8<
538 1189 617 1227 seq.
648 1206 674 1224 „
691 1176 816 1217 Multa
837 1193 997 1232 corpora
1017 1181 1245 1221 Sanctorum
1263 1215 1273 1233 ,

146 1249 174 1270 „
204 1237 272 1274 qut
301 1224 561 1275 dormierant,
590 1242 863 1282 surrexerunt,
895 1234 1117 1274 &exeuntes
1132 1237 1178 1274 de
1193 1251 1274 1276 mo-

146 1304 180 1330 ³³.
202 1279 393 1316 numentis
422 1290 502 1331 post
532 1286 847 1324 resurrectionem
878 1286 982 1338 ejus,
1021 1300 1202 1329 venerunt
1234 1293 1271 1330 in

146 1357 174 1376 „
203 1339 372 1371 sanctam
394 1334 609 1383 civitatem,
631 1336 664 1373 St
685 1351 943 1391 apparuerunt
963 1342 1095 1382 multis
1110 1344 1132 1360 '²
1150 1370 1161 1382 .
1192 1344 1271 1383 Ubi

147 1394 321 1441 espresse
349 1385 490 1424 dicitur
519 1389 647 1426 multa
683 1404 851 1442 corpora
879 1395 1108 1434 Sanctorum
1144 1410 1270 1435 surre-

146 1446 264 1494 xisse,
295 1437 329 1473 δε
358 1442 578 1490 apparuisse
599 1442 756 1494 multis,
785 1447 830 1483 ad
861 1448 1169 1487 confirmandam
1199 1451 1272 1488 sci-

144 1485 234 1529 hcet
262 1489 379 1532 fidem
410 1496 693 1534 resurrectionis
720 1498 806 1536 Jesu
837 1500 1003 1540 Christi.
1034 1503 1108 1540 Sed
1138 1503 1184 1540 de
1211 1503 1272 1542 his

144 1540 258 1591 plura
288 1544 437 1583 dabunt
464 1547 684 1600 interpretes
727 1555 852 1601 sacri,
896 1555 929 1590 8<
974 1557 1087 1593 etiam
1119 1555 1160 1594 P.
1190 1556 1273 1595 Jac.

147 1593 272 1645 Hyac.
288 1596 404 1651 Serry
425 1599 629 1640 Exercitat.
646 1603 749 1643 LXt.
779 1605 843 1644 De
863 1605 1016 1647 Christo
1031 1610 1118 1650 ΘΟ.
1141 1609 1189 1649 Τ.
1206 1611 1273 1650 111.

146 1646 318 1700 Operum
348 1654 438 1691 edit.
469 1653 628 1694 Venetae
663 1670 780 1709 1770.
809 1660 850 1698 in
877 1661 949 1701 fol.

588 1759 760 1802 CAPUT
789 1764 839 1803 V.

374 1863 440 1902 De
468 1864 616 1905 dotibus
643 1875 816 1921 corporis
842 1872 1029 1924 gloriosi.

149 2022 155 2028 „
202 1942 507 2027 1447.Quatuor
536 1986 557 2009 a
587 1972 793 2027 Theologis
822 1991 898 2016 una
927 1993 1016 2017 cum
1046 1979 1087 2018 S.
1119 1979 1272 2018 Thoma

149 2034 186 2058 tn
202 2021 249 2081 lis
263 2049 272 2059 .
294 2021 473 2061 Sentent.
489 2024 650 2063 Dissert.
666 2028 738 2074 A4.
761 2044 801 2081 q.
822 2043 859 2068 2.
890 2042 1162 2071 enumerantur
1189 2046 1271 2071 cor-

144 2086 247 2124 ports
275 2074 425 2126 gioriosi
454 2078 582 2135 dotes,
609 2079 754 2120 scilicet
775 2085 1098 2133 impassibilitas,
1128 2085 1272 2124 subtili—

145 2136 237 2199 tas?
267 2130 456 2220 agilitati,
485 2139 536 2173 Θ
555 2133 746 2185 claritas,
776 2151 865 2189 quae
896 2138 967 2178 hoc
986 2139 1149 2179 disticho
1167 2153 1274 2179 com-

145 2194 289 2231 prencn
321 2192 435 2222 untur
451 2210 463 2224 .

260 2289 370 2327 Clari
387 2321 397 2339 ‚
426 2291 583 2331 subtiles
600 2324 612 2342 ‚
641 2297 769 2348 agiles
785 2327 795 2344 ,
826 2299 1165 2353 impassibilesque
1181 2333 1192 2352 ‚

260 2341 412 2381 Omnes
440 2346 684 2397 quadruplici
712 2351 908 2400 pollebunt
935 2353 1024 2394 dote
1053 2353 1194 2396 Beati.

150 2447 321 2489 Breviter
349 2452 541 2503 agendum
571 2453 617 2492 de
646 2456 804 2507 siugulis
822 2484 834 2497 .

545 2560 848 2614 Impassibilitas
868 2591 881 2605 .

210 2661 299 2708 148.
330 2665 437 2705 Hanc
466 2667 618 2719 gloriosi
649 2673 818 2724 corporis
845 2672 971 2713 dotem
1008 2685 1195 2716 memorat
1226 2678 1279 2715 A·

152 2717 315 2766 postolus
348 2733 383 2757 1.
401 2721 488 2758 Cor.
505 2721 596 2760 XV.
613 2723 679 2768 42.
709 2727 865 2763 dicens:
899 2728 1132 2768 Seminatur
1163 2734 1277 2782 (cor-

152 2768 250 2818 pus)
273 2775 313 2808 in
328 2779 578 2827 corruptione
594 2806 606 2824 ,
628 2787 759 2829 surget
781 2784 822 2816 in
842 2784 1160 2832 incorruptione;
1189 2785 1276 2836 qui-

152 2820 224 2879 bu}
253 2826 377 2863 verbis
405 2842 478 2866 nou
509 2828 620 2868 illam
649 2832 768 2870 solam
794 2835 1198 2888 incorruptibilitatem
1227 2840 1276 2876 si-

156 2873 336 2935 gnificare
362 2880 510 2930 voluit,
553 2897 641 2936 quae
672 2885 838 2925 excludit
868 2891 1152 2941 corruptionem
1190 2905 1276 2944 pro-

154 2938 239 2977 prle
267 2929 433 2979 dictam5
476 2934 562 2976 haec
591 2939 695 2977 enim
726 2941 839 2979 etiam
869 2944 1098 2995 corporibus
1120 2946 1277 2984 damna-

155 2986 282 3039 torum
311 2985 358 3020 ad
386 2995 569 3028 aeternum
599 2995 821 3032 eorumdem
863 2995 1099 3048 supplicium
1140 3012 1277 3037 conve-

156 3040 241 3082 mt‚
283 3034 348 3072 sed
376 3039 540 3081 excludit
569 3045 680 3084 etiam
711 3061 998 3101 quamcumque
1033 3053 1246 3104 passionem
1264 3082 1274 3102 2

213 3189 264 3224 (a)
292 3186 575 3239 ..S-..Hieronymus
602 3197 636 3229 in
661 3200 904 3243 epist-XLVI.
931 3205 1071 3239 nomIne
1088 3208 1227 3250 Paulae,
1253 3213 1285 3243 ὃς

163 3231 346 3265 Eustochn
373 3234 413 3268 ad
440 3238 644 3275 Marcellam
669 3248 797 3290 scripta
816 3263 850 3282 n.
867 3263 898 3294 7.
924 3254 1107 3286 ridiculam
1131 3257 1285 3300 appellat

164 3289 285 3311 eorum
305 3289 514 3315 sententiam
528 3305 538 3323 ,
563 3288 621 3329 qni
643 3290 824 3328 Civitatem
844 3297 1007 3331 Sanctam
1034 3300 1284 3336 intellexerunt

167 3324 351 3379 Caelestem
371 3327 561 3363 Jerusalem
577 3353 587 3371 ‚
612 3346 701 3376 quum
718 3357 727 3373 ‚
754 3339 889 3383 iuquit,
915 3358 1044 3387 signam
1063 3349 1189 3382 nullum
1206 3362 1285 3383 esse

170 3379 319 3414 potuerit
343 3376 430 3417 apud
456 3376 607 3409 hotiiines
634 3379 773 3414 Donu'ni
801 3399 915 3420 resin-0

167 3416 196 3450 S
403 3425 408 3429 η
517 3425 524 3435 ⁷
592 3428 596 3431 -
895 3396 1034 3431 0entis,
1072 3397 1103 3426 si
1142 3408 1287 3438 corpora

200 3425 372 3454 anctorum
396 3433 432 3457 ιη
458 3432 595 3460 coecestc
624 3424 814 3464 Jerusalem
841 3437 911 3469 visci
939 3445 1038 3472 sunt.
1064 3440 1233 3481 Quamvis
1259 3444 1289 3476 i-

788 196 869 240 DE
902 198 1039 242 Ac'r.
1072 199 1228 243 HUM.
1259 198 1525 242 DJSSERT.
1549 199 1628 242 IV.
1662 201 1789 244 CAP.
1807 204 1862 246 V.

1346 292 1434 330 quae
1466 280 1579 330 possit
1607 277 1775 316 dolorem
1794 310 1805 328 ‚
1833 289 1896 318 aut
1924 281 2139 321 molestiam
2167 284 2316 336 corpori
2337 284 2465 324 Beato-

1346 345 1432 368 rum
1462 331 1626 379 afferre,
1656 331 1689 368 δε
1718 332 1763 369 de
1792 347 1870 384 qua
1898 333 2065 387 loquitur
2095 337 2136 374 S.
2165 337 2323 376 Joaunes
2342 339 2462 390 Apoc-

1345 383 1455 422 XXl.
1477 384 1516 430 4.
1546 386 1745 436 inquiens:
1774 385 1978 438 Abs-terget
1998 389 2106 427 Deus
2134 404 2298 429 ornnem
2327 392 2463 442 lacry-

1346 450 1461 475 mam
1490 437 1542 476 ab
1570 439 1692 475 oculis
1721 451 1857 476 eorum
1874 467 1885 487 ,
1914 447 1964 479 <9⁶
1992 454 2099 479 mors
2127 444 2232 483 ultra
2260 458 2341 482 non
2369 434 2466 482 erit,

1344 504 1470 542 neque
1499 493 1646 539 luctus,
1689 504 1814 543 neque
1850 492 2030 544 clamor,
2072 507 2197 546 neque
2241 498 2350 536 dolor
2389 502 2463 536 erit

1342 545 1448 582 ultra
1466 571 1476 582 .

1402 598 1489 649 149.
1521 597 1708 636 Eamdem
1739 611 1827 637 vero
1854 598 2006 650 gloriosi
2035 602 2201 652 corporis
2229 604 2352 642 dotem
2371 635 2382 652 ‚
2411 607 2462 642 si-

1341 653 1418 689 cuti
1449 653 1481 687 ά
1512 651 1700 703 reliquas,
1732 653 1866 703 repetit
1895 652 1935 691 S.
1957 651 2126 691 Thomas
2140 654 2230 693 Lib.
2250 658 2317 695 IV.
2350 657 2465 697 Cont-

1345 704 1465 742 Gent.
1494 719 1578 756 cap.
1595 705 1661 743 86,
1692 718 1736 742 ex
1765 704 1887 757 gloria
1915 707 2057 744 animae
2087 705 2244 745 elevatae
2275 711 2321 748 ad
2349 713 2466 750 visio-

1341 772 1430 796 nem
1461 757 1707 804 beatificam3
1738 758 1899 806 „Sicuti
1930 759 2033 796 enim
2064 761 2195 798 anima
2223 756 2305 799 Deo
2332 765 2463 802 fruens

1343 841 1369 860 „
1400 811 1555 850 habebit
1575 812 1805 850 desiderium
1826 811 2317 865 adimpletum„quantum
2347 817 2393 854 ad
2421 830 2462 854 o-

1344 895 1369 914 „
1401 867 1500 904 mnis
1542 865 1632 903 boni
1671 866 1912 916 adeptionem
1931 895 1941 913 ,
1986 867 2037 904 ita
2065 868 2180 905 etiam
2209 866 2290 918 ejus
2319 869 2465 908 deside-

1343 948 1370 967 „
1402 920 1502 956 rium
1532 918 1736 970 impletum
1767 919 1864 966 erit,
1907 928 2094 970 quantum
2133 920 2180 957 ad
2216 922 2467 960 remotionem

1343 1001 1370 1021 „
1399 973 1521 1010 omnis
1538 972 1654 1018 mali3
1683 973 1773 1024 quia
1804 985 1893 1009 cum
1923 986 2075 1012 summo
2102 971 2201 1011 bono
2230 973 2357 1012 locum
2390 988 2468 1014 non

1344 1054 1369 1073 „
1401 1024 1513 1063 habet
1542 1026 1692 1079 aliquid
1721 1025 1868 1063 malum
1886 1050 1897 1063 .
1920 1026 1989 1063 'Et
2018 1040 2153 1077 corpus
2190 1028 2304 1079 igitur
2336 1029 2468 1079 perse-

1345 1107 1370 1127 „
1401 1088 1501 1116 ctum
1535 1094 1600 1130 per
1631 1080 1801 1119 animam
1844 1079 2175 1130 proportionaliter
2217 1082 2358 1119 animae
2395 1082 2469 1118 im-

1344 1161 1370 1180 „
1402 1145 1515 1170 mune
1545 1134 1615 1170 erit
1645 1132 1695 1171 ab
1723 1132 1828 1170 omni
1859 1133 1987 1180 malo,
2018 1132 2255 1186 &quantum
2272 1134 2318 1171 ad
2339 1143 2468 1173 actum

1344 1214 1370 1233 ,‚
1401 1185 1434 1221 ἃ
1463 1194 1648 1238 quantum
1681 1186 1726 1223 ad
1758 1186 1961 1236 potentiam
1980 1211 1989 1223 .
2033 1186 2230 1233 Quantum
2262 1188 2308 1225 ad
2338 1197 2467 1226 actum

1342 1265 1368 1286 ‚‚
1399 1241 1554 1289 quidem
1574 1270 1584 1287 ,
1626 1241 1721 1291 quia
1751 1238 1856 1276 nulla
1895 1240 1933 1276 iu
1963 1240 2014 1276 eis
2046 1242 2060 1289 (
2091 1240 2317 1290 corporibus
2346 1241 2361 1289 )
2394 1242 2464 1279 erit

1343 1321 1369 1340 ,‚
1399 1294 1618 1344 corruptio,
1663 1291 1772 1329 nulla
1808 1291 2058 1340 deformitas,
2101 1292 2233 1330 nullus
2271 1293 2471 1334 defectus.

1341 1373 1367 1392 „
1399 1345 1595 1391 Quantum
1627 1346 1673 1382 ad
1703 1346 1909 1396 potentiam
1940 1358 2056 1391 ver0,
2085 1346 2177 1395 quia
2196 1358 2272 1384 nou
2292 1356 2471 1398 poterunt

1340 1425 1366 1445 „
1396 1397 1545 1450 aliquid
1573 1399 1680 1450 pati,
1711 1397 1812 1449 quod
1843 1397 1896 1433 eis
1925 1398 1969 1434 sit
2000 1395 2228 1444 molestum3
2257 1398 2291 1434 ἃ
2312 1408 2469 1451 propter

1341 1479 1367 1498 „
1398 1449 1468 1488 hoc
1498 1450 1753 1503 impassibilia
1783 1458 1892 1487 erunt
1914 1450 1958 1487 ³³.

1401 1505 1488 1542 150.
1520 1504 1654 1557 Neque
1683 1503 1809 1551 obest,
1839 1503 1939 1554 quod
1961 1504 2172 1555 incorpore
2187 1506 2468 1556 resurgentium

1340 1557 1386 1594 sit
1415 1558 1596 1609 sanguis,
1626 1557 1659 1594 8<
1690 1557 1758 1595 alii
1790 1556 1988 1605 humores,
2019 1567 2059 1595 ut
2087 1571 2203 1609 supra
2232 1572 2271 1596 n.
2294 1559 2380 1597 125.
2410 1559 2470 1597 di-

1341 1620 1447 1649 ctum
1477 1620 1555 1656 est3
1597 1625 1642 1649 ex
1671 1624 1835 1662 quorum
1866 1610 2078 1658 mixtione,
2109 1610 2142 1645 8t
2171 1625 2301 1662 pugna
2330 1612 2466 1651 altera-

1342 1665 1488 1711 tiones,
1531 1672 1645 1716 atque
1684 1663 1927 1714 aegritudines
1969 1663 2009 1701 in
2039 1676 2196 1714 corpore
2230 1666 2471 1716 procedunt.

1341 1717 1428 1755 Non
1459 1718 1615 1769 inquam
1646 1716 1685 1753 id
1713 1716 1846 1764 obest,
1876 1716 1995 1767 quia,
2041 1725 2080 1754 ut
2112 1717 2238 1768 inquit
2265 1717 2306 1756 S.
2337 1720 2469 1770 Augu-

1341 1771 1458 1807 stinus
1479 1771 1586 1821 epist.
1601 1768 1715 1808 CCV.
1745 1770 1794 1807 ad
1808 1769 2085 1818 Consentium,
2115 1768 2264 1808 Divina
2291 1775 2471 1821 pot-entia.

1339 1823 1444 1861 valet
1464 1822 1511 1862 de
1530 1827 1610 1861 ista.
1631 1822 1763 1861 visibili
1779 1853 1789 1872 ,
1819 1831 1940 1874 atque
1957 1822 2157 1860 tractabili
2177 1832 2328 1861 natura
2345 1854 2357 1873 ,
2386 1828 2469 1875 qui·-

1339 1875 1506 1915 busdam
1527 1875 1781 1915 manentibus
1797 1906 1808 1925 ,
1830 1875 2014 1927 auferre,
2035 1889 2136 1927 quas
2151 1877 2309 1915 voluerit
2327 1907 2337 1925 ,
2367 1891 2466 1929 qua-

1338 1931 1498 1969 litates.
1542 1931 1607 1970 Sic
1637 1930 1685 1968 ab
1716 1931 1800 1982 igne
1831 1931 1996 1969 fornacis
2022 1929 2276 1969 Caldaeorum-
2310 1930 2469 1970 abstulit

1339 1983 1444 2021 Deus
1473 1985 1653 2023 virtutem
1683 1984 2108 2035 comburendicorpora
2124 1997 2360 2036 puerorum,
2391 1997 2466 2023 non

1339 2046 1467 2074 autem
1498 2039 1674 2076 virtutem
1695 2037 1948 2076 comburendi
1977 2036 2109 2087 ligna.
2151 2037 2386 2088 Exemplum
2417 2046 2470 2077 est

1340 2089 1381 2128 S.
1405 2089 1566 2128 Thomae
1597 2093 1636 2129 in
1667 2091 1869 2140 Supplem.
1900 2104 1968 2143 qu.
1986 2090 2052 2128 82.
2081 2098 2153 2129 art.
2181 2103 2214 2129 1.
2243 2091 2291 2128 ad
2323 2092 2359 2129 5.

1401 2144 1489 2182 151.
1519 2145 1592 2182 Ista
1620 2153 1745 2182 tamen
1777 2141 2066 2196 impassibilitas
2107 2157 2183 2181 non
2220 2143 2397 2182 excludet
2424 2157 2466 2181 o-

1342 2211 1469 2235 mnem
1513 2210 1663 2235 sensum
1704 2211 1727 2233 a
1755 2196 1978 2248 corporibus
2007 2196 2236 2242 Beatorum3
2279 2196 2372 2235 alias
2409 2211 2471 2236 eo-

1343 2264 1430 2289 rum
1462 2251 1536 2288 vita
1566 2248 1774 2302 corporalis
1802 2248 1940 2287 similis
1969 2259 2060 2286 esset
2081 2262 2235 2288 somn0.
2265 2250 2375 2289 Unde
2392 2251 2470 2290 An-

1343 2304 1485 2356 gelicus
1516 2305 1553 2342 in
1585 2303 1668 2341 loco
1698 2316 1784 2341 mox
1813 2303 1918 2341 laud.
1965 2302 2115 2340 Contra
2147 2302 2264 2341 Gent-
2296 2305 2346 2342 ita
2379 2318 2467 2354 pro-

1343 2359 1538 2410 sequitur:
1572 2356 1674 2407 Quae
1701 2365 1844 2394 tamen
1873 2355 2172 2407 impassibilitas
2193 2370 2274 2395 non
2294 2357 2474 2397 excludit:

1345 2410 1395 2449 ab
1426 2415 1481 2449 eis
1509 2415 1768 2462 passionem,
1812 2424 1903 2461 quoe
1940 2419 1998 2448 est
2038 2410 2086 2448 cle
2114 2415 2272 2450 ratione
2300 2424 2470 2449 sensus:

1344 2475 1504 2503 utentur
1533 2468 1640 2504 enirn
1669 2462 1845 2502 sensibus
1874 2463 1929 2502 acl
1958 2463 2295 2513 delectationem,
2324 2477 2469 2503 secun-2

1346 2518 1438 2555 dum
1457 2519 1540 2567 illa,
1556 2531 1646 2569 quae
1665 2521 1786 2555 statui
1802 2521 2104 2567 incorruptionis
2124 2532 2205 2555 non
2219 2527 2470 2569 repugnant.

1345 2572 1406 2610 Ad
1435 2573 1471 2609 id
1503 2581 1628 2610 autem
1658 2571 1776 2622 probe
1807 2569 2101 2622 intelligendum
2122 2571 2281 2609 notanda
2301 2580 2353 2609 est
2368 2570 2471 2622 ejus-2

1344 2625 1432 2663 dem
1462 2626 1503 2664 S.
1519 2625 1683 2663 Thomae
1712 2625 1888 2663 doctrina.
1913 2626 1954 2663 in
1970 2623 2169 2675 Supplem.
2199 2639 2237 2676 q.
2255 2624 2320 2662 82.
2342 2633 2413 2662 art.
2431 2625 2470 2665 5.

1347 2679 1413 2717 ubi
1444 2678 1696 2727 „Sciendum
1725 2687 1805 2726 est,
1834 2681 1979 2729 inquit,
2008 2678 2110 2729 quod
2139 2691 2281 2729 organa
2302 2679 2467 2716 sentiem-

1347 2763 1373 2782 „
1402 2732 1441 2770 di
1471 2734 1725 2771 immutantur
1754 2747 1776 2770 a
1805 2732 1944 2780 rebus,
1987 2744 2076 2783 quae
2111 2740 2197 2770 sunt
2240 2741 2345 2769 extra
2383 2732 2469 2769 ani-

1347 2817 1374 2836 „
1403 2800 1536 2835 mam,
1566 2786 1798 2839 dupliciter.
1828 2784 1914 2823 Uno
1944 2784 2056 2822 modo
2076 2785 2340 2823 immutatione
2359 2795 2472 2823 natu-

1346 2870 1373 2890 „
1403 2839 1499 2888 mli,
1528 2841 1683 2892 quando
1709 2838 1853 2877 scilicet
1881 2851 2065 2890 organum
2094 2838 2306 2891 disponitur
2336 2840 2472 2877 eadem

1347 2924 1374 2943 „
1403 2893 1586 2946 qualitate
1614 2893 1811 2940 naturali,
1850 2906 1927 2944 qua
1969 2892 2180 2944 disponitur
2209 2906 2267 2931 res
2296 2901 2401 2930 extra.
2428 2907 2470 2929 a-

1347 2977 1372 2997 „
1401 2949 1549 2985 nimam
1570 2977 1580 2995 ,
1609 2960 1697 2999 quae
1727 2946 1804 2997 agit
1832 2946 1872 2983 in
1902 2947 2049 2997 ipsam:
2094 2947 2190 2983 sicut
2218 2960 2308 2984 cum
2338 2957 2471 2983 manus

1347 3031 1373 3051 „
1404 2999 1446 3038 fit
1476 2999 1602 3038 calida
1632 3013 1676 3037 ex
1706 3007 1805 3036 tactu
1836 2999 1891 3036 rei
1921 2998 2086 3048 calidae,
2117 2998 2177 3038 vel
2207 2999 2396 3038 odorifera
2424 3010 2470 3035 ex

1346 3084 1374 3104 „
1404 3062 1503 3092 tactu
1532 3055 1588 3092 rei
1616 3053 1818 3092 odoriferae
1835 3079 1847 3092 .
1877 3051 1966 3094 Alio
1979 3053 2093 3092 modo
2108 3050 2470 3111 immutatione-spi-

2311 3129 2338 3150 „
2358 3117 2411 3142 ri·

1352 3219 1411 3253 pse
1437 3216 1554 3254 postea
1581 3208 1616 3241 in
1641 3208 1741 3253 epist.
1763 3208 1839 3241 LX.
1866 3206 1909 3240 ad
1935 3206 2160 3242 Heliodorum
2185 3214 2281 3236 num.
2298 3203 2329 3235 3.
2349 3202 2468 3245 dicat,

1352 3259 1456 3290 multa
1481 3257 1720 3289 dormientium
1744 3267 1887 3298 corpora
1913 3258 2131 3289 surrexisse,
2168 3255 2209 3282 U*
2236 3254 2307 3282 visa
2332 3263 2409 3283 esse
2435 3253 2472 3283 in

1352 3306 1490 3337 coelesti
1515 3302 1728 3336 Jerusalem.
1765 3302 1924 3334 Fortasse
1952 3299 1985 3331 id
2012 3296 2158 3339 intelligi
2186 3297 2293 3329 voluit
2320 3294 2360 3328 (le
2388 3296 2473 3340 ipsis

1354 3350 1556 3395 corporibus
1572 3370 1584 3388 ,
1609 3361 1689 3392 quae
1705 3346 1748 3380 ad
1767 3348 1897 3381 coelum
1909 3351 2086 3387 assumpta
2098 3344 2238 3377 {uerunt
2251 3364 2262 3384 ³
2285 3351 2472 3390 postquam

1357 3396 1393 3431 in
1420 3406 1512 3433 terra
1536 3394 1660 3429 multis
1687 3398 1939 3439 apparuerant.
