2562 3694
775 88 856 134 DE
891 88 1207 134 PRINCIPIIS
1241 84 1693 131 MORALITATIS.
2287 97 2337 147 4.

86 171 232 227 fulget,
262 170 325 212 sed
354 176 497 210 tantum
525 166 697 221 scrupuli
727 167 878 222 aliqui,
926 169 986 208 vel
1017 168 1133 207 dubia
1163 183 1203 206 a-

86 235 148 266 ctu
178 227 448 266 suboriuntur.
480 222 575 261 Haec
604 225 706 261 enim
728 224 965 262 advertentia
995 232 1045 262 est
1075 232 1201 262 actua-

88 279 162 330 lis,
191 281 281 322 licet
306 291 383 319 non
411 276 555 330 plena,
584 289 655 315 nec
684 275 811 316 clara.

478 406 783 450 PROPOSITIO
800 439 810 453 .

85 539 139 581 Ut
165 550 281 582 actus
309 546 359 583 sit
387 541 613 596 culpabilis,
642 554 722 582 non
744 546 953 596 requiritur
981 554 1139 594 semper
1158 554 1204 581 a-

134 597 282 636 ctualis
310 596 563 637 advertencm
581 628 591 646 ,
639 611 707 635 ceu
737 602 926 651 cogitatio
962 598 1131 635 malitiae
1159 610 1203 634 ‹z-

134 653 304 701 ctiont's,
349 650 421 690 sed
448 652 591 700 sufficit
622 654 798 690 virtualis
817 683 826 700 ,
874 649 1035 703 quando
1064 661 1206 702 nempe

135 703 253 744 homo
281 703 488 745 advertere
516 701 678 745 debebat
695 734 705 754 ‚
734 707 784 746 <J
812 714 990 756 poterat.

93 839 99 842 -
136 787 356 857 52.Prob.
385 814 514 864 primo
543 825 587 850 ex
608 810 696 850 Sac.
717 811 897 850 Litteris.
929 807 1069 848 Paulus
1099 817 1200 848 certe

77 864 127 904 de
157 880 314 905 suorum
342 876 497 905 actuum
528 866 713 917 pravitate
733 877 808 903 non
838 864 1052 916 cogitabat,
1081 876 1203 915 quan-

78 920 128 957 do
156 919 402 973 blasphemus
431 920 531 964 suit,
559 917 885 965 contumeliosus,
924 917 958 953 δὲ
988 916 1203 955 Ecclesiam

79 970 155 1010 Dei
187 973 512 1027 persequebatur3
558 972 605 1008 de
633 985 671 1009 se
699 971 801 1008 enim
841 971 920 1022 ipse
961 969 1054 1008 dicit
1090 980 1123 1007 1.
1154 969 1202 1007 ad

81 1023 254 1066 Timoth.
271 1027 301 1065 I.
337 1026 397 1065 13.
424 1024 713 1077 ignoranssecc·
733 1027 774 1061 in
794 1022 1094 1061 incredulitate.
1126 1019 1202 1060 Iin-

80 1091 170 1128 m0,
202 1089 241 1119 ut
270 1080 350 1131 ipse
377 1085 533 1116 testatur
563 1076 693 1115 Actor.
723 1075 874 1115 XXVI.
903 1089 942 1129 9.
960 1107 970 1125 ‚
1009 1077 1202 1115 existima-

81 1142 187 1171 verat
204 1162 215 1182 ,
261 1145 306 1170 se
332 1129 521 1170 adversus
549 1142 698 1169 nomen
725 1129 819 1168 Jesu
847 1128 1059 1169 Nazizreni
1089 1126 1202 1168 debe-

78 1195 125 1224 re
152 1185 282 1224 multa
311 1187 520 1223 contraria
549 1195 702 1237 agere.
748 1183 846 1232 Quis
882 1193 1009 1222 autem
1040 1183 1169 1223 credat
1190 1210 1203 1231 ,

77 1250 166 1276 eum
197 1248 393 1292 propterea
422 1239 537 1277 fuisse
565 1239 616 1277 ab
644 1238 748 1276 omni
779 1247 934 1290 peccato
962 1234 1204 1277 immunem?

76 1289 203 1331 Judaei
224 1293 316 1331 item
336 1292 600 1344 crucifigentes
618 1290 813 1330 Christum
833 1291 964 1330 Jesum
994 1293 1206 1329 immanem

28 1370 30 1372 v
77 1343 194 1396 liujus
224 1343 392 1384 Deicidii
439 1345 632 1384 malitiam
674 1358 750 1383 nou
789 1343 1056 1392 advertebant,
1108 1344 1206 1381 unde

79 1397 252 1437 Christus
280 1400 360 1450 ipse
390 1396 486 1437 Luc.
507 1395 656 1437 XXIII.
687 1396 754 1443 34.
783 1397 963 1436 dicebat:
993 1396 1116 1435 Pater
1147 1395 1204 1433 (li-

81 1456 196 1490 mitte
224 1452 332 1496 illis;
361 1463 443 1490 non
471 1456 581 1490 enim
609 1455 739 1490 sciunt
756 1478 767 1499 ‚
798 1450 890 1502 quid
907 1451 1076 1503 jaciunt
1095 1477 1105 1488 .
1153 1446 1202 1488 Et

79 1501 122 1544 S.
145 1505 272 1544 Petrus
301 1517 361 1543 eos
381 1518 427 1543 ex
457 1506 665 1556 Ignorantia
694 1518 868 1556 peccasse
897 1505 1010 1543 tradit
1028 1505 1112 1541 Act.
1135 1503 1202 1542 111.

86 1571 149 1610 ¹7·
179 1557 235 1596 Et
263 1568 397 1606 nunc,
414 1556 607 1610 fratres,
650 1563 732 1596 scio
751 1586 762 1604 ‚
790 1561 885 1607 quia
912 1568 983 1608 per
1011 1561 1204 1609 ignoran-

81 1615 184 1650 tiam
199 1610 391 1664 fecistis,
419 1615 519 1648 sicut
547 1611 598 1653 <9¹
624 1614 820 1660 principes
848 1614 965 1647 vestri
986 1635 997 1647 .
1056 1609 1112 1647 Ac
1141 1610 1206 1646 de-

80 1678 190 1706 mum
219 1664 382 1704 celebris
411 1672 464 1702 est
499 1663 701 1717 prophetia
729 1662 872 1702 Christi
903 1663 1063 1701 Domini
1091 1662 1205 1700 Joan.

84 1719 196 1760 XVI.
228 1731 266 1758 2.
298 1714 416 1756 Venit
445 1714 572 1766 hora,
619 1727 661 1755 ut
701 1721 834 1754 omnis
856 1747 866 1765 ,
913 1720 979 1767 qui
1018 1713 1208 1764 interficit

81 1785 174 1821 vos,
202 1770 415 1810 arbitretur
444 1783 486 1809 se
506 1771 733 1823 obsequium
760 1778 960 1820 praestare
980 1768 1068 1807 Deo
1080 1779 1107 1813 ‚f
1125 1778 1208 1806 tan-

80 1835 164 1866 tum
194 1825 324 1874 abest,
356 1832 396 1863 ut
424 1823 530 1864 hiad
559 1838 714 1863 snorum
746 1833 987 1875 peccatorum
1019 1823 1208 1860 malitiam

84 1881 315 1920 adverterint
343 1880 542 1917 animum.
579 1879 722 1919 Omnes
750 1886 878 1929 autem
906 1878 993 1915 istos
1022 1891 1042 1914 a
1075 1889 1210 1929 pecca-

83 1943 121 1974 to
148 1945 358 1981 excusare,
388 1932 474 1984 quis
503 1932 666 1981 audeat,
708 1932 801 1984 qnia
830 1929 878 1970 ad
905 1944 1062 1970 suarum
1092 1929 1208 1968 actio-

82 1999 179 2029 num
209 1985 398 2026 malitiam
429 2000 505 2025 non
534 1983 810 2025 advertebant?

96 2067 102 2072 -
140 2041 206 2082 33.
235 2039 350 2079 Proh.
378 2038 553 2078 secundo
583 2053 628 2078 ex
647 2037 822 2078 Concilio
850 2035 1136 2090 DiospolitanO,
1166 2036 1208 2073 in

85 2105 190 2147 qno,
235 2094 421 2132 referente
467 2093 509 2132 S.
539 2094 753 2146 Augustino
797 2091 862 2130 De
901 2095 1024 2144 gestis
1053 2089 1208 2140 Pelagii

85 2147 183 2199 cap.
208 2145 296 2194 18.,
326 2147 538 2198 proscripta
566 2147 639 2184 suit
668 2144 750 2183 haec
779 2144 952 2196 Pelagii,
981 2144 1016 2181 &
1035 2141 1207 2180 Coelestii

86 2200 317 2254 propositio:
349 2198 526 2247 Oblivio,
554 2199 860 2250 &ignorantia
889 2210 970 2235 non
998 2195 1208 2248 subjacent

85 2261 250 2306 peccato
270 2282 282 2301 ‚
311 2255 502 2302 quoniam
522 2264 603 2289 non
623 2254 807 2289 eveniunt
826 2249 1045 2288 secundum
1075 2249 1205 2286 volun·

86 2316 214 2346 tatem
231 2336 243 2355 ,
271 2304 342 2343 sed
368 2305 589 2343 secundum
618 2308 897 2343 necessitatem
917 2333 928 2351 ,
957 2317 1046 2342 cum
1078 2302 1206 2341 David

88 2361 218 2410 dicat,
246 2357 377 2398 subdit
405 2358 450 2398 S.
477 2358 644 2397 Doctor:
673 2356 836 2396 Delicta.
858 2358 1074 2410 juventutis
1103 2368 1208 2394 mete

83 2536 252 2572 actualem
275 2535 324 2570 orl
346 2536 515 2573 malitiam
529 2557 540 2577 ,
578 2537 630 2571 vel
653 2537 840 2581 permanan
863 2536 1002 2568 militia
1016 2555 1026 2574 ,
1062 2545 1104 2568 oc
1127 2546 1208 2579 pro-

84 2585 168 2617 inde
190 2587 395 2619 existimant
420 2587 583 2617 neminem
606 2597 708 2627 posse
733 2593 876 2627 peccare
893 2603 905 2621 ‚
927 2582 1061 2625 agendo
1088 2590 1207 2614 contra

85 2631 222 2674 legem,
244 2635 324 2676 quin
350 2639 537 2676 cognoscat
563 2642 600 2664 se
623 2643 765 2675 peccare
781 2652 789 2662 .
817 2626 898 2662 Vid.
927 2628 962 2660 P.
989 2628 1144 2661 Concina
1165 2628 1205 2660 L.

86 2675 133 2709 ll·
158 2675 200 2709 de
221 2677 347 2711 Consc-
368 2679 516 2711 Dissert.
537 2678 579 2710 II.
599 2689 629 2711 c.
648 2677 681 2720 4.
709 2679 741 2720 ᾗ.
765 2688 792 2710 1.
810 2697 820 2714 ,
846 2677 878 2707 &
905 2674 939 2708 in
957 2673 1055 2708 Hisc.
1083 2673 1210 2709 Proba-

87 2720 244 2763 bilustro,
269 2727 312 2756 (ν’
337 2723 526 2769 Rigorismi
551 2723 702 2757 Dissert.
723 2725 749 2757 1.
777 2733 854 2766 cap.
878 2719 908 2754 5.
936 2723 967 2763 ἦ.
989 2731 1020 2753 2.
1036 2742 1048 2763 ,
1082 2721 1208 2755 Patuz-

90 2769 122 2801 zi
150 2768 257 2804 Della
281 2769 413 2816 Regula
435 2773 607 2815 prosstma
634 2771 736 2804 Toni.
756 2772 780 2803 I.
810 2769 843 2801 I'.
866 2768 904 2800 II.
934 2778 1009 2812 cap.
1033 2768 1089 2808 5.‚
1118 2771 1149 2800 δι
1173 2769 1211 2800 in

91 2811 225 2849 Ethica
249 2815 384 2850 Christ.
411 2817 533 2851 Tract.
555 2828 587 2849 2.
613 2828 690 2862 cap.
714 2827 749 2860 o.
769 2839 780 2857 ‚
818 2813 1057 2847 I’Hertniniet·
1088 2815 1132 2846 cle
1157 2814 1210 2846 A·

90 2863 204 2895 ctibtis
231 2862 385 2897 hainonis
401 2885 413 2904 ‚
450 2866 483 2895 δε
508 2861 686 2899 Arnalilns
712 2863 773 2897 IV.
798 2861 954 2895 Denonc.
980 2864 1025 2893 cle
1058 2862 1082 2894 l’
1099 2859 1215 2893 He'rd‘

93 2910 149 2941 sie
173 2909 218 2942 du
243 2909 353 2952 poche'
373 2910 633 2954 philosophique
659 2917 723 2943 art.
745 2909 779 2952 4.

139 2959 187 2994 (a)
218 2955 300 2989 Haec
323 2959 515 3000 propositio
530 2956 633 2999 falsa
657 2965 736 2997 est,
761 2955 924 3000 inquiunt
953 2951 1120 2997 'I'heologi
1149 2951 1215 2984 Pa-

91 2999 283 3042 sisienses,
309 3006 457 3045 viamque
481 3006 618 3045 aperie,
657 3003 704 3037 od
730 3002 944 3034 exczisandus
972 3003 1213 3034 excusationes

93 3048 132 3086 in
152 3053 309 3092 peccatis
329 3071 338 3081 .
381 3047 549 3092 'I'heologi
586 3056 705 3081 autem
735 3047 967 3081 Lovanienses
1004 3057 1085 3079 ann.
1110 3045 1212 3087 1657.

98 3089 154 3124 die
177 3094 210 3136 4.
236 3095 322 3140 Maji
349 3094 440 3128 hanc
466 3094 692 3127 assertionem
721 3105 754 3125 n.
777 3093 832 3125 25.
859 3091 904 3124 Ut
931 3096 1024 3125 actio
1057 3104 1214 3136 qiiaepiam

95 3138 426 3181 sit'peccaminosa,
462 3148 622 3184 oportet,
647 3149 679 3173 ut
705 3140 870 3183 procedat
894 3139 934 3171 ab
960 3139 1093 3171 homine
1109 3159 1120 3177 ‚
1158 3141 1213 3182 qni

101 3187 242 3225 noscit,
263 3193 304 3222 (9·
326 3191 508 3233 percipit,
533 3187 618 3232 qnid
640 3187 743 3226 boni5
785 3187 904 3218 malive
931 3187 966 3217 in
993 3196 1033 3216 ea
1059 3187 1129 3217 sit:
1171 3187 1214 3216 (9¹

99 3236 272 3272 ⁶7²th
295 3236 336 3268 id
359 3236 497 3275 videat,
534 3237 575 3267 (θ’
601 3237 746 3266 animum
770 3231 930 3273 reflectat
945 3251 955 3270 ‚
993 3233 1083 3263 accio
1109 3240 1216 3273 neque

99 3275 186 3312 bona
210 3285 290 3317 est,
314 3292 414 3324 neque
438 3282 552 3320 inula,
578 3279 639 3313 tali
659 3289 804 3312 censura
824 3282 1013 3311 notarunt:
1040 3274 1135 3315 Est,
1160 3276 1215 3308 in-

101 3322 254 3367 qsslstflts
280 3333 397 3359 contro
419 3329 603 3360 communia
628 3325 826 3370 Religionis
852 3324 1055 3358 Christiana
1079 3325 1217 3367 princi-¹

209 3367 447 3425 Gozaaniga
474 3371 610 3413 Theoi.
637 3371 752 3412 Tom.
772 3369 864 3410 vit.

1270 180 1322 206 ne
1351 169 1614 216 memineris,
1644 168 1693 208 Θ·
1723 169 1967 220 ignorantiae
1996 181 2132 215 meoe;
2159 170 2210 212 ΕΘ·
2238 185 2331 211 cum
2351 179 2396 212 in

1268 221 1304 259 le
1332 233 1354 258 e
1382 219 1592 273 sacrificia
1619 233 1689 270 pro
1712 225 1944 273 ignorantia
1966 252 1976 271 ‚
2005 229 2104 262 sicut
2130 237 2200 275 pro
2227 238 2395 278 peccato

1267 233 1519 324 offerantur.
1550 274 1625 311 Hic
1653 275 1768 311 etiam
1800 276 1890 312 facit
1910 277 2102 314 damnatio
2133 282 2275 330 peccati
2306 281 2393 335 phi-

1272 325 1461 381 losophici
1491 325 1541 365 ab
1570 326 1790 366 Alexandro
1820 327 1924 365 VIII.
1975 357 2001 376 „
2030 329 2229 372 Peccatum
2269 334 2393 386 philo·

1274 410 1301 430 „
1331 380 1560 433 sophicutn‚
1607 381 1856 434 quantumvis
1898 394 1997 429 ,rave
2027 385 2066 420 in
2096 384 2190 433 illo,
2236 390 2304 439 qui
2334 388 2395 427 vel

1275 464 1303 485 „
1332 432 1460 473 Deum
1490 435 1662 486 ignorat,
1711 431 1773 473 vel
1802 434 1849 472 de
1878 395 1962 472 sseo
2003 445 2088 473 actu
2118 450 2193 475 non
2222 444 2393 493 cogitat,

1273 514 1301 536 „
1331 497 1384 526 est
1411 501 1527 539 grave
1558 496 1755 540 peccatum
1778 516 1789 536 ,
1838 487 1901 526 sed
1931 500 2006 526 non
2036 497 2087 527 est
2115 488 2255 530 offensa
2284 495 2397 545 Dei,

1274 567 1300 590 „
1330 554 1453 593 neque
1482 550 1625 580 aeterna
1654 555 1771 594 poena
1797 540 2027 593 dignum“.
2058 542 2270 595 Utrobique
2290 549 2400 586 enim

1273 608 1349 633 non
1380 594 1502 633 solum
1547 596 1827 646 ignorantiam,
1876 596 1938 633 sed
1968 594 2083 633 etiam
2127 596 2359 639 oblivionem
2381 630 2393 650 ,

1275 646 1310 684 ἃ
1327 650 1584 697 ignorantiam
1600 663 1622 686 a
1642 657 1797 701 peccato
1817 660 1999 687 excusare
2013 677 2023 697 ,
2054 648 2149 687 falso
2163 650 2395 692 docebatur.

1330 701 1395 746 54.
1427 700 1539 740 Prob.
1568 706 1684 740 tertio
1720 703 1942 741 auctoritate
1969 702 2072 740 Cleri
2103 702 2324 755 Gallicani,
2372 721 2395 746 a.

1273 765 1351 806 qno
1379 769 1443 793 au.
1470 768 1580 806 ¹70⁰·
1612 758 1708 794 inter
1742 755 1878 796 multas
1893 752 1987 794 alias
2016 755 2101 795 haec
2122 759 2235 796 etiam
2257 773 2396 813 propo-

1273 808 1360 846 sitio
1388 808 1565 846 damnata
1597 809 1668 846 fnit
1697 822 1804 847 num.
1833 820 1919 847 112.
1967 811 2070 862 apud
2098 809 2250 850 Bos-met
2281 811 2396 852 Tom.

1273 858 1344 899 XI.
1393 888 1419 910 „
1448 861 1489 900 Si
1520 872 1735 914 peccatores
1763 872 2038 901 consummatae
2068 864 2256 914 malitiae,
2300 879 2399 906 cum

1273 943 1299 964 „
1328 912 1631 966 blasphemant,
1680 913 1714 950 8<
1755 914 1909 967 flagitiis
1937 929 1975 954 se
2018 919 2270 970 immergunt,
2316 933 2395 960 non

1272 996 1298 1017 „
1329 966 1469 1006 habent
1490 970 1731 1007 conscientiae
1761 969 1933 1008 stimulos
1950 1000 1960 1017 ,
1991 984 2059 1008 nec
2081 971 2174 1010 mali
2192 1002 2204 1020 ,
2232 974 2334 1026 quod
2354 987 2398 1013 a·

1271 1050 1299 1070 „
1327 1030 1446 1073 gunt,
1477 1024 1648 1060 notitiam
1667 1053 1677 1071 ,
1707 1037 1796 1061 cnm
1817 1023 1995 1061 omnibus
2017 1021 2222 1077 Theologis
2251 1039 2395 1080 propu-

1271 1101 1299 1123 „
1328 1086 1400 1126 gno
1422 1105 1433 1124 ,
1463 1088 1523 1114 eos
1553 1074 1656 1114 hisce
1685 1076 1900 1115 actionibus
1929 1090 2003 1114 non
2034 1091 2194 1130 peccare
2215 1077 2257 1126 ¹¹5
2303 1092 2397 1133 qun

1270 1137 1396 1166 tamen
1427 1130 1632 1181 propositio
1662 1143 1751 1167 vera
1781 1129 2035 1182 proculdubio
2056 1132 2178 1180 foret,
2207 1134 2237 1171 si
2266 1142 2399 1173 actua-

1271 1180 1319 1219 lis
1335 1181 1406 1220 &c.
1438 1182 1557 1220 Antea
1586 1184 1701 1220 etiam
1731 1196 1830 1221 anno
1856 1181 1970 1227 1641.
1999 1199 2021 1222 a
2041 1183 2275 1224 praesulibus
2295 1186 2394 1225 Gal-

1271 1232 1430 1283 licanis,
1473 1234 1509 1272 St
1539 1233 1745 1288 Theologis
1775 1235 1995 1274 Academiae
2026 1235 2246 1277 Parisiensis
2275 1240 2399 1279 suerat

1272 1287 1358 1327 haec
1381 1288 1459 1327 alia
1486 1301 1558 1327 non
1578 1288 1775 1327 dissimilis
1796 1291 2004 1341 propositio
2024 1292 2253 1344 proscripta:
2281 1291 2401 1330 Nun-

1272 1355 1397 1393 quam
1424 1351 1615 1391 peccatur
1636 1372 1646 1391 ,
1694 1345 1771 1380 nisi
1799 1347 1950 1394 praevia
1989 1347 2214 1396 cognitione
2241 1346 2398 1396 peccati

1272 1399 1438 1434 animus
1465 1395 1708 1444 illustretur,
1737 1396 1902 1448 ejusque
1931 1397 2083 1436 vitandi
2111 1396 2304 1438 desiderio
2323 1412 2396 1438 ex-

1272 1448 1524 1488 stimuletur.
1570 1448 1644 1487 Cui
1674 1460 1845 1488 censurae
1883 1450 1997 1488 etiam
2029 1451 2237 1490 Academia
2273 1451 2399 1492 Lova-

1272 1503 1411 1541 niensis
1427 1502 1622 1541 calculum
1643 1516 1778 1551 suum,
1808 1502 1841 1538 8<
1855 1516 1970 1553 grave
1987 1505 2134 1555 pondus
2148 1505 2289 1557 adjecit
2311 1507 2401 1557 (α).

1329 1553 1394 1594 55.
1425 1555 1539 1594 Prob.
1568 1564 1712 1606 quarto
1739 1570 1786 1594 ex
1802 1555 1843 1594 S.
1865 1556 2017 1595 Thoma
2043 1571 2076 1596 1.
2107 1571 2145 1597 2.
2173 1571 2208 1613 q:
2234 1558 2297 1611 74.
2327 1569 2400 1600 art.

1275 1621 1314 1660 7.
1344 1609 1392 1646 ad
1425 1620 1488 1656 2.,
1521 1609 1588 1646 ubi
1618 1610 1693 1646 ait:
1723 1636 1750 1657 ‚,
1780 1608 1841 1648 Ex
1862 1608 1933 1647 hoc
1962 1611 2072 1662 ipso,
2101 1614 2203 1663 quod
2225 1616 2318 1650 rano
2333 1628 2397 1651 su-

1275 1690 1302 1710 „
1334 1663 1463 1713 perior
1491 1673 1566 1698 non
1593 1660 1725 1712 dirigit
1754 1671 1859 1699 actus
1890 1661 2078 1701 humanos
2105 1665 2318 1703 secundum
2347 1665 2403 1704 le-

1277 1742 1304 1762 „
1335 1727 1421 1765 gem
1452 1713 1667 1762 Divinam,
1706 1715 1921 1766 impediens
1949 1725 2075 1753 actum
2106 1719 2274 1767 peccati,
2303 1719 2401 1759 dici-

1277 1796 1302 1817 „
1332 1776 1394 1805 tur
1422 1767 1505 1819 ipsa
1533 1768 1774 1815 consentire,
1823 1769 1902 1806 sive
1931 1770 2067 1820 cogitet
2096 1770 2142 1807 de
2172 1770 2255 1823 lege
2291 1781 2404 1811 aeter-

1279 1847 1306 1870 ,‚
1336 1834 1384 1859 na
1402 1850 1412 1869 ,
1442 1822 1522 1859 sive
1552 1833 1624 1858 non
1643 1846 1653 1858 .
1682 1820 1781 1859 Cum
1811 1823 1913 1860 enim
1942 1824 2078 1874 cogitat
2107 1824 2153 1862 de
2184 1824 2264 1877 lege
2292 1826 2403 1876 Dei,

1278 1903 1305 1923 „
1335 1883 1420 1912 actu
1452 1888 1536 1912 eam
1551 1883 1783 1920 conteiniut3
1813 1889 1902 1913 cum
1921 1889 2009 1912 vero
2024 1889 2098 1914 non
2129 1880 2285 1929 cogitat,
2316 1891 2403 1920 eam

1277 1956 1304 1976 „
1334 1926 1493 1979 negligit
1521 1939 1590 1979 per
1620 1928 1776 1965 modum
1806 1929 2020 1966 omissionis
2049 1930 2250 1981 cujusdam
2273 1931 2292 1948 '’
2310 1959 2321 1970 .
2351 1932 2403 1972 Et

1275 1990 1412 2032 qnaest.
1433 1979 1472 2018 6.
1494 1990 1566 2018 art.
1589 1977 1627 2018 5.
1657 1977 1815 2032 loquens
1844 1981 1890 2018 de
1921 1983 2136 2032 ignorantia
2164 1997 2398 2037 consequen-

1276 2035 1332 2083 ti,
1376 2046 1465 2085 quae
1497 2047 1519 2071 a
1549 2040 1622 2072 toto
1651 2042 1808 2085 peccato
1837 2035 2001 2072 minime
2030 2045 2209 2076 excusat.
2257 2068 2283 2086 „
2314 2039 2400 2077 Hoc

1278 2114 1305 2135 „
1335 2088 1450 2138 igitur
1479 2087 1611 2134 modo,
1641 2090 1788 2138 inquit,
1836 2087 2006 2135 dicitur,
2049 2089 2261 2141 ignorantia
2279 2121 2290 2140 ‚
2320 2093 2402 2131 sive

1277 2168 1303 2189 „
1331 2154 1421 2178 cum
1451 2139 1592 2193 aliquis
1621 2148 1707 2178 actu
1730 2153 1806 2179 non
1835 2141 2076 2190 considerat,
2105 2143 2208 2196 quod
2228 2146 2402 2183 conside-

1277 2221 1303 2243 „
1334 2208 1417 2231 rare
1449 2203 1590 2246 potest,
1623 2193 1655 2229 8<
1685 2193 1824 2243 debet,
1872 2207 1961 2247 qua:
1993 2203 2044 2234 est
2073 2196 2288 2248 ignorantia
2318 2212 2400 2237 ma-

1276 2277 1303 2296 „
1334 2247 1383 2285 1ae
1414 2246 1633 2295 electionis,
1683 2246 1742 2286 vel
1773 2260 1818 2286 ex
1849 2249 2050 2300 passione,
2098 2249 2159 2287 vel
2190 2264 2236 2289 ex
2266 2251 2402 2291 habitu

1274 2328 1301 2350 ‚,
1332 2302 1585 2353 provenien93
1632 2301 1712 2340 sive
1741 2314 1831 2339 cum
1861 2300 2003 2354 aliquis
2031 2303 2234 2354 notitiam,
2281 2318 2403 2358 quam

1276 2382 1304 2404 „
1331 2355 1443 2394 debet
1474 2355 1643 2404 habere,
1690 2367 1764 2393 non
1794 2363 1900 2395 curat
1928 2357 2191 2408 acquirere“:
2239 2357 2307 2397 ubi
2336 2371 2400 2397 eo-

2256 2410 2345 2450 dem

1274 2534 1333 2579 pio
1351 2547 1361 2565 .·
1402 2535 1444 2566 <9¹
1470 2532 1644 2567 innumera
1669 2535 1772 2567 etiam
1799 2530 2046 2567 immanissima
2079 2541 2221 2577 peccata
2256 2538 2400 2567 excusae

1275 2593 1348 2617 cum
1371 2583 1526 2622 pernicie
1552 2593 1738 2613 animarum
1758 2603 1766 2612 .
1794 2579 1928 2613 Adi-sis
1957 2580 1991 2611 Ρ.
2021 2579 2261 2624 Hyacinthum
2288 2581 2397 2624 Ser-ry

1277 2627 1313 2661 in
1340 2627 1440 2660 Hist-
1467 2627 1675 2671 Congregat.
1703 2629 1748 2660 de
1796 2627 1958 2659 Aiirzliis
1986 2627 2064 2658 Lib.
2087 2626 2142 2657 III-
2172 2637 2245 2670 cap.
2266 2625 2323 2666 48.
2350 2627 2399 2659 Et

1277 2674 1478 2714 recentius,
1521 2674 1655 2706 scilicet
1682 2685 1763 2706 ann.
1789 2684 1890 2715 ¹7¹7·
1919 2671 2079 2704 Facultas
2108 2671 2312 2704 I'arisiensis
2346 2683 2401 2705 se—

1277 2729 1422 2765 quentes
1459 2720 1711 2765 propositiones
1751 2719 1921 2752 confixit:
1967 2717 2105 2751 Nullum
2148 2726 2201 2750 est
2226 2726 2401 2758 peccatum

1277 2769 1418 2800 mortale
1459 2771 1495 2799 in
1535 2767 1720 2799 voluntatis
1762 2775 1929 2798 consensu
1945 2785 1955 2803 ‚
1997 2768 2067 2796 nisi
2093 2767 2262 2807 cogitatio
2286 2767 2401 2809 aliqua

1277 2818 1519 2857 precesserit,
1547 2818 1591 2845 U·
1615 2812 1850 2844 consideratio
1875 2821 2042 2852 expressa
2068 2812 2208 2843 malitiae
2232 2813 2373 2845 moralis
2390 2832 2402 2852 ,

1280 2861 1330 2893 vel
1358 2862 1480 2893 saltem
1507 2862 1620 2902 aliqua
1646 2869 1811 2899 erpressa
1837 2856 2032 2896 dubitatio,
2072 2869 2128 2889 seu
2156 2859 2334 2900 scrupulus
2350 2879 2402 2889 ....

1280 2904 1460 2939 Peccatum
1485 2906 1665 2949 personale
1691 2903 1790 2935 debet
1823 2914 1900 2935 esse
1924 2903 2031 2935 litere
2059 2905 2196 2936 volitum
2230 2907 2306 2936 sine
2330 2907 2401 2938 ali-

1281 2962 1340 2994 qua
1366 2955 1575 2995 cogitatione
1600 2952 1738 2982 malicia
1763 2951 1934 2987 moralis:
1956 2953 2034 2991 quia
2047 2951 2131 2983 talis
2159 2954 2326 2994 cogitatio
2343 2958 2400 2984 est

1279 3001 1487 3040 principium
1524 2996 1741 3030 deliberandi
1769 3000 1866 3028 circa
1903 2998 2074 3029 titalitiam
2110 2999 2289 3030 moralem.
2341 2997 2402 3030 Ad

1281 3055 1459 3087 peccatum
1483 3047 1668 3087 requiritur
1692 3043 1806 3084 aliqua
1832 3042 2068 3075 consideratio
2087 3063 2099 3082 ,
2137 3055 2195 3075 seu
2220 3043 2400 3076 adverten-

1282 3094 1333 3122 tiu
1359 3093 1461 3122 etiam
1497 3101 1644 3131 praesens
1671 3088 1716 3119 ad
1741 3090 1908 3121 malitium
1945 3090 2123 3122 moralem.
2174 3089 2254 3122 Haec
2281 3099 2398 3122 autern

1283 3136 1349 3168 snit
1374 3147 1480 3168 sacra*¹
1510 3133 1701 3168 Facultatis
1728 3142 1901 3167 censura:
1929 3134 1990 3167 Hae
2013 3140 2272 3180 propositiones
2299 3144 2401 3169 teme·

1282 3184 1379 3215 rariae
1405 3190 1503 3220 sune,
1529 3177 1763 3220 scandalon,
1788 3184 1989 3224 perniciosa
2007 3203 2018 3222 ,
2046 3187 2086 3215 (θ’
2105 3190 2253 3214 errorem
2278 3193 2400 3225 pecca-

1282 3230 1308 3261 ti
1333 3226 1567 3270 philosophici
1595 3231 1700 3259 toties
1725 3227 1917 3260 damnatum
1943 3237 2141 3263 renovantes
2163 3251 2171 3259 .
2198 3229 2333 3261 Siiniles
2349 3227 2397 3259 E-

1281 3275 1503 3318 piscopornm
1530 3282 1683 3306 censura·
1709 3285 1777 3306 non
1806 3284 1885 3307 raro
1908 3281 2122 3315 occurrunt,
2154 3274 2282 3319 quibus
2306 3272 2399 3307 hanc

1284 3318 1599 3355 probabilium-um
1623 3319 1809 3355 laxitatem
1832 3320 1981 3365 fraenare
2007 3329 2198 3355 curarunt.

1848 3364 1876 3406 ὃ
