<?xml version="1.0" encoding="UTF-8"?>
<!DOCTYPE html PUBLIC "-//W3C//DTD XHTML 1.0 Transitional//EN"
    "http://www.w3.org/TR/xhtml1/DTD/xhtml1-transitional.dtd">
<html xmlns="http://www.w3.org/1999/xhtml" xml:lang="en" lang="en">
 <head>
  <title>
</title>
<meta http-equiv="Content-Type" content="text/html;charset=utf-8" />
  <meta name='ocr-system' content='tesseract 3.04.00' />
  <meta name='ocr-capabilities' content='ocr_page ocr_carea ocr_par ocr_line ocrx_word'/>
</head>
<body>
  <div class='ocr_page' id='page_1' title='image "./fratrispetrimari06gazzuoft/fratrispetrimari06gazzuoft_0459.png"; bbox 0 0 2562 3694; ppageno 0'>
   <div class='ocr_carea' id='block_1_1' title="bbox 778 122 1784 170">
    <p class='ocr_par' dir='ltr' id='par_1_1' title="bbox 778 122 1784 170">
     <span class='ocr_line' id='line_1_1' title="bbox 778 122 1784 170; baseline -0.002 0"><span class='ocrx_word' id='word_1_1' title='bbox 778 122 860 170; x_wconf 77' lang='lat' dir='ltr'>DE</span> <span class='ocrx_word' id='word_1_2' title='bbox 893 123 1114 170; x_wconf 79' lang='lat' dir='ltr'><strong>RELAT.</strong></span> <span class='ocrx_word' id='word_1_3' title='bbox 1147 123 1399 168; x_wconf 82' lang='lat' dir='ltr'>OPERUM</span> <span class='ocrx_word' id='word_1_4' title='bbox 1431 123 1497 167; x_wconf 86' lang='lat' dir='ltr'>IN</span> <span class='ocrx_word' id='word_1_5' title='bbox 1528 125 1733 170; x_wconf 86' lang='lat' dir='ltr'><strong>DEUM.</strong></span> <span class='ocrx_word' id='word_1_6' title='bbox 1776 139 1784 143; x_wconf 82' lang='grc'><strong>’</strong></span> 
     </span>
    </p>
   </div>
   <div class='ocr_carea' id='block_1_2' title="bbox 75 205 1204 261">
    <p class='ocr_par' dir='ltr' id='par_1_2' title="bbox 75 205 1204 261">
     <span class='ocr_line' id='line_1_2' title="bbox 75 205 1204 261; baseline -0.006 -10"><span class='ocrx_word' id='word_1_7' title='bbox 75 237 106 261; x_wconf 82' lang='lat'>‚,</span> <span class='ocrx_word' id='word_1_8' title='bbox 132 207 380 251; x_wconf 77' lang='lat' dir='ltr'>dilectionem</span> <span class='ocrx_word' id='word_1_9' title='bbox 408 206 570 260; x_wconf 79' lang='lat' dir='ltr'>dirigere</span> <span class='ocrx_word' id='word_1_10' title='bbox 589 221 598 253; x_wconf 92' lang='lat'>;</span> <span class='ocrx_word' id='word_1_11' title='bbox 626 213 716 246; x_wconf 85' lang='lat' dir='ltr'>tnnc</span> <span class='ocrx_word' id='word_1_12' title='bbox 732 208 832 244; x_wconf 84' lang='lat' dir='ltr'>enim</span> <span class='ocrx_word' id='word_1_13' title='bbox 863 206 1051 259; x_wconf 83' lang='lat' dir='ltr'>quidquid</span> <span class='ocrx_word' id='word_1_14' title='bbox 1068 205 1114 242; x_wconf 82' lang='lat' dir='ltr'>ad</span> <span class='ocrx_word' id='word_1_15' title='bbox 1132 207 1204 244; x_wconf 86' lang='lat' dir='ltr'>sei-</span> 
     </span>
    </p>
   </div>
   <div class='ocr_carea' id='block_1_3' title="bbox 78 259 1204 330">
    <p class='ocr_par' dir='ltr' id='par_1_3' title="bbox 78 259 1204 330">
     <span class='ocr_line' id='line_1_3' title="bbox 78 259 1204 330; baseline -0.005 -26"><span class='ocrx_word' id='word_1_16' title='bbox 78 293 107 313; x_wconf 90' lang='lat'><strong>„</strong></span> <span class='ocrx_word' id='word_1_17' title='bbox 136 278 245 318; x_wconf 87' lang='lat' dir='ltr'>psum</span> <span class='ocrx_word' id='word_1_18' title='bbox 263 268 278 316; x_wconf 89' lang='lat'>(</span> <span class='ocrx_word' id='word_1_19' title='bbox 300 263 414 302; x_wconf 78' lang='lat' dir='ltr'>homo</span> <span class='ocrx_word' id='word_1_20' title='bbox 432 262 446 310; x_wconf 95' lang='lat'>)</span> <span class='ocrx_word' id='word_1_21' title='bbox 463 261 625 308; x_wconf 84' lang='lat' dir='ltr'>ordinat,</span> <span class='ocrx_word' id='word_1_22' title='bbox 648 262 686 299; x_wconf 91' lang='lat' dir='ltr'>in</span> <span class='ocrx_word' id='word_1_23' title='bbox 704 261 832 299; x_wconf 85' lang='lat' dir='ltr'>Deum</span> <span class='ocrx_word' id='word_1_24' title='bbox 847 261 1065 298; x_wconf 86' lang='lat' dir='ltr'>ordinatum</span> <span class='ocrx_word' id='word_1_25' title='bbox 1081 259 1204 330; x_wconf 62' lang='lat' dir='ltr'>erit:-</span> 
     </span>
    </p>
   </div>
   <div class='ocr_carea' id='block_1_4' title="bbox 73 314 1194 410">
    <p class='ocr_par' dir='ltr' id='par_1_4' title="bbox 73 314 1194 410">
     <span class='ocr_line' id='line_1_4' title="bbox 78 314 1194 410; baseline -0.005 -54"><span class='ocrx_word' id='word_1_26' title='bbox 78 317 136 409; x_wconf 47' lang='lat' dir='ltr'>lga</span> <span class='ocrx_word' id='word_1_27' title='bbox 152 320 220 410; x_wconf 77' lang='lat' dir='ltr'>6in</span> <span class='ocrx_word' id='word_1_28' title='bbox 250 316 406 357; x_wconf 80' lang='lat' dir='ltr'>Lib.11.</span> <span class='ocrx_word' id='word_1_29' title='bbox 438 315 547 354; x_wconf 78' lang='lat' dir='ltr'>Sent.</span> <span class='ocrx_word' id='word_1_30' title='bbox 575 316 661 354; x_wconf 87' lang='lat' dir='ltr'>dist.</span> <span class='ocrx_word' id='word_1_31' title='bbox 691 314 757 360; x_wconf 76' lang='grc'>40.</span> <span class='ocrx_word' id='word_1_32' title='bbox 787 322 924 366; x_wconf 73' lang='lat' dir='ltr'>quaest.</span> <span class='ocrx_word' id='word_1_33' title='bbox 952 327 985 352; x_wconf 88' lang='grc'>1.</span> <span class='ocrx_word' id='word_1_34' title='bbox 1014 314 1125 351; x_wconf 89' lang='lat' dir='ltr'>artic.</span> <span class='ocrx_word' id='word_1_35' title='bbox 1157 325 1194 351; x_wconf 67' lang='lat' dir='ltr'>o.</span> 
     </span>
     <span class='ocr_line' id='line_1_5' title="bbox 73 383 192 410; baseline 0.008 -1"><span class='ocrx_word' id='word_1_36' title='bbox 73 383 98 409; x_wconf 77' lang='lat' dir='ltr'>a</span> <span class='ocrx_word' id='word_1_37' title='bbox 180 398 192 410; x_wconf 88' lang='lat'><em>.</em></span> 
     </span>
    </p>
   </div>
   <div class='ocr_carea' id='block_1_5' title="bbox 55 420 1194 1861">
    <p class='ocr_par' dir='ltr' id='par_1_5' title="bbox 56 420 1194 1541">
     <span class='ocr_line' id='line_1_6' title="bbox 131 420 1194 463; baseline -0.005 -1"><span class='ocrx_word' id='word_1_38' title='bbox 131 423 219 462; x_wconf 84' lang='grc'>155.</span> <span class='ocrx_word' id='word_1_39' title='bbox 250 421 350 460; x_wconf 85' lang='lat' dir='ltr'>Huic</span> <span class='ocrx_word' id='word_1_40' title='bbox 379 422 577 461; x_wconf 88' lang='lat' dir='ltr'>communi</span> <span class='ocrx_word' id='word_1_41' title='bbox 608 421 686 459; x_wconf 85' lang='lat' dir='ltr'>sere</span> <span class='ocrx_word' id='word_1_42' title='bbox 700 420 1023 463; x_wconf 77' lang='lat' dir='ltr'>Scliolasticornm</span> <span class='ocrx_word' id='word_1_43' title='bbox 1047 427 1194 457; x_wconf 87' lang='lat' dir='ltr'>senten-</span> 
     </span>
     <span class='ocr_line' id='line_1_7' title="bbox 68 473 1193 527; baseline -0.004 -13"><span class='ocrx_word' id='word_1_44' title='bbox 68 476 135 514; x_wconf 78' lang='lat' dir='ltr'>tiae</span> <span class='ocrx_word' id='word_1_45' title='bbox 167 477 340 527; x_wconf 77' lang='lat' dir='ltr'>primns,</span> <span class='ocrx_word' id='word_1_46' title='bbox 372 485 410 514; x_wconf 92' lang='lat' dir='ltr'>ut</span> <span class='ocrx_word' id='word_1_47' title='bbox 439 477 599 521; x_wconf 84' lang='lat' dir='ltr'>dicitur,</span> <span class='ocrx_word' id='word_1_48' title='bbox 631 489 668 512; x_wconf 90' lang='lat' dir='ltr'>se</span> <span class='ocrx_word' id='word_1_49' title='bbox 696 475 871 526; x_wconf 80' lang='lat' dir='ltr'>opposuit</span> <span class='ocrx_word' id='word_1_50' title='bbox 902 474 1113 522; x_wconf 70' lang='lat' dir='ltr'>Gregorius</span> <span class='ocrx_word' id='word_1_51' title='bbox 1148 473 1193 510; x_wconf 73' lang='grc' dir='ltr'>Α·</span> 
     </span>
     <span class='ocr_line' id='line_1_8' title="bbox 65 525 1193 580; baseline -0.004 -13"><span class='ocrx_word' id='word_1_52' title='bbox 65 529 290 568; x_wconf 79' lang='lat' dir='ltr'>riminensis</span> <span class='ocrx_word' id='word_1_53' title='bbox 319 531 356 567; x_wconf 90' lang='lat' dir='ltr'>in</span> <span class='ocrx_word' id='word_1_54' title='bbox 386 530 432 567; x_wconf 91' lang='lat' dir='ltr'>ll.</span> <span class='ocrx_word' id='word_1_55' title='bbox 463 528 562 566; x_wconf 83' lang='lat' dir='ltr'>Dist.</span> <span class='ocrx_word' id='word_1_56' title='bbox 581 528 643 566; x_wconf 82' lang='lat'>26.</span> <span class='ocrx_word' id='word_1_57' title='bbox 673 541 740 580; x_wconf 87' lang='lat' dir='ltr'>qu.</span> <span class='ocrx_word' id='word_1_58' title='bbox 765 540 801 566; x_wconf 85' lang='grc'>,1.</span> <span class='ocrx_word' id='word_1_59' title='bbox 830 537 899 565; x_wconf 90' lang='lat' dir='ltr'>art.</span> <span class='ocrx_word' id='word_1_60' title='bbox 922 541 955 565; x_wconf 88' lang='grc'>1.</span> <span class='ocrx_word' id='word_1_61' title='bbox 985 528 1048 577; x_wconf 77' lang='grc' dir='ltr'>(ιι)</span> <span class='ocrx_word' id='word_1_62' title='bbox 1069 553 1079 564; x_wconf 90' lang='grc'>.</span> <span class='ocrx_word' id='word_1_63' title='bbox 1110 525 1193 564; x_wconf 76' lang='lat' dir='ltr'>Post</span> 
     </span>
     <span class='ocr_line' id='line_1_9' title="bbox 67 579 1190 632; baseline -0.004 -12"><span class='ocrx_word' id='word_1_64' title='bbox 67 590 197 620; x_wconf 83' lang='lat' dir='ltr'>autem</span> <span class='ocrx_word' id='word_1_65' title='bbox 229 579 369 631; x_wconf 56' lang='lat' dir='ltr'>multi}</span> <span class='ocrx_word' id='word_1_66' title='bbox 397 583 431 619; x_wconf 81' lang='lat' dir='ltr'>8t</span> <span class='ocrx_word' id='word_1_67' title='bbox 462 582 625 632; x_wconf 81' lang='lat' dir='ltr'>egregii,</span> <span class='ocrx_word' id='word_1_68' title='bbox 657 582 870 632; x_wconf 58' lang='lat' dir='ltr'>praesertim</span> <span class='ocrx_word' id='word_1_69' title='bbox 901 594 946 618; x_wconf 86' lang='lat' dir='ltr'>ex</span> <span class='ocrx_word' id='word_1_70' title='bbox 976 594 1081 618; x_wconf 79' lang='lat' dir='ltr'>sacra</span> <span class='ocrx_word' id='word_1_71' title='bbox 1115 581 1190 616; x_wconf 74' lang='lat' dir='ltr'>Au-</span> 
     </span>
     <span class='ocr_line' id='line_1_10' title="bbox 64 634 1189 687; baseline -0.004 -15"><span class='ocrx_word' id='word_1_72' title='bbox 64 637 373 687; x_wconf 82' lang='lat' dir='ltr'>gustinianorum</span> <span class='ocrx_word' id='word_1_73' title='bbox 396 635 563 673; x_wconf 76' lang='lat' dir='ltr'>Familia</span> <span class='ocrx_word' id='word_1_74' title='bbox 583 635 795 686; x_wconf 79' lang='lat' dir='ltr'>Scriptores</span> <span class='ocrx_word' id='word_1_75' title='bbox 825 638 838 684; x_wconf 95' lang='lat'>(</span> <span class='ocrx_word' id='word_1_76' title='bbox 869 647 1035 687; x_wconf 83' lang='lat' dir='ltr'>quorum</span> <span class='ocrx_word' id='word_1_77' title='bbox 1065 634 1189 671; x_wconf 83' lang='lat' dir='ltr'>uomi-</span> 
     </span>
     <span class='ocr_line' id='line_1_11' title="bbox 63 687 1188 740; baseline -0.004 -14"><span class='ocrx_word' id='word_1_78' title='bbox 63 701 114 726; x_wconf 84' lang='lat' dir='ltr'>na</span> <span class='ocrx_word' id='word_1_79' title='bbox 128 690 403 727; x_wconf 85' lang='lat' dir='ltr'>eruditissimus</span> <span class='ocrx_word' id='word_1_80' title='bbox 419 688 460 726; x_wconf 88' lang='lat' dir='ltr'>P.</span> <span class='ocrx_word' id='word_1_81' title='bbox 485 688 599 727; x_wconf 78' lang='lat' dir='ltr'>Laur-</span> <span class='ocrx_word' id='word_1_82' title='bbox 621 688 721 726; x_wconf 86' lang='lat' dir='ltr'>Berti</span> <span class='ocrx_word' id='word_1_83' title='bbox 743 689 782 726; x_wconf 93' lang='lat' dir='ltr'>in</span> <span class='ocrx_word' id='word_1_84' title='bbox 806 687 1098 740; x_wconf 75' lang='lat' dir='ltr'>Augustiniano</span> <span class='ocrx_word' id='word_1_85' title='bbox 1119 698 1188 737; x_wconf 73' lang='lat' dir='ltr'>Sy-</span> 
     </span>
     <span class='ocr_line' id='line_1_12' title="bbox 62 739 1188 793; baseline -0.004 -13"><span class='ocrx_word' id='word_1_86' title='bbox 62 750 238 780; x_wconf 69' lang='lat' dir='ltr'>stentate</span> <span class='ocrx_word' id='word_1_87' title='bbox 252 741 450 780; x_wconf 58' lang='lat' dir='ltr'>vindicato</span> <span class='ocrx_word' id='word_1_88' title='bbox 473 742 629 780; x_wconf 85' lang='lat' dir='ltr'>Dissert.</span> <span class='ocrx_word' id='word_1_89' title='bbox 653 742 717 780; x_wconf 79' lang='grc' dir='ltr'>ΙΙΙ.</span> <span class='ocrx_word' id='word_1_90' title='bbox 747 755 832 793; x_wconf 87' lang='lat' dir='ltr'>cap.</span> <span class='ocrx_word' id='word_1_91' title='bbox 861 755 892 779; x_wconf 83' lang='lat'>1.</span> <span class='ocrx_word' id='word_1_92' title='bbox 910 740 949 792; x_wconf 55' lang='grc' dir='ltr'>ᾗ.</span> <span class='ocrx_word' id='word_1_93' title='bbox 967 754 1002 778; x_wconf 82' lang='lat'>2.</span> <span class='ocrx_word' id='word_1_94' title='bbox 1022 769 1032 787; x_wconf 86' lang='lat'><strong>,</strong></span> <span class='ocrx_word' id='word_1_95' title='bbox 1062 739 1188 792; x_wconf 80' lang='lat' dir='ltr'>quoad</span> 
     </span>
     <span class='ocr_line' id='line_1_13' title="bbox 62 794 1188 847; baseline -0.003 -14"><span class='ocrx_word' id='word_1_96' title='bbox 62 796 211 847; x_wconf 86' lang='lat' dir='ltr'>potuit,</span> <span class='ocrx_word' id='word_1_97' title='bbox 253 796 538 835; x_wconf 80' lang='lat' dir='ltr'>accuratissime</span> <span class='ocrx_word' id='word_1_98' title='bbox 580 797 764 834; x_wconf 75' lang='lat' dir='ltr'>recensuit</span> <span class='ocrx_word' id='word_1_99' title='bbox 794 796 809 843; x_wconf 95' lang='lat'>)</span> <span class='ocrx_word' id='word_1_100' title='bbox 842 802 1078 846; x_wconf 66' lang='lat' dir='ltr'>praeceptum</span> <span class='ocrx_word' id='word_1_101' title='bbox 1111 794 1188 830; x_wconf 86' lang='lat' dir='ltr'>vir-</span> 
     </span>
     <span class='ocr_line' id='line_1_14' title="bbox 61 848 1189 901; baseline -0.004 -15"><span class='ocrx_word' id='word_1_102' title='bbox 61 848 197 896; x_wconf 80' lang='lat' dir='ltr'>tualis,</span> <span class='ocrx_word' id='word_1_103' title='bbox 227 848 262 885; x_wconf 74' lang='grc' dir='ltr'><strong>ἃ</strong></span> <span class='ocrx_word' id='word_1_104' title='bbox 290 849 482 901; x_wconf 78' lang='lat' dir='ltr'>explicitae</span> <span class='ocrx_word' id='word_1_105' title='bbox 513 848 704 888; x_wconf 68' lang='lat' dir='ltr'>relationis</span> <span class='ocrx_word' id='word_1_106' title='bbox 732 849 906 886; x_wconf 88' lang='lat' dir='ltr'>omnium</span> <span class='ocrx_word' id='word_1_107' title='bbox 935 861 1094 900; x_wconf 80' lang='lat' dir='ltr'>opernm</span> <span class='ocrx_word' id='word_1_108' title='bbox 1125 860 1189 882; x_wconf 84' lang='lat' dir='ltr'>no-</span> 
     </span>
     <span class='ocr_line' id='line_1_15' title="bbox 59 901 1188 955; baseline -0.004 -14"><span class='ocrx_word' id='word_1_109' title='bbox 59 911 225 941; x_wconf 67' lang='lat' dir='ltr'>strorum</span> <span class='ocrx_word' id='word_1_110' title='bbox 255 904 293 941; x_wconf 91' lang='lat' dir='ltr'>iu</span> <span class='ocrx_word' id='word_1_111' title='bbox 310 903 437 941; x_wconf 90' lang='lat' dir='ltr'>Deum</span> <span class='ocrx_word' id='word_1_112' title='bbox 464 901 595 955; x_wconf 86' lang='lat' dir='ltr'>aliqua</span> <span class='ocrx_word' id='word_1_113' title='bbox 622 901 806 942; x_wconf 77' lang='lat' dir='ltr'>charitate</span> <span class='ocrx_word' id='word_1_114' title='bbox 834 902 1016 939; x_wconf 69' lang='lat' dir='ltr'>dilectum</span> <span class='ocrx_word' id='word_1_115' title='bbox 1048 913 1188 951; x_wconf 79' lang='lat' dir='ltr'>propn-</span> 
     </span>
     <span class='ocr_line' id='line_1_16' title="bbox 61 953 1187 1008; baseline -0.003 -16"><span class='ocrx_word' id='word_1_116' title='bbox 61 963 252 1007; x_wconf 83' lang='lat' dir='ltr'>gnarunt,</span> <span class='ocrx_word' id='word_1_117' title='bbox 294 958 412 995; x_wconf 84' lang='lat' dir='ltr'>innixi</span> <span class='ocrx_word' id='word_1_118' title='bbox 444 956 681 1008; x_wconf 79' lang='lat' dir='ltr'>potissimum</span> <span class='ocrx_word' id='word_1_119' title='bbox 719 956 954 1008; x_wconf 67' lang='lat' dir='ltr'>gravissimae</span> <span class='ocrx_word' id='word_1_120' title='bbox 985 953 1027 991; x_wconf 88' lang='lat' dir='ltr'>S.</span> <span class='ocrx_word' id='word_1_121' title='bbox 1059 955 1187 1004; x_wconf 70' lang='lat' dir='ltr'>Augu-</span> 
     </span>
     <span class='ocr_line' id='line_1_17' title="bbox 61 1009 1186 1066; baseline -0.003 -21"><span class='ocrx_word' id='word_1_122' title='bbox 61 1009 152 1046; x_wconf 78' lang='lat' dir='ltr'>stini</span> <span class='ocrx_word' id='word_1_123' title='bbox 183 1010 424 1059; x_wconf 77' lang='lat' dir='ltr'>auctoritati,</span> <span class='ocrx_word' id='word_1_124' title='bbox 453 1023 569 1063; x_wconf 81' lang='lat' dir='ltr'>quem</span> <span class='ocrx_word' id='word_1_125' title='bbox 599 1020 717 1048; x_wconf 86' lang='lat' dir='ltr'>totum</span> <span class='ocrx_word' id='word_1_126' title='bbox 749 1012 786 1047; x_wconf 90' lang='lat' dir='ltr'>in</span> <span class='ocrx_word' id='word_1_127' title='bbox 820 1021 896 1046; x_wconf 78' lang='lat' dir='ltr'>aere</span> <span class='ocrx_word' id='word_1_128' title='bbox 924 1020 995 1045; x_wconf 85' lang='lat' dir='ltr'>suo</span> <span class='ocrx_word' id='word_1_129' title='bbox 1021 1020 1098 1043; x_wconf 83' lang='lat' dir='ltr'>esse</span> <span class='ocrx_word' id='word_1_130' title='bbox 1128 1020 1186 1066; x_wconf 81' lang='lat' dir='ltr'>ar-</span> 
     </span>
     <span class='ocr_line' id='line_1_18' title="bbox 61 1059 1186 1101; baseline 0 -3"><span class='ocrx_word' id='word_1_131' title='bbox 61 1059 282 1100; x_wconf 81' lang='lat' dir='ltr'>bitrantur.</span> <span class='ocrx_word' id='word_1_132' title='bbox 313 1063 408 1101; x_wconf 85' lang='lat' dir='ltr'>Fere</span> <span class='ocrx_word' id='word_1_133' title='bbox 437 1066 552 1101; x_wconf 87' lang='lat' dir='ltr'>etiam</span> <span class='ocrx_word' id='word_1_134' title='bbox 583 1073 656 1101; x_wconf 84' lang='lat' dir='ltr'>tota</span> <span class='ocrx_word' id='word_1_135' title='bbox 690 1063 925 1101; x_wconf 84' lang='lat' dir='ltr'>Universitas</span> <span class='ocrx_word' id='word_1_136' title='bbox 942 1060 1186 1099; x_wconf 55' lang='lat' dir='ltr'>[lovaniensis</span> 
     </span>
     <span class='ocr_line' id='line_1_19' title="bbox 62 1115 1186 1168; baseline 0 -16"><span class='ocrx_word' id='word_1_137' title='bbox 62 1115 238 1153; x_wconf 75' lang='lat' dir='ltr'>eamdem</span> <span class='ocrx_word' id='word_1_138' title='bbox 253 1117 466 1155; x_wconf 72' lang='lat' dir='ltr'>doctrinam</span> <span class='ocrx_word' id='word_1_139' title='bbox 487 1117 702 1168; x_wconf 87' lang='lat' dir='ltr'>adoptavit;</span> <span class='ocrx_word' id='word_1_140' title='bbox 733 1117 812 1153; x_wconf 90' lang='lat' dir='ltr'>imo</span> <span class='ocrx_word' id='word_1_141' title='bbox 831 1115 1014 1166; x_wconf 83' lang='lat' dir='ltr'>gloriatur</span> <span class='ocrx_word' id='word_1_142' title='bbox 1031 1143 1042 1160; x_wconf 85' lang='lat'><strong>‚</strong></span> <span class='ocrx_word' id='word_1_143' title='bbox 1063 1115 1186 1165; x_wconf 81' lang='lat' dir='ltr'>ipsam</span> 
     </span>
     <span class='ocr_line' id='line_1_20' title="bbox 59 1167 1187 1221; baseline -0.002 -15"><span class='ocrx_word' id='word_1_144' title='bbox 59 1181 124 1206; x_wconf 86' lang='lat' dir='ltr'>an.</span> <span class='ocrx_word' id='word_1_145' title='bbox 151 1168 266 1221; x_wconf 79' lang='grc'>1677.</span> <span class='ocrx_word' id='word_1_146' title='bbox 295 1170 345 1208; x_wconf 85' lang='lat' dir='ltr'>ab</span> <span class='ocrx_word' id='word_1_147' title='bbox 374 1169 591 1221; x_wconf 83' lang='lat' dir='ltr'>A-postolica</span> <span class='ocrx_word' id='word_1_148' title='bbox 618 1169 716 1206; x_wconf 81' lang='lat' dir='ltr'>Sede</span> <span class='ocrx_word' id='word_1_149' title='bbox 757 1168 959 1219; x_wconf 81' lang='lat' dir='ltr'>diligenter</span> <span class='ocrx_word' id='word_1_150' title='bbox 1004 1167 1118 1204; x_wconf 82' lang='lat' dir='ltr'>fuisse</span> <span class='ocrx_word' id='word_1_151' title='bbox 1149 1182 1187 1204; x_wconf 90' lang='lat' dir='ltr'>e-</span> 
     </span>
     <span class='ocr_line' id='line_1_21' title="bbox 58 1219 1186 1274; baseline -0.001 -15"><span class='ocrx_word' id='word_1_152' title='bbox 58 1223 320 1270; x_wconf 84' lang='lat' dir='ltr'>xaminatam,</span> <span class='ocrx_word' id='word_1_153' title='bbox 349 1235 419 1260; x_wconf 90' lang='lat' dir='ltr'>nec</span> <span class='ocrx_word' id='word_1_154' title='bbox 449 1231 576 1261; x_wconf 87' lang='lat' dir='ltr'>tamen</span> <span class='ocrx_word' id='word_1_155' title='bbox 606 1222 846 1274; x_wconf 80' lang='lat' dir='ltr'>reprobatam</span> <span class='ocrx_word' id='word_1_156' title='bbox 869 1219 956 1271; x_wconf 86' lang='lat' dir='ltr'>(b).</span> <span class='ocrx_word' id='word_1_157' title='bbox 987 1219 1130 1258; x_wconf 82' lang='lat' dir='ltr'>Multos</span> <span class='ocrx_word' id='word_1_158' title='bbox 1147 1236 1186 1258; x_wconf 81' lang='lat' dir='ltr'>a.-</span> 
     </span>
     <span class='ocr_line' id='line_1_22' title="bbox 56 1273 1185 1327; baseline 0.001 -16"><span class='ocrx_word' id='word_1_159' title='bbox 56 1273 131 1312; x_wconf 80' lang='lat' dir='ltr'>lios</span> <span class='ocrx_word' id='word_1_160' title='bbox 160 1274 330 1324; x_wconf 76' lang='lat' dir='ltr'>ejusdem</span> <span class='ocrx_word' id='word_1_161' title='bbox 360 1276 553 1314; x_wconf 69' lang='lat' dir='ltr'>sententiae</span> <span class='ocrx_word' id='word_1_162' title='bbox 583 1285 759 1327; x_wconf 87' lang='lat' dir='ltr'>patronos</span> <span class='ocrx_word' id='word_1_163' title='bbox 774 1275 878 1313; x_wconf 87' lang='lat' dir='ltr'>addit</span> <span class='ocrx_word' id='word_1_164' title='bbox 909 1273 1185 1312; x_wconf 81' lang='lat' dir='ltr'>laud.cl.Ber-</span> 
     </span>
     <span class='ocr_line' id='line_1_23' title="bbox 58 1327 1184 1381; baseline 0 -16"><span class='ocrx_word' id='word_1_165' title='bbox 58 1327 116 1374; x_wconf 83' lang='lat' dir='ltr'>ti,</span> <span class='ocrx_word' id='word_1_166' title='bbox 160 1329 253 1366; x_wconf 89' lang='lat' dir='ltr'>inter</span> <span class='ocrx_word' id='word_1_167' title='bbox 281 1342 376 1381; x_wconf 85' lang='lat' dir='ltr'>quos</span> <span class='ocrx_word' id='word_1_168' title='bbox 403 1331 517 1367; x_wconf 87' lang='lat' dir='ltr'>etiam</span> <span class='ocrx_word' id='word_1_169' title='bbox 548 1328 818 1367; x_wconf 87' lang='lat' dir='ltr'>Dominicanos</span> <span class='ocrx_word' id='word_1_170' title='bbox 859 1327 952 1365; x_wconf 89' lang='lat' dir='ltr'>duos</span> <span class='ocrx_word' id='word_1_171' title='bbox 989 1336 1184 1375; x_wconf 80' lang='lat' dir='ltr'>recenset,</span> 
     </span>
     <span class='ocr_line' id='line_1_24' title="bbox 63 1378 1186 1431; baseline 0.003 -15"><span class='ocrx_word' id='word_1_172' title='bbox 63 1378 181 1419; x_wconf 80' lang='lat' dir='ltr'>vinc.</span> <span class='ocrx_word' id='word_1_173' title='bbox 210 1382 501 1421; x_wconf 86' lang='lat' dir='ltr'>Contensonium</span> <span class='ocrx_word' id='word_1_174' title='bbox 519 1413 530 1431; x_wconf 88' lang='lat'><strong>,</strong></span> <span class='ocrx_word' id='word_1_175' title='bbox 561 1381 593 1418; x_wconf 78' lang='lat' dir='ltr'>8t</span> <span class='ocrx_word' id='word_1_176' title='bbox 610 1382 696 1421; x_wconf 81' lang='lat' dir='ltr'>Nat.</span> <span class='ocrx_word' id='word_1_177' title='bbox 722 1381 1012 1427; x_wconf 81' lang='lat' dir='ltr'>Alexandrum3</span> <span class='ocrx_word' id='word_1_178' title='bbox 1041 1381 1186 1430; x_wconf 86' lang='lat' dir='ltr'>quibus</span> 
     </span>
     <span class='ocr_line' id='line_1_25' title="bbox 59 1433 1184 1485; baseline 0.002 -15"><span class='ocrx_word' id='word_1_179' title='bbox 59 1436 288 1485; x_wconf 84' lang='lat' dir='ltr'>nuperrime</span> <span class='ocrx_word' id='word_1_180' title='bbox 315 1438 469 1474; x_wconf 86' lang='lat' dir='ltr'>accessit</span> <span class='ocrx_word' id='word_1_181' title='bbox 498 1437 613 1474; x_wconf 90' lang='lat' dir='ltr'>etiam</span> <span class='ocrx_word' id='word_1_182' title='bbox 643 1435 760 1475; x_wconf 84' lang='lat' dir='ltr'>Vinc.</span> <span class='ocrx_word' id='word_1_183' title='bbox 790 1434 936 1473; x_wconf 84' lang='lat' dir='ltr'>Patuzzi</span> <span class='ocrx_word' id='word_1_184' title='bbox 968 1436 1006 1472; x_wconf 92' lang='lat' dir='ltr'>in</span> <span class='ocrx_word' id='word_1_185' title='bbox 1035 1433 1184 1472; x_wconf 73' lang='lat' dir='ltr'>Ethica</span> 
     </span>
     <span class='ocr_line' id='line_1_26' title="bbox 61 1485 1029 1541; baseline 0 -16"><span class='ocrx_word' id='word_1_186' title='bbox 61 1485 297 1526; x_wconf 75' lang='lat' dir='ltr'>Christiana</span> <span class='ocrx_word' id='word_1_187' title='bbox 325 1487 508 1528; x_wconf 84' lang='lat' dir='ltr'>Tom.11.</span> <span class='ocrx_word' id='word_1_188' title='bbox 539 1489 667 1528; x_wconf 86' lang='lat' dir='ltr'>Tract.</span> <span class='ocrx_word' id='word_1_189' title='bbox 690 1491 756 1528; x_wconf 86' lang='grc' dir='ltr'>ΙΙΙ.</span> <span class='ocrx_word' id='word_1_190' title='bbox 786 1502 821 1527; x_wconf 90' lang='lat' dir='ltr'>c.</span> <span class='ocrx_word' id='word_1_191' title='bbox 851 1501 890 1541; x_wconf 83' lang='lat'>9.</span> <span class='ocrx_word' id='word_1_192' title='bbox 921 1486 959 1540; x_wconf 58' lang='grc' dir='ltr'>ᾧ.</span> <span class='ocrx_word' id='word_1_193' title='bbox 991 1487 1029 1534; x_wconf 76' lang='grc'>4.</span> 
     </span>
    </p>

    <p class='ocr_par' dir='ltr' id='par_1_6' title="bbox 55 1541 1185 1861">
     <span class='ocr_line' id='line_1_27' title="bbox 116 1541 1184 1594; baseline 0 -15"><span class='ocrx_word' id='word_1_194' title='bbox 116 1541 204 1580; x_wconf 78' lang='grc'>156.</span> <span class='ocrx_word' id='word_1_195' title='bbox 234 1542 504 1594; x_wconf 84' lang='lat' dir='ltr'>Opportunum</span> <span class='ocrx_word' id='word_1_196' title='bbox 533 1553 660 1582; x_wconf 81' lang='lat' dir='ltr'>autem</span> <span class='ocrx_word' id='word_1_197' title='bbox 703 1543 882 1581; x_wconf 80' lang='lat' dir='ltr'>ducimus</span> <span class='ocrx_word' id='word_1_198' title='bbox 917 1541 1016 1580; x_wconf 86' lang='lat' dir='ltr'>hanc</span> <span class='ocrx_word' id='word_1_199' title='bbox 1045 1541 1184 1580; x_wconf 85' lang='lat' dir='ltr'>doctri-</span> 
     </span>
     <span class='ocr_line' id='line_1_28' title="bbox 56 1594 1184 1650; baseline 0.002 -19"><span class='ocrx_word' id='word_1_200' title='bbox 56 1607 148 1632; x_wconf 86' lang='lat' dir='ltr'>nam</span> <span class='ocrx_word' id='word_1_201' title='bbox 177 1595 351 1634; x_wconf 76' lang='lat' dir='ltr'>distincte</span> <span class='ocrx_word' id='word_1_202' title='bbox 380 1610 594 1650; x_wconf 78' lang='lat' dir='ltr'>exponere,</span> <span class='ocrx_word' id='word_1_203' title='bbox 634 1607 742 1648; x_wconf 87' lang='lat' dir='ltr'>prout</span> <span class='ocrx_word' id='word_1_204' title='bbox 773 1609 857 1634; x_wconf 88' lang='lat' dir='ltr'>eam</span> <span class='ocrx_word' id='word_1_205' title='bbox 887 1595 991 1633; x_wconf 86' lang='lat' dir='ltr'>laud.</span> <span class='ocrx_word' id='word_1_206' title='bbox 1023 1607 1110 1633; x_wconf 62' lang='lat' dir='ltr'>mox</span> <span class='ocrx_word' id='word_1_207' title='bbox 1140 1594 1184 1633; x_wconf 85' lang='lat' dir='ltr'>P.</span> 
     </span>
     <span class='ocr_line' id='line_1_29' title="bbox 60 1646 1182 1702; baseline 0 -18"><span class='ocrx_word' id='word_1_208' title='bbox 60 1646 166 1686; x_wconf 88' lang='lat' dir='ltr'>Berti</span> <span class='ocrx_word' id='word_1_209' title='bbox 196 1650 368 1702; x_wconf 81' lang='lat' dir='ltr'>exposuit</span> <span class='ocrx_word' id='word_1_210' title='bbox 396 1652 437 1687; x_wconf 90' lang='lat' dir='ltr'>in</span> <span class='ocrx_word' id='word_1_211' title='bbox 465 1652 530 1687; x_wconf 92' lang='lat' dir='ltr'>cit.</span> <span class='ocrx_word' id='word_1_212' title='bbox 563 1648 754 1687; x_wconf 66' lang='lat' dir='ltr'>Vim-liciis</span> <span class='ocrx_word' id='word_1_213' title='bbox 783 1651 1018 1700; x_wconf 80' lang='lat' dir='ltr'>systematis</span> <span class='ocrx_word' id='word_1_214' title='bbox 1049 1648 1182 1700; x_wconf 78' lang='lat' dir='ltr'>Auga-</span> 
     </span>
     <span class='ocr_line' id='line_1_30' title="bbox 56 1700 1184 1753; baseline 0 -15"><span class='ocrx_word' id='word_1_215' title='bbox 56 1703 226 1739; x_wconf 70' lang='lat' dir='ltr'>suniam·</span> <span class='ocrx_word' id='word_1_216' title='bbox 255 1701 294 1749; x_wconf 67' lang='lat'>6.</span> <span class='ocrx_word' id='word_1_217' title='bbox 313 1701 353 1740; x_wconf 92' lang='lat'>6.</span> <span class='ocrx_word' id='word_1_218' title='bbox 384 1700 557 1740; x_wconf 87' lang='lat' dir='ltr'>Primum</span> <span class='ocrx_word' id='word_1_219' title='bbox 587 1701 703 1753; x_wconf 73' lang='lat' dir='ltr'>liujus</span> <span class='ocrx_word' id='word_1_220' title='bbox 732 1703 925 1740; x_wconf 79' lang='lat' dir='ltr'>sententiae</span> <span class='ocrx_word' id='word_1_221' title='bbox 957 1701 1184 1738; x_wconf 78' lang='lat' dir='ltr'>fundamen-</span> 
     </span>
     <span class='ocr_line' id='line_1_31' title="bbox 55 1749 1185 1809; baseline -0.003 -18"><span class='ocrx_word' id='word_1_222' title='bbox 55 1761 142 1792; x_wconf 86' lang='lat' dir='ltr'>tum</span> <span class='ocrx_word' id='word_1_223' title='bbox 171 1749 263 1805; x_wconf 36' lang='lat' dir='ltr'>ipse*</span> <span class='ocrx_word' id='word_1_224' title='bbox 279 1755 444 1794; x_wconf 87' lang='lat' dir='ltr'>desumit</span> <span class='ocrx_word' id='word_1_225' title='bbox 472 1768 516 1793; x_wconf 82' lang='lat' dir='ltr'>ex</span> <span class='ocrx_word' id='word_1_226' title='bbox 560 1756 767 1794; x_wconf 79' lang='lat' dir='ltr'>notissimis</span> <span class='ocrx_word' id='word_1_227' title='bbox 796 1753 837 1792; x_wconf 86' lang='lat' dir='ltr'>S.</span> <span class='ocrx_word' id='word_1_228' title='bbox 869 1753 1070 1805; x_wconf 86' lang='lat' dir='ltr'>Augustini</span> <span class='ocrx_word' id='word_1_229' title='bbox 1101 1765 1185 1809; x_wconf 75' lang='lat' dir='ltr'>ver-</span> 
     </span>
     <span class='ocr_line' id='line_1_32' title="bbox 55 1805 1185 1861; baseline -0.002 -16"><span class='ocrx_word' id='word_1_230' title='bbox 55 1805 118 1845; x_wconf 82' lang='lat' dir='ltr'>bis</span> <span class='ocrx_word' id='word_1_231' title='bbox 132 1807 222 1848; x_wconf 83' lang='lat' dir='ltr'>Lib.</span> <span class='ocrx_word' id='word_1_232' title='bbox 242 1807 312 1848; x_wconf 89' lang='lat' dir='ltr'>lV.</span> <span class='ocrx_word' id='word_1_233' title='bbox 341 1818 483 1848; x_wconf 87' lang='lat' dir='ltr'>contra</span> <span class='ocrx_word' id='word_1_234' title='bbox 501 1808 708 1847; x_wconf 76' lang='lat' dir='ltr'>Iulianum</span> <span class='ocrx_word' id='word_1_235' title='bbox 737 1822 824 1861; x_wconf 85' lang='lat' dir='ltr'>cap.</span> <span class='ocrx_word' id='word_1_236' title='bbox 841 1806 878 1847; x_wconf 80' lang='lat'>3.</span> <span class='ocrx_word' id='word_1_237' title='bbox 892 1821 934 1845; x_wconf 87' lang='lat' dir='ltr'>n.</span> <span class='ocrx_word' id='word_1_238' title='bbox 957 1818 1040 1845; x_wconf 73' lang='lat'>210:</span> <span class='ocrx_word' id='word_1_239' title='bbox 1061 1835 1088 1855; x_wconf 88' lang='lat'>‚,</span> <span class='ocrx_word' id='word_1_240' title='bbox 1108 1805 1185 1843; x_wconf 60' lang='lat' dir='ltr'>No·</span> 
     </span>
    </p>
   </div>
   <div class='ocr_carea' id='block_1_6' title="bbox 36 1966 1189 3365">
    <p class='ocr_par' dir='ltr' id='par_1_7' title="bbox 48 1966 1189 2558">
     <span class='ocr_line' id='line_1_33' title="bbox 101 1966 1189 2014; baseline -0.003 -12"><span class='ocrx_word' id='word_1_241' title='bbox 101 1973 150 2008; x_wconf 86' lang='lat' dir='ltr'>(a)</span> <span class='ocrx_word' id='word_1_242' title='bbox 177 1970 320 2014; x_wconf 80' lang='lat' dir='ltr'>Legenti</span> <span class='ocrx_word' id='word_1_243' title='bbox 346 1980 466 2006; x_wconf 84' lang='lat' dir='ltr'>antem</span> <span class='ocrx_word' id='word_1_244' title='bbox 492 1971 586 2006; x_wconf 86' lang='lat' dir='ltr'>hunc</span> <span class='ocrx_word' id='word_1_245' title='bbox 609 1971 779 2006; x_wconf 79' lang='lat' dir='ltr'>eximium</span> <span class='ocrx_word' id='word_1_246' title='bbox 805 1969 938 2004; x_wconf 71' lang='lat' dir='ltr'>Scliolae</span> <span class='ocrx_word' id='word_1_247' title='bbox 959 1966 1189 2012; x_wconf 78' lang='lat' dir='ltr'>Augustinia-</span> 
     </span>
     <span class='ocr_line' id='line_1_34' title="bbox 52 2013 1186 2066; baseline -0.004 -17"><span class='ocrx_word' id='word_1_248' title='bbox 52 2024 108 2047; x_wconf 65' lang='grc' dir='ltr'>πει</span> <span class='ocrx_word' id='word_1_249' title='bbox 135 2015 348 2061; x_wconf 79' lang='lat' dir='ltr'>Magistrum</span> <span class='ocrx_word' id='word_1_250' title='bbox 375 2031 443 2052; x_wconf 90' lang='lat' dir='ltr'>non</span> <span class='ocrx_word' id='word_1_251' title='bbox 479 2020 528 2054; x_wconf 78' lang='lat' dir='ltr'>ita</span> <span class='ocrx_word' id='word_1_252' title='bbox 554 2018 688 2064; x_wconf 87' lang='lat' dir='ltr'>liquido</span> <span class='ocrx_word' id='word_1_253' title='bbox 711 2025 883 2062; x_wconf 81' lang='lat' dir='ltr'>apparet,</span> <span class='ocrx_word' id='word_1_254' title='bbox 920 2013 1081 2048; x_wconf 85' lang='lat' dir='ltr'>eumdem</span> <span class='ocrx_word' id='word_1_255' title='bbox 1107 2025 1186 2066; x_wconf 77' lang='lat' dir='ltr'>sen·</span> 
     </span>
     <span class='ocr_line' id='line_1_35' title="bbox 55 2062 1184 2108; baseline -0.001 -13"><span class='ocrx_word' id='word_1_256' title='bbox 55 2062 177 2095; x_wconf 77' lang='lat' dir='ltr'>tentiae</span> <span class='ocrx_word' id='word_1_257' title='bbox 204 2066 364 2099; x_wconf 72' lang='lat' dir='ltr'>virtualis</span> <span class='ocrx_word' id='word_1_258' title='bbox 389 2067 572 2100; x_wconf 77' lang='lat' dir='ltr'>relationis</span> <span class='ocrx_word' id='word_1_259' title='bbox 599 2067 771 2108; x_wconf 68' lang='lat' dir='ltr'>explicita.-</span> <span class='ocrx_word' id='word_1_260' title='bbox 795 2063 953 2096; x_wconf 88' lang='lat' dir='ltr'>omnium</span> <span class='ocrx_word' id='word_1_261' title='bbox 980 2071 1126 2105; x_wconf 84' lang='lat' dir='ltr'>opernm</span> <span class='ocrx_word' id='word_1_262' title='bbox 1150 2072 1184 2093; x_wconf 80' lang='lat' dir='ltr'>tn</span> 
     </span>
     <span class='ocr_line' id='line_1_36' title="bbox 56 2106 1183 2154; baseline -0.003 -12"><span class='ocrx_word' id='word_1_263' title='bbox 56 2106 173 2142; x_wconf 77' lang='lat' dir='ltr'>Deum</span> <span class='ocrx_word' id='word_1_264' title='bbox 197 2111 438 2154; x_wconf 85' lang='lat' dir='ltr'>patrocinari.</span> <span class='ocrx_word' id='word_1_265' title='bbox 465 2111 654 2153; x_wconf 74' lang='lat' dir='ltr'>Postquam</span> <span class='ocrx_word' id='word_1_266' title='bbox 679 2108 945 2153; x_wconf 75' lang='lat' dir='ltr'>enim&#39;plnriina</span> <span class='ocrx_word' id='word_1_267' title='bbox 964 2109 999 2140; x_wconf 79' lang='lat' dir='ltr'>S.</span> <span class='ocrx_word' id='word_1_268' title='bbox 1015 2108 1183 2151; x_wconf 80' lang='lat' dir='ltr'>Angusti-</span> 
     </span>
     <span class='ocr_line' id='line_1_37' title="bbox 55 2153 1184 2199; baseline 0 -13"><span class='ocrx_word' id='word_1_269' title='bbox 55 2153 92 2186; x_wconf 78' lang='lat' dir='ltr'>ni</span> <span class='ocrx_word' id='word_1_270' title='bbox 113 2154 313 2188; x_wconf 86' lang='lat' dir='ltr'>testimonia</span> <span class='ocrx_word' id='word_1_271' title='bbox 339 2156 516 2188; x_wconf 79' lang='lat' dir='ltr'>attulisset</span> <span class='ocrx_word' id='word_1_272' title='bbox 542 2153 687 2189; x_wconf 82' lang='lat' dir='ltr'>adhanc</span> <span class='ocrx_word' id='word_1_273' title='bbox 705 2166 781 2188; x_wconf 74' lang='lat' dir='ltr'>rein</span> <span class='ocrx_word' id='word_1_274' title='bbox 793 2155 1005 2199; x_wconf 75' lang='lat' dir='ltr'>pertinentia</span> <span class='ocrx_word' id='word_1_275' title='bbox 1032 2154 1082 2186; x_wconf 83' lang='lat' dir='ltr'>sic</span> <span class='ocrx_word' id='word_1_276' title='bbox 1100 2157 1184 2186; x_wconf 54' lang='lat' dir='ltr'>con*</span> 
     </span>
     <span class='ocr_line' id='line_1_38' title="bbox 55 2198 1184 2247; baseline 0.001 -14"><span class='ocrx_word' id='word_1_277' title='bbox 55 2198 192 2239; x_wconf 77' lang='lat' dir='ltr'>cludit3</span> <span class='ocrx_word' id='word_1_278' title='bbox 221 2199 277 2232; x_wconf 75' lang='lat' dir='ltr'>Ex</span> <span class='ocrx_word' id='word_1_279' title='bbox 303 2200 361 2233; x_wconf 74' lang='lat' dir='ltr'>his</span> <span class='ocrx_word' id='word_1_280' title='bbox 385 2209 504 2243; x_wconf 83' lang='lat' dir='ltr'>patet,</span> <span class='ocrx_word' id='word_1_281' title='bbox 528 2203 615 2247; x_wconf 82' lang='lat' dir='ltr'>quod</span> <span class='ocrx_word' id='word_1_282' title='bbox 633 2202 798 2246; x_wconf 68' lang='lat' dir='ltr'>quidquid</span> <span class='ocrx_word' id='word_1_283' title='bbox 818 2201 912 2233; x_wconf 80' lang='lat' dir='ltr'>hamo</span> <span class='ocrx_word' id='word_1_284' title='bbox 940 2207 1022 2244; x_wconf 79' lang='lat' dir='ltr'>agat</span> <span class='ocrx_word' id='word_1_285' title='bbox 1047 2201 1184 2234; x_wconf 82' lang='lat' dir='ltr'>ultima-</span> 
     </span>
     <span class='ocr_line' id='line_1_39' title="bbox 53 2246 1186 2292; baseline 0.001 -13"><span class='ocrx_word' id='word_1_286' title='bbox 53 2253 89 2278; x_wconf 70' lang='lat' dir='ltr'>te</span> <span class='ocrx_word' id='word_1_287' title='bbox 112 2254 253 2289; x_wconf 83' lang='lat' dir='ltr'>propter</span> <span class='ocrx_word' id='word_1_288' title='bbox 275 2247 393 2288; x_wconf 79' lang='lat' dir='ltr'>aliud,</span> <span class='ocrx_word' id='word_1_289' title='bbox 430 2260 525 2292; x_wconf 75' lang='lat' dir='ltr'>quam</span> <span class='ocrx_word' id='word_1_290' title='bbox 549 2258 690 2292; x_wconf 82' lang='lat' dir='ltr'>propter·</span> <span class='ocrx_word' id='word_1_291' title='bbox 714 2246 824 2281; x_wconf 84' lang='lat' dir='ltr'>Deum</span> <span class='ocrx_word' id='word_1_292' title='bbox 845 2269 856 2288; x_wconf 91' lang='lat'><strong><em>,</em></strong></span> <span class='ocrx_word' id='word_1_293' title='bbox 881 2255 1003 2290; x_wconf 73' lang='lat' dir='ltr'>peccat</span> <span class='ocrx_word' id='word_1_294' title='bbox 1021 2261 1035 2284; x_wconf 90' lang='lat'><em>;</em></span> <span class='ocrx_word' id='word_1_295' title='bbox 1060 2257 1102 2280; x_wconf 80' lang='lat' dir='ltr'>ac</span> <span class='ocrx_word' id='word_1_296' title='bbox 1124 2260 1186 2292; x_wconf 80' lang='lat' dir='ltr'>per</span> 
     </span>
     <span class='ocr_line' id='line_1_40' title="bbox 51 2291 1186 2338; baseline 0.002 -13"><span class='ocrx_word' id='word_1_297' title='bbox 51 2291 118 2325; x_wconf 78' lang='lat' dir='ltr'>hoc</span> <span class='ocrx_word' id='word_1_298' title='bbox 142 2293 218 2338; x_wconf 73' lang='lat' dir='ltr'>ejus</span> <span class='ocrx_word' id='word_1_299' title='bbox 242 2301 340 2327; x_wconf 80' lang='lat' dir='ltr'>actus</span> <span class='ocrx_word' id='word_1_300' title='bbox 377 2307 442 2327; x_wconf 87' lang='lat' dir='ltr'>non</span> <span class='ocrx_word' id='word_1_301' title='bbox 469 2303 524 2328; x_wconf 82' lang='lat' dir='ltr'>est</span> <span class='ocrx_word' id='word_1_302' title='bbox 550 2296 771 2338; x_wconf 76' lang='lat' dir='ltr'>inculpabilis</span> <span class='ocrx_word' id='word_1_303' title='bbox 787 2317 795 2325; x_wconf 91' lang='lat'>.</span> <span class='ocrx_word' id='word_1_304' title='bbox 834 2294 921 2336; x_wconf 65' lang='lat' dir='ltr'>Qua!</span> <span class='ocrx_word' id='word_1_305' title='bbox 959 2292 1063 2326; x_wconf 84' lang='lat' dir='ltr'>verba</span> <span class='ocrx_word' id='word_1_306' title='bbox 1091 2293 1186 2327; x_wconf 82' lang='lat' dir='ltr'>haud</span> 
     </span>
     <span class='ocr_line' id='line_1_41' title="bbox 55 2336 1184 2386; baseline 0.004 -17"><span class='ocrx_word' id='word_1_307' title='bbox 55 2336 247 2372; x_wconf 82' lang='lat' dir='ltr'>difficulter</span> <span class='ocrx_word' id='word_1_308' title='bbox 266 2349 411 2384; x_wconf 81' lang='lat' dir='ltr'>possunt</span> <span class='ocrx_word' id='word_1_309' title='bbox 436 2353 515 2374; x_wconf 85' lang='lat' dir='ltr'>cum</span> <span class='ocrx_word' id='word_1_310' title='bbox 541 2352 580 2374; x_wconf 87' lang='lat' dir='ltr'>ea</span> <span class='ocrx_word' id='word_1_311' title='bbox 604 2342 766 2386; x_wconf 81' lang='lat' dir='ltr'>opinione</span> <span class='ocrx_word' id='word_1_312' title='bbox 787 2340 1085 2374; x_wconf 72' lang='lat' dir='ltr'>Scliolasticorutn</span> <span class='ocrx_word' id='word_1_313' title='bbox 1101 2352 1184 2373; x_wconf 81' lang='lat' dir='ltr'>con-</span> 
     </span>
     <span class='ocr_line' id='line_1_42' title="bbox 55 2385 1182 2430; baseline 0.001 -12"><span class='ocrx_word' id='word_1_314' title='bbox 55 2385 172 2418; x_wconf 84' lang='lat' dir='ltr'>ciliari</span> <span class='ocrx_word' id='word_1_315' title='bbox 189 2406 200 2425; x_wconf 86' lang='lat'><em>‚</em></span> <span class='ocrx_word' id='word_1_316' title='bbox 225 2386 285 2430; x_wconf 88' lang='lat' dir='ltr'>qni</span> <span class='ocrx_word' id='word_1_317' title='bbox 310 2385 432 2420; x_wconf 88' lang='lat' dir='ltr'>dicunt</span> <span class='ocrx_word' id='word_1_318' title='bbox 452 2408 464 2427; x_wconf 89' lang='lat'>,</span> <span class='ocrx_word' id='word_1_319' title='bbox 490 2387 645 2421; x_wconf 73' lang='lat' dir='ltr'>sufficere</span> <span class='ocrx_word' id='word_1_320' title='bbox 673 2388 878 2421; x_wconf 70' lang='lat' dir='ltr'>relationem</span> <span class='ocrx_word' id='word_1_321' title='bbox 906 2387 1094 2419; x_wconf 69' lang='lat' dir='ltr'>vurtnaletn</span> <span class='ocrx_word' id='word_1_322' title='bbox 1122 2399 1182 2419; x_wconf 75' lang='lat' dir='ltr'>im-</span> 
     </span>
     <span class='ocr_line' id='line_1_43' title="bbox 50 2431 1182 2479; baseline 0.002 -16"><span class='ocrx_word' id='word_1_323' title='bbox 50 2432 235 2475; x_wconf 81' lang='lat' dir='ltr'>plicitam,</span> <span class='ocrx_word' id='word_1_324' title='bbox 259 2431 402 2477; x_wconf 83' lang='lat' dir='ltr'>qnando</span> <span class='ocrx_word' id='word_1_325' title='bbox 427 2445 549 2479; x_wconf 86' lang='lat' dir='ltr'>nempe</span> <span class='ocrx_word' id='word_1_326' title='bbox 575 2446 662 2479; x_wconf 87' lang='lat' dir='ltr'>opus</span> <span class='ocrx_word' id='word_1_327' title='bbox 688 2435 842 2467; x_wconf 65' lang='lat' dir='ltr'>refertur</span> <span class='ocrx_word' id='word_1_328' title='bbox 867 2431 910 2466; x_wconf 85' lang='lat' dir='ltr'>ad</span> <span class='ocrx_word' id='word_1_329' title='bbox 938 2433 1039 2465; x_wconf 78' lang='lat' dir='ltr'>tinem</span> <span class='ocrx_word' id='word_1_330' title='bbox 1059 2433 1182 2477; x_wconf 79' lang='lat' dir='ltr'>proxi-</span> 
     </span>
     <span class='ocr_line' id='line_1_44' title="bbox 50 2477 1180 2526; baseline 0.003 -16"><span class='ocrx_word' id='word_1_331' title='bbox 50 2488 150 2511; x_wconf 85' lang='lat' dir='ltr'>mum</span> <span class='ocrx_word' id='word_1_332' title='bbox 176 2477 312 2513; x_wconf 85' lang='lat' dir='ltr'>bonnm</span> <span class='ocrx_word' id='word_1_333' title='bbox 331 2501 341 2518; x_wconf 87' lang='lat'>‚</span> <span class='ocrx_word' id='word_1_334' title='bbox 377 2483 410 2513; x_wconf 70' lang='grc' dir='ltr'>ἃ</span> <span class='ocrx_word' id='word_1_335' title='bbox 434 2479 620 2514; x_wconf 82' lang='lat' dir='ltr'>honestum</span> <span class='ocrx_word' id='word_1_336' title='bbox 639 2502 650 2522; x_wconf 90' lang='lat'>,</span> <span class='ocrx_word' id='word_1_337' title='bbox 676 2482 737 2526; x_wconf 88' lang='lat' dir='ltr'>qni</span> <span class='ocrx_word' id='word_1_338' title='bbox 764 2492 805 2513; x_wconf 84' lang='lat' dir='ltr'>ex</span> <span class='ocrx_word' id='word_1_339' title='bbox 833 2488 960 2513; x_wconf 83' lang='lat' dir='ltr'>natura</span> <span class='ocrx_word' id='word_1_340' title='bbox 978 2490 1040 2513; x_wconf 82' lang='lat' dir='ltr'>sua</span> <span class='ocrx_word' id='word_1_341' title='bbox 1069 2477 1180 2513; x_wconf 73' lang='lat' dir='ltr'>tendit</span> 
     </span>
     <span class='ocr_line' id='line_1_45' title="bbox 48 2522 252 2558; baseline 0.01 -2"><span class='ocrx_word' id='word_1_342' title='bbox 48 2522 86 2557; x_wconf 79' lang='lat' dir='ltr'>in</span> <span class='ocrx_word' id='word_1_343' title='bbox 113 2524 227 2558; x_wconf 83' lang='lat' dir='ltr'>Deum</span> <span class='ocrx_word' id='word_1_344' title='bbox 242 2548 252 2557; x_wconf 88' lang='lat'>.</span> 
     </span>
    </p>

    <p class='ocr_par' dir='ltr' id='par_1_8' title="bbox 36 2571 1179 3365">
     <span class='ocr_line' id='line_1_46' title="bbox 94 2571 1179 2616; baseline 0.003 -13"><span class='ocrx_word' id='word_1_345' title='bbox 94 2571 142 2610; x_wconf 84' lang='lat' dir='ltr'>(b)</span> <span class='ocrx_word' id='word_1_346' title='bbox 175 2572 269 2605; x_wconf 84' lang='lat' dir='ltr'>luter</span> <span class='ocrx_word' id='word_1_347' title='bbox 282 2572 368 2606; x_wconf 87' lang='lat' dir='ltr'>alios</span> <span class='ocrx_word' id='word_1_348' title='bbox 380 2573 633 2606; x_wconf 69' lang='lat' dir='ltr'>Universitatis</span> <span class='ocrx_word' id='word_1_349' title='bbox 652 2572 883 2606; x_wconf 82' lang='lat' dir='ltr'>ananiensis</span> <span class='ocrx_word' id='word_1_350' title='bbox 899 2572 1067 2607; x_wconf 77' lang='lat' dir='ltr'>articulos</span> <span class='ocrx_word' id='word_1_351' title='bbox 1082 2595 1092 2614; x_wconf 90' lang='lat'>,</span> <span class='ocrx_word' id='word_1_352' title='bbox 1118 2573 1179 2616; x_wconf 86' lang='lat' dir='ltr'>qui</span> 
     </span>
     <span class='ocr_line' id='line_1_47' title="bbox 50 2615 1179 2662; baseline 0.003 -13"><span class='ocrx_word' id='word_1_353' title='bbox 50 2615 118 2650; x_wconf 74' lang='lat' dir='ltr'>aul)</span> <span class='ocrx_word' id='word_1_354' title='bbox 145 2617 350 2652; x_wconf 74' lang='lat' dir='ltr'>Alexandro</span> <span class='ocrx_word' id='word_1_355' title='bbox 366 2619 440 2652; x_wconf 85' lang='lat' dir='ltr'>Vn.</span> <span class='ocrx_word' id='word_1_356' title='bbox 470 2632 592 2653; x_wconf 82' lang='lat' dir='ltr'>severo</span> <span class='ocrx_word' id='word_1_357' title='bbox 616 2620 767 2653; x_wconf 74' lang='lat' dir='ltr'>examini</span> <span class='ocrx_word' id='word_1_358' title='bbox 796 2618 945 2662; x_wconf 81' lang='lat' dir='ltr'>subjecti</span> <span class='ocrx_word' id='word_1_359' title='bbox 962 2620 1082 2660; x_wconf 75' lang='lat' dir='ltr'>suere,</span> <span class='ocrx_word' id='word_1_360' title='bbox 1109 2628 1179 2652; x_wconf 85' lang='lat' dir='ltr'>tres</span> 
     </span>
     <span class='ocr_line' id='line_1_48' title="bbox 50 2661 1178 2711; baseline 0.003 -15"><span class='ocrx_word' id='word_1_361' title='bbox 50 2673 155 2697; x_wconf 77' lang='lat' dir='ltr'>erant</span> <span class='ocrx_word' id='word_1_362' title='bbox 182 2663 223 2698; x_wconf 83' lang='lat' dir='ltr'>ad</span> <span class='ocrx_word' id='word_1_363' title='bbox 249 2661 340 2698; x_wconf 72' lang='lat' dir='ltr'>hanc</span> <span class='ocrx_word' id='word_1_364' title='bbox 365 2668 552 2700; x_wconf 79' lang='lat' dir='ltr'>materiam</span> <span class='ocrx_word' id='word_1_365' title='bbox 578 2675 775 2711; x_wconf 69' lang='lat' dir='ltr'>spectantes</span> <span class='ocrx_word' id='word_1_366' title='bbox 791 2688 798 2696; x_wconf 92' lang='lat'><strong><em>.</em></strong></span> <span class='ocrx_word' id='word_1_367' title='bbox 827 2664 988 2706; x_wconf 74' lang='lat' dir='ltr'>Primus,</span> <span class='ocrx_word' id='word_1_368' title='bbox 1013 2667 1101 2711; x_wconf 78' lang='lat' dir='ltr'>quod</span> <span class='ocrx_word' id='word_1_369' title='bbox 1125 2674 1178 2698; x_wconf 80' lang='lat' dir='ltr'>ta-</span> 
     </span>
     <span class='ocr_line' id='line_1_49' title="bbox 50 2712 1178 2756; baseline 0.004 -15"><span class='ocrx_word' id='word_1_370' title='bbox 50 2714 155 2744; x_wconf 77' lang='lat' dir='ltr'>metsi</span> <span class='ocrx_word' id='word_1_371' title='bbox 193 2714 304 2756; x_wconf 81' lang='lat' dir='ltr'>aliqui</span> <span class='ocrx_word' id='word_1_372' title='bbox 332 2712 549 2747; x_wconf 72' lang='lat' dir='ltr'>Scholastaci</span> <span class='ocrx_word' id='word_1_373' title='bbox 584 2717 759 2756; x_wconf 79' lang='lat' dir='ltr'>accipiant</span> <span class='ocrx_word' id='word_1_374' title='bbox 784 2712 990 2747; x_wconf 82' lang='lat' dir='ltr'>charitatem</span> <span class='ocrx_word' id='word_1_375' title='bbox 1014 2727 1076 2756; x_wconf 73' lang='lat' dir='ltr'>pro</span> <span class='ocrx_word' id='word_1_376' title='bbox 1103 2714 1178 2745; x_wconf 71' lang='lat' dir='ltr'>sola</span> 
     </span>
     <span class='ocr_line' id='line_1_50' title="bbox 48 2753 1178 2804; baseline 0.001 -15"><span class='ocrx_word' id='word_1_377' title='bbox 48 2753 123 2793; x_wconf 81' lang='lat' dir='ltr'>Dei</span> <span class='ocrx_word' id='word_1_378' title='bbox 148 2759 370 2800; x_wconf 71' lang='lat' dir='ltr'>dilectione,</span> <span class='ocrx_word' id='word_1_379' title='bbox 406 2773 473 2804; x_wconf 76' lang='lat' dir='ltr'>qua</span> <span class='ocrx_word' id='word_1_380' title='bbox 497 2769 549 2793; x_wconf 80' lang='lat' dir='ltr'>eet</span> <span class='ocrx_word' id='word_1_381' title='bbox 575 2769 693 2792; x_wconf 79' lang='lat' dir='ltr'>nostra</span> <span class='ocrx_word' id='word_1_382' title='bbox 719 2771 790 2792; x_wconf 82' lang='lat' dir='ltr'>cum</span> <span class='ocrx_word' id='word_1_383' title='bbox 816 2771 854 2791; x_wconf 78' lang='lat' dir='ltr'>eo</span> <span class='ocrx_word' id='word_1_384' title='bbox 878 2771 941 2802; x_wconf 75' lang='lat' dir='ltr'>per</span> <span class='ocrx_word' id='word_1_385' title='bbox 964 2764 1178 2803; x_wconf 80' lang='lat' dir='ltr'>peccatorum</span> 
     </span>
     <span class='ocr_line' id='line_1_51' title="bbox 48 2805 1178 2850; baseline 0.004 -16"><span class='ocrx_word' id='word_1_386' title='bbox 48 2807 289 2838; x_wconf 81' lang='lat' dir='ltr'>remissionem</span> <span class='ocrx_word' id='word_1_387' title='bbox 313 2811 496 2850; x_wconf 73' lang='lat' dir='ltr'>arnicina,</span> <span class='ocrx_word' id='word_1_388' title='bbox 522 2815 631 2840; x_wconf 76' lang='lat' dir='ltr'>tamen</span> <span class='ocrx_word' id='word_1_389' title='bbox 651 2808 691 2838; x_wconf 67' lang='grc' dir='ltr'>ὃ.</span> <span class='ocrx_word' id='word_1_390' title='bbox 706 2807 944 2850; x_wconf 77' lang='lat' dir='ltr'>Augustinus,</span> <span class='ocrx_word' id='word_1_391' title='bbox 969 2811 1008 2839; x_wconf 56' lang='grc' dir='ltr'>ζ’)</span> <span class='ocrx_word' id='word_1_392' title='bbox 1027 2809 1092 2840; x_wconf 87' lang='lat' dir='ltr'>alii</span> <span class='ocrx_word' id='word_1_393' title='bbox 1114 2805 1178 2838; x_wconf 76' lang='grc' dir='ltr'>Ρα-</span> 
     </span>
     <span class='ocr_line' id='line_1_52' title="bbox 48 2853 1177 2897; baseline 0.002 -14"><span class='ocrx_word' id='word_1_394' title='bbox 48 2855 124 2880; x_wconf 69' lang='lat' dir='ltr'>tre:</span> <span class='ocrx_word' id='word_1_395' title='bbox 149 2862 222 2884; x_wconf 84' lang='lat' dir='ltr'>eam</span> <span class='ocrx_word' id='word_1_396' title='bbox 250 2864 378 2885; x_wconf 79' lang='lat' dir='ltr'>sumere</span> <span class='ocrx_word' id='word_1_397' title='bbox 405 2855 540 2887; x_wconf 84' lang='lat' dir='ltr'>soleant</span> <span class='ocrx_word' id='word_1_398' title='bbox 567 2866 627 2896; x_wconf 81' lang='lat' dir='ltr'>pro</span> <span class='ocrx_word' id='word_1_399' title='bbox 653 2857 771 2897; x_wconf 74' lang='lat' dir='ltr'>quavis</span> <span class='ocrx_word' id='word_1_400' title='bbox 799 2855 943 2896; x_wconf 79' lang='lat' dir='ltr'>supremi</span> <span class='ocrx_word' id='word_1_401' title='bbox 977 2853 1052 2886; x_wconf 79' lang='lat' dir='ltr'>boni</span> <span class='ocrx_word' id='word_1_402' title='bbox 1079 2861 1177 2885; x_wconf 66' lang='lat' dir='ltr'>cussa</span> 
     </span>
     <span class='ocr_line' id='line_1_53' title="bbox 40 2899 1176 2943; baseline 0.004 -15"><span class='ocrx_word' id='word_1_403' title='bbox 40 2904 183 2938; x_wconf 80' lang='lat' dir='ltr'>propter</span> <span class='ocrx_word' id='word_1_404' title='bbox 208 2909 245 2929; x_wconf 84' lang='lat' dir='ltr'>se</span> <span class='ocrx_word' id='word_1_405' title='bbox 270 2899 463 2934; x_wconf 68' lang='lat' dir='ltr'>dilectione</span> <span class='ocrx_word' id='word_1_406' title='bbox 482 2923 490 2931; x_wconf 93' lang='lat'>.</span> <span class='ocrx_word' id='word_1_407' title='bbox 530 2899 709 2933; x_wconf 83' lang='lat' dir='ltr'>Secundus</span> <span class='ocrx_word' id='word_1_408' title='bbox 724 2922 735 2940; x_wconf 92' lang='lat'><strong>,</strong></span> <span class='ocrx_word' id='word_1_409' title='bbox 771 2900 857 2943; x_wconf 70' lang='lat' dir='ltr'>quenl</span> <span class='ocrx_word' id='word_1_410' title='bbox 882 2911 977 2933; x_wconf 69' lang='lat' dir='ltr'>(omne</span> <span class='ocrx_word' id='word_1_411' title='bbox 1002 2913 1082 2942; x_wconf 78' lang='lat' dir='ltr'>opus</span> <span class='ocrx_word' id='word_1_412' title='bbox 1104 2921 1115 2940; x_wconf 90' lang='lat'>‚</span> <span class='ocrx_word' id='word_1_413' title='bbox 1141 2907 1176 2932; x_wconf 80' lang='lat' dir='ltr'>at</span> 
     </span>
     <span class='ocr_line' id='line_1_54' title="bbox 46 2943 1174 2990; baseline 0.004 -16"><span class='ocrx_word' id='word_1_414' title='bbox 46 2943 147 2983; x_wconf 82' lang='lat' dir='ltr'>plene</span> <span class='ocrx_word' id='word_1_415' title='bbox 171 2943 287 2976; x_wconf 84' lang='lat' dir='ltr'>bonum</span> <span class='ocrx_word' id='word_1_416' title='bbox 312 2949 384 2985; x_wconf 77' lang='lat' dir='ltr'>sit,</span> <span class='ocrx_word' id='word_1_417' title='bbox 422 2951 461 2980; x_wconf 71' lang='lat'>(7</span> <span class='ocrx_word' id='word_1_418' title='bbox 490 2960 531 2980; x_wconf 90' lang='lat' dir='ltr'>ne</span> <span class='ocrx_word' id='word_1_419' title='bbox 557 2949 740 2980; x_wconf 74' lang='lat' dir='ltr'>venialiter</span> <span class='ocrx_word' id='word_1_420' title='bbox 765 2947 900 2990; x_wconf 65' lang='lat' dir='ltr'>«saulem</span> <span class='ocrx_word' id='word_1_421' title='bbox 934 2950 968 2978; x_wconf 85' lang='lat' dir='ltr'>in</span> <span class='ocrx_word' id='word_1_422' title='bbox 995 2960 1032 2978; x_wconf 81' lang='lat' dir='ltr'>eo</span> <span class='ocrx_word' id='word_1_423' title='bbox 1059 2948 1174 2980; x_wconf 80' lang='lat' dir='ltr'>delin-</span> 
     </span>
     <span class='ocr_line' id='line_1_55' title="bbox 43 2991 1171 3037; baseline 0.005 -18"><span class='ocrx_word' id='word_1_424' title='bbox 43 2997 163 3031; x_wconf 78' lang='lat' dir='ltr'>qua·11r</span> <span class='ocrx_word' id='word_1_425' title='bbox 181 3011 192 3030; x_wconf 88' lang='lat'>‚</span> <span class='ocrx_word' id='word_1_426' title='bbox 217 2991 341 3024; x_wconf 82' lang='lat' dir='ltr'>debeat</span> <span class='ocrx_word' id='word_1_427' title='bbox 362 3005 407 3024; x_wconf 77' lang='lat' dir='ltr'>er</span> <span class='ocrx_word' id='word_1_428' title='bbox 416 2996 479 3027; x_wconf 81' lang='lat' dir='ltr'>tali</span> <span class='ocrx_word' id='word_1_429' title='bbox 498 2994 674 3027; x_wconf 73' lang='lat' dir='ltr'>charitate</span> <span class='ocrx_word' id='word_1_430' title='bbox 691 2994 879 3037; x_wconf 82' lang='lat' dir='ltr'>procedere</span> <span class='ocrx_word' id='word_1_431' title='bbox 892 3014 902 3033; x_wconf 87' lang='lat'>‚</span> <span class='ocrx_word' id='word_1_432' title='bbox 927 3005 969 3026; x_wconf 86' lang='lat' dir='ltr'>ac</span> <span class='ocrx_word' id='word_1_433' title='bbox 986 3005 1048 3036; x_wconf 78' lang='lat' dir='ltr'>per</span> <span class='ocrx_word' id='word_1_434' title='bbox 1062 2998 1171 3036; x_wconf 81' lang='lat' dir='ltr'>ipsum</span> 
     </span>
     <span class='ocr_line' id='line_1_56' title="bbox 44 3033 1170 3079; baseline 0.006 -12"><span class='ocrx_word' id='word_1_435' title='bbox 44 3033 175 3078; x_wconf 79' lang='lat' dir='ltr'>referri</span> <span class='ocrx_word' id='word_1_436' title='bbox 200 3040 236 3069; x_wconf 84' lang='lat' dir='ltr'>in</span> <span class='ocrx_word' id='word_1_437' title='bbox 258 3035 437 3072; x_wconf 76' lang='lat' dir='ltr'>Dominum</span> <span class='ocrx_word' id='word_1_438' title='bbox 458 3039 588 3073; x_wconf 84' lang='lat' dir='ltr'>Deum.</span> <span class='ocrx_word' id='word_1_439' title='bbox 618 3041 786 3079; x_wconf 78' lang='lat' dir='ltr'>Tertius;</span> <span class='ocrx_word' id='word_1_440' title='bbox 815 3044 916 3073; x_wconf 83' lang='lat' dir='ltr'>istam</span> <span class='ocrx_word' id='word_1_441' title='bbox 943 3051 1052 3073; x_wconf 80' lang='lat' dir='ltr'>tamen</span> <span class='ocrx_word' id='word_1_442' title='bbox 1080 3042 1170 3074; x_wconf 83' lang='lat' dir='ltr'>rela-</span> 
     </span>
     <span class='ocr_line' id='line_1_57' title="bbox 45 3084 1171 3130; baseline 0.005 -16"><span class='ocrx_word' id='word_1_443' title='bbox 45 3084 175 3115; x_wconf 74' lang='lat' dir='ltr'>tionem</span> <span class='ocrx_word' id='word_1_444' title='bbox 201 3096 265 3116; x_wconf 85' lang='lat' dir='ltr'>non</span> <span class='ocrx_word' id='word_1_445' title='bbox 292 3084 417 3118; x_wconf 83' lang='lat' dir='ltr'>debere</span> <span class='ocrx_word' id='word_1_446' title='bbox 433 3086 523 3130; x_wconf 88' lang='lat' dir='ltr'>fieri</span> <span class='ocrx_word' id='word_1_447' title='bbox 549 3099 608 3130; x_wconf 81' lang='lat' dir='ltr'>per</span> <span class='ocrx_word' id='word_1_448' title='bbox 634 3087 838 3120; x_wconf 70' lang='lat' dir='ltr'>charitatem</span> <span class='ocrx_word' id='word_1_449' title='bbox 863 3087 1052 3130; x_wconf 77' lang='lat' dir='ltr'>perfectam</span> <span class='ocrx_word' id='word_1_450' title='bbox 1071 3109 1082 3127; x_wconf 86' lang='lat'>‚</span> <span class='ocrx_word' id='word_1_451' title='bbox 1110 3088 1171 3120; x_wconf 64' lang='lat' dir='ltr'>secl</span> 
     </span>
     <span class='ocr_line' id='line_1_58' title="bbox 45 3130 1170 3177; baseline 0.005 -16"><span class='ocrx_word' id='word_1_452' title='bbox 45 3130 227 3170; x_wconf 60' lang='lat' dir='ltr'>sufficere,</span> <span class='ocrx_word' id='word_1_453' title='bbox 251 3143 322 3164; x_wconf 83' lang='lat' dir='ltr'>eam</span> <span class='ocrx_word' id='word_1_454' title='bbox 338 3131 430 3174; x_wconf 80' lang='lat' dir='ltr'>sieri</span> <span class='ocrx_word' id='word_1_455' title='bbox 454 3145 516 3177; x_wconf 75' lang='lat' dir='ltr'>per</span> <span class='ocrx_word' id='word_1_456' title='bbox 534 3133 792 3177; x_wconf 75' lang='lat' dir='ltr'>unperfec-’atn;</span> <span class='ocrx_word' id='word_1_457' title='bbox 819 3146 880 3166; x_wconf 84' lang='lat' dir='ltr'>nec</span> <span class='ocrx_word' id='word_1_458' title='bbox 905 3146 987 3176; x_wconf 81' lang='lat' dir='ltr'>opus</span> <span class='ocrx_word' id='word_1_459' title='bbox 1013 3146 1090 3167; x_wconf 80' lang='lat' dir='ltr'>esse</span> <span class='ocrx_word' id='word_1_460' title='bbox 1118 3146 1170 3167; x_wconf 85' lang='lat' dir='ltr'>re-</span> 
     </span>
     <span class='ocr_line' id='line_1_59' title="bbox 47 3173 1171 3225; baseline 0.004 -17"><span class='ocrx_word' id='word_1_461' title='bbox 47 3173 177 3209; x_wconf 81' lang='lat' dir='ltr'>latione</span> <span class='ocrx_word' id='word_1_462' title='bbox 198 3189 240 3210; x_wconf 74' lang='lat' dir='ltr'>ex</span> <span class='ocrx_word' id='word_1_463' title='bbox 253 3177 428 3212; x_wconf 72' lang='lat' dir='ltr'>charitate</span> <span class='ocrx_word' id='word_1_464' title='bbox 446 3182 594 3220; x_wconf 76' lang='lat' dir='ltr'>actuali,</span> <span class='ocrx_word' id='word_1_465' title='bbox 614 3185 688 3219; x_wconf 68' lang='lat' dir='ltr'>sive,</span> <span class='ocrx_word' id='word_1_466' title='bbox 704 3193 745 3213; x_wconf 73' lang='lat' dir='ltr'>er</span> <span class='ocrx_word' id='word_1_467' title='bbox 759 3181 946 3220; x_wconf 62' lang='lat' dir='ltr'>chamae,</span> <span class='ocrx_word' id='word_1_468' title='bbox 967 3194 1065 3224; x_wconf 82' lang='lat' dir='ltr'>super</span> <span class='ocrx_word' id='word_1_469' title='bbox 1077 3194 1171 3225; x_wconf 70' lang='lat' dir='ltr'>quam</span> 
     </span>
     <span class='ocr_line' id='line_1_60' title="bbox 36 3217 1171 3270; baseline 0.008 -18"><span class='ocrx_word' id='word_1_470' title='bbox 36 3217 111 3263; x_wconf 76' lang='lat' dir='ltr'>fiat</span> <span class='ocrx_word' id='word_1_471' title='bbox 124 3225 273 3257; x_wconf 80' lang='lat' dir='ltr'>actualis</span> <span class='ocrx_word' id='word_1_472' title='bbox 301 3225 449 3266; x_wconf 71' lang='lat' dir='ltr'>reflexio</span> <span class='ocrx_word' id='word_1_473' title='bbox 524 3228 586 3259; x_wconf 78' lang='lat' dir='ltr'>sed</span> <span class='ocrx_word' id='word_1_474' title='bbox 613 3229 787 3269; x_wconf 78' lang='lat' dir='ltr'>sufficere,</span> <span class='ocrx_word' id='word_1_475' title='bbox 814 3227 901 3270; x_wconf 69' lang='lat' dir='ltr'>quad</span> <span class='ocrx_word' id='word_1_476' title='bbox 925 3239 1026 3268; x_wconf 72' lang='lat' dir='ltr'>opera</span> <span class='ocrx_word' id='word_1_477' title='bbox 1054 3236 1171 3261; x_wconf 79' lang='lat' dir='ltr'>nostra</span> 
     </span>
     <span class='ocr_line' id='line_1_61' title="bbox 45 3266 1171 3318; baseline 0.007 -19"><span class='ocrx_word' id='word_1_478' title='bbox 45 3277 106 3312; x_wconf 81' lang='lat' dir='ltr'>per</span> <span class='ocrx_word' id='word_1_479' title='bbox 131 3266 333 3304; x_wconf 79' lang='lat' dir='ltr'>charitatem</span> <span class='ocrx_word' id='word_1_480' title='bbox 360 3276 535 3306; x_wconf 68' lang='lat' dir='ltr'>virtualem</span> <span class='ocrx_word' id='word_1_481' title='bbox 554 3278 586 3306; x_wconf 89' lang='lat' dir='ltr'>in</span> <span class='ocrx_word' id='word_1_482' title='bbox 606 3273 711 3306; x_wconf 87' lang='lat' dir='ltr'>Deum</span> <span class='ocrx_word' id='word_1_483' title='bbox 738 3273 929 3318; x_wconf 67' lang='lat' dir='ltr'>reserantur</span> <span class='ocrx_word' id='word_1_484' title='bbox 948 3296 955 3303; x_wconf 90' lang='lat'><strong>.</strong></span> <span class='ocrx_word' id='word_1_485' title='bbox 987 3274 1090 3307; x_wconf 75' lang='lat' dir='ltr'>l‘orro</span> <span class='ocrx_word' id='word_1_486' title='bbox 1115 3275 1171 3307; x_wconf 80' lang='lat' dir='ltr'>vix·</span> 
     </span>
     <span class='ocr_line' id='line_1_62' title="bbox 45 3313 1170 3365; baseline 0.009 -19"><span class='ocrx_word' id='word_1_487' title='bbox 45 3313 284 3360; x_wconf 81' lang='lat' dir='ltr'>amplissimus</span> <span class='ocrx_word' id='word_1_488' title='bbox 310 3319 418 3353; x_wconf 83' lang='lat' dir='ltr'>Lanr·</span> <span class='ocrx_word' id='word_1_489' title='bbox 444 3320 636 3356; x_wconf 82' lang='lat' dir='ltr'>Brancatns</span> <span class='ocrx_word' id='word_1_490' title='bbox 660 3318 702 3355; x_wconf 84' lang='lat' dir='ltr'>de</span> <span class='ocrx_word' id='word_1_491' title='bbox 721 3321 855 3355; x_wconf 83' lang='lat' dir='ltr'>Laurea</span> <span class='ocrx_word' id='word_1_492' title='bbox 874 3341 886 3361; x_wconf 88' lang='lat'>,</span> <span class='ocrx_word' id='word_1_493' title='bbox 912 3321 973 3365; x_wconf 73' lang='lat' dir='ltr'>qni</span> <span class='ocrx_word' id='word_1_494' title='bbox 999 3329 1082 3355; x_wconf 86' lang='lat' dir='ltr'>tnnc</span> <span class='ocrx_word' id='word_1_495' title='bbox 1105 3321 1170 3356; x_wconf 83' lang='lat' dir='ltr'>Su·</span> 
     </span>
    </p>
   </div>
   <div class='ocr_carea' id='block_1_7' title="bbox 2255 133 2338 189">
    <p class='ocr_par' dir='ltr' id='par_1_9' title="bbox 2255 133 2338 189">
     <span class='ocr_line' id='line_1_63' title="bbox 2255 133 2338 189; baseline 0.036 -16"><span class='ocrx_word' id='word_1_496' title='bbox 2255 133 2338 189; x_wconf 79' lang='lat'>189</span> 
     </span>
    </p>
   </div>
   <div class='ocr_carea' id='block_1_8' title="bbox 1253 203 2415 1913">
    <p class='ocr_par' dir='ltr' id='par_1_10' title="bbox 1256 203 2415 884">
     <span class='ocr_line' id='line_1_64' title="bbox 1272 203 2390 255; baseline 0.007 -15"><span class='ocrx_word' id='word_1_497' title='bbox 1272 233 1298 254; x_wconf 88' lang='lat'>„</span> <span class='ocrx_word' id='word_1_498' title='bbox 1328 204 1453 251; x_wconf 87' lang='lat' dir='ltr'>veris,</span> <span class='ocrx_word' id='word_1_499' title='bbox 1483 217 1558 243; x_wconf 90' lang='lat' dir='ltr'>non</span> <span class='ocrx_word' id='word_1_500' title='bbox 1585 205 1750 253; x_wconf 78' lang='lat' dir='ltr'>officiis,</span> <span class='ocrx_word' id='word_1_501' title='bbox 1778 203 1840 244; x_wconf 85' lang='lat' dir='ltr'>sed</span> <span class='ocrx_word' id='word_1_502' title='bbox 1870 205 2039 255; x_wconf 84' lang='lat' dir='ltr'>finibus,</span> <span class='ocrx_word' id='word_1_503' title='bbox 2067 221 2091 246; x_wconf 81' lang='lat' dir='ltr'>a</span> <span class='ocrx_word' id='word_1_504' title='bbox 2119 209 2222 248; x_wconf 84' lang='lat' dir='ltr'>vitiis</span> <span class='ocrx_word' id='word_1_505' title='bbox 2249 210 2390 249; x_wconf 82' lang='lat' dir='ltr'>discer-</span> 
     </span>
     <span class='ocr_line' id='line_1_65' title="bbox 1272 256 2390 316; baseline 0.009 -23"><span class='ocrx_word' id='word_1_506' title='bbox 1272 287 1298 307; x_wconf 85' lang='lat'>„</span> <span class='ocrx_word' id='word_1_507' title='bbox 1327 256 1465 294; x_wconf 74' lang='lat' dir='ltr'>nen&#39;las</span> <span class='ocrx_word' id='word_1_508' title='bbox 1494 272 1571 295; x_wconf 76' lang='lat' dir='ltr'>esse</span> <span class='ocrx_word' id='word_1_509' title='bbox 1600 261 1752 296; x_wconf 82' lang='lat' dir='ltr'>virtutes</span> <span class='ocrx_word' id='word_1_510' title='bbox 1770 285 1781 296; x_wconf 88' lang='lat'><strong>.</strong></span> <span class='ocrx_word' id='word_1_511' title='bbox 1811 259 1994 299; x_wconf 79' lang='lat' dir='ltr'>Officium</span> <span class='ocrx_word' id='word_1_512' title='bbox 2024 272 2075 299; x_wconf 77' lang='lat' dir='ltr'>est</span> <span class='ocrx_word' id='word_1_513' title='bbox 2105 273 2229 301; x_wconf 78' lang='lat' dir='ltr'>autent</span> <span class='ocrx_word' id='word_1_514' title='bbox 2248 294 2258 310; x_wconf 94' lang='lat'>,</span> <span class='ocrx_word' id='word_1_515' title='bbox 2287 262 2390 316; x_wconf 79' lang='lat' dir='ltr'>quod</span> 
     </span>
     <span class='ocr_line' id='line_1_66' title="bbox 1273 310 2388 368; baseline 0.007 -20"><span class='ocrx_word' id='word_1_516' title='bbox 1273 340 1299 360; x_wconf 89' lang='lat'>„</span> <span class='ocrx_word' id='word_1_517' title='bbox 1330 310 1549 350; x_wconf 79' lang='lat' dir='ltr'>faciendum</span> <span class='ocrx_word' id='word_1_518' title='bbox 1578 318 1650 348; x_wconf 83' lang='lat' dir='ltr'>est:</span> <span class='ocrx_word' id='word_1_519' title='bbox 1679 312 1766 350; x_wconf 83' lang='lat' dir='ltr'>finis</span> <span class='ocrx_word' id='word_1_520' title='bbox 1796 326 1910 361; x_wconf 79' lang='lat' dir='ltr'>vem,</span> <span class='ocrx_word' id='word_1_521' title='bbox 1941 325 2092 367; x_wconf 85' lang='lat' dir='ltr'>propter</span> <span class='ocrx_word' id='word_1_522' title='bbox 2111 317 2213 368; x_wconf 83' lang='lat' dir='ltr'>quod</span> <span class='ocrx_word' id='word_1_523' title='bbox 2245 317 2388 356; x_wconf 75' lang='lat' dir='ltr'>facien-</span> 
     </span>
     <span class='ocr_line' id='line_1_67' title="bbox 1264 364 2388 422; baseline 0.007 -21"><span class='ocrx_word' id='word_1_524' title='bbox 1264 394 1291 413; x_wconf 91' lang='lat'>„</span> <span class='ocrx_word' id='word_1_525' title='bbox 1321 365 1415 402; x_wconf 85' lang='lat' dir='ltr'>dum</span> <span class='ocrx_word' id='word_1_526' title='bbox 1445 373 1520 402; x_wconf 81' lang='lat' dir='ltr'>est.</span> <span class='ocrx_word' id='word_1_527' title='bbox 1561 364 1660 402; x_wconf 87' lang='lat' dir='ltr'>Cum</span> <span class='ocrx_word' id='word_1_528' title='bbox 1693 366 1820 416; x_wconf 82' lang='lat' dir='ltr'>itaque</span> <span class='ocrx_word' id='word_1_529' title='bbox 1849 368 1939 405; x_wconf 71' lang='lat' dir='ltr'>facit</span> <span class='ocrx_word' id='word_1_530' title='bbox 1971 368 2083 406; x_wconf 84' lang='lat' dir='ltr'>homo</span> <span class='ocrx_word' id='word_1_531' title='bbox 2111 370 2257 422; x_wconf 83' lang='lat' dir='ltr'>aliquid</span> <span class='ocrx_word' id='word_1_532' title='bbox 2276 401 2287 418; x_wconf 91' lang='lat'><strong>,</strong></span> <span class='ocrx_word' id='word_1_533' title='bbox 2319 370 2388 409; x_wconf 81' lang='lat' dir='ltr'>ubi</span> 
     </span>
     <span class='ocr_line' id='line_1_68' title="bbox 1265 417 2389 474; baseline 0.006 -19"><span class='ocrx_word' id='word_1_534' title='bbox 1265 447 1290 466; x_wconf 85' lang='lat'>,‚</span> <span class='ocrx_word' id='word_1_535' title='bbox 1320 431 1480 470; x_wconf 81' lang='lat' dir='ltr'>peccare</span> <span class='ocrx_word' id='word_1_536' title='bbox 1508 431 1582 456; x_wconf 90' lang='lat' dir='ltr'>non</span> <span class='ocrx_word' id='word_1_537' title='bbox 1613 417 1789 465; x_wconf 87' lang='lat' dir='ltr'>videtur,</span> <span class='ocrx_word' id='word_1_538' title='bbox 1823 421 1852 456; x_wconf 89' lang='lat' dir='ltr'>si</span> <span class='ocrx_word' id='word_1_539' title='bbox 1882 434 1955 460; x_wconf 86' lang='lat' dir='ltr'>nou</span> <span class='ocrx_word' id='word_1_540' title='bbox 1986 432 2136 474; x_wconf 88' lang='lat' dir='ltr'>propter</span> <span class='ocrx_word' id='word_1_541' title='bbox 2168 423 2236 461; x_wconf 81' lang='lat' dir='ltr'>hoc</span> <span class='ocrx_word' id='word_1_542' title='bbox 2268 425 2358 462; x_wconf 66' lang='lat' dir='ltr'>facit</span> <span class='ocrx_word' id='word_1_543' title='bbox 2377 454 2389 472; x_wconf 89' lang='lat'>,</span> 
     </span>
     <span class='ocr_line' id='line_1_69' title="bbox 1262 471 2386 525; baseline 0.005 -16"><span class='ocrx_word' id='word_1_544' title='bbox 1262 501 1289 519; x_wconf 78' lang='lat'>‚,</span> <span class='ocrx_word' id='word_1_545' title='bbox 1322 471 1590 524; x_wconf 85' lang='lat' dir='ltr'>propterquod</span> <span class='ocrx_word' id='word_1_546' title='bbox 1613 471 1884 520; x_wconf 64' lang='lat' dir='ltr'>taceredetmt,</span> <span class='ocrx_word' id='word_1_547' title='bbox 1916 487 2074 525; x_wconf 77' lang='lat' dir='ltr'>peccare</span> <span class='ocrx_word' id='word_1_548' title='bbox 2093 477 2386 515; x_wconf 82' lang='lat' dir='ltr'>convincitur&#39;&#39;.</span> 
     </span>
     <span class='ocr_line' id='line_1_70' title="bbox 1262 523 2386 582; baseline 0.008 -22"><span class='ocrx_word' id='word_1_549' title='bbox 1262 525 1373 572; x_wconf 80' lang='lat' dir='ltr'>Quod</span> <span class='ocrx_word' id='word_1_550' title='bbox 1394 525 1434 563; x_wconf 90' lang='lat' dir='ltr'>S.</span> <span class='ocrx_word' id='word_1_551' title='bbox 1456 525 1561 563; x_wconf 84' lang='lat' dir='ltr'>Pater</span> <span class='ocrx_word' id='word_1_552' title='bbox 1591 523 1776 576; x_wconf 75' lang='lat' dir='ltr'>exemplis</span> <span class='ocrx_word' id='word_1_553' title='bbox 1815 525 2004 574; x_wconf 83' lang='lat' dir='ltr'>illustrat,</span> <span class='ocrx_word' id='word_1_554' title='bbox 2034 538 2113 567; x_wconf 89' lang='lat' dir='ltr'>tum</span> <span class='ocrx_word' id='word_1_555' title='bbox 2147 529 2272 578; x_wconf 75' lang='lat' dir='ltr'>illius,</span> <span class='ocrx_word' id='word_1_556' title='bbox 2317 531 2386 582; x_wconf 84' lang='lat' dir='ltr'>qni</span> 
     </span>
     <span class='ocr_line' id='line_1_71' title="bbox 1260 578 2383 628; baseline 0.005 -13"><span class='ocrx_word' id='word_1_557' title='bbox 1260 580 1310 615; x_wconf 83' lang='lat' dir='ltr'>ab</span> <span class='ocrx_word' id='word_1_558' title='bbox 1330 578 1457 616; x_wconf 75' lang='lat' dir='ltr'>alieno</span> <span class='ocrx_word' id='word_1_559' title='bbox 1477 578 1668 626; x_wconf 82' lang='lat' dir='ltr'>abstinet,</span> <span class='ocrx_word' id='word_1_560' title='bbox 1698 591 1772 617; x_wconf 85' lang='lat' dir='ltr'>non</span> <span class='ocrx_word' id='word_1_561' title='bbox 1787 592 1916 616; x_wconf 81' lang='lat' dir='ltr'>autore</span> <span class='ocrx_word' id='word_1_562' title='bbox 1937 578 2089 628; x_wconf 73' lang='lat' dir='ltr'>justitioe</span> <span class='ocrx_word' id='word_1_563' title='bbox 2108 610 2119 626; x_wconf 90' lang='lat'><em>‚</em></span> <span class='ocrx_word' id='word_1_564' title='bbox 2150 583 2211 620; x_wconf 88' lang='lat' dir='ltr'>sed</span> <span class='ocrx_word' id='word_1_565' title='bbox 2235 598 2282 620; x_wconf 86' lang='lat' dir='ltr'>ne</span> <span class='ocrx_word' id='word_1_566' title='bbox 2302 597 2383 621; x_wconf 76' lang='lat' dir='ltr'>ma-</span> 
     </span>
     <span class='ocr_line' id='line_1_72' title="bbox 1263 631 2384 685; baseline 0.006 -17"><span class='ocrx_word' id='word_1_567' title='bbox 1263 631 1381 676; x_wconf 72' lang='lat' dir='ltr'>iorem</span> <span class='ocrx_word' id='word_1_568' title='bbox 1414 634 1586 683; x_wconf 73' lang='lat' dir='ltr'>pecuniae</span> <span class='ocrx_word' id='word_1_569' title='bbox 1619 645 1810 670; x_wconf 83' lang='lat' dir='ltr'>summam</span> <span class='ocrx_word' id='word_1_570' title='bbox 1843 632 2000 683; x_wconf 83' lang='lat' dir='ltr'>perdere</span> <span class='ocrx_word' id='word_1_571' title='bbox 2029 645 2207 685; x_wconf 55' lang='lat' dir='ltr'>negatum</span> <span class='ocrx_word' id='word_1_572' title='bbox 2238 637 2384 674; x_wconf 74' lang='lat' dir='ltr'>turnil-</span> 
     </span>
     <span class='ocr_line' id='line_1_73' title="bbox 1259 683 2383 740; baseline 0.005 -18"><span class='ocrx_word' id='word_1_573' title='bbox 1259 683 1360 731; x_wconf 83' lang='lat' dir='ltr'>lius,</span> <span class='ocrx_word' id='word_1_574' title='bbox 1389 687 1457 738; x_wconf 82' lang='lat' dir='ltr'>qui</span> <span class='ocrx_word' id='word_1_575' title='bbox 1488 687 1646 738; x_wconf 83' lang='lat' dir='ltr'>pauperi</span> <span class='ocrx_word' id='word_1_576' title='bbox 1679 685 1860 737; x_wconf 81' lang='lat' dir='ltr'>indigenti</span> <span class='ocrx_word' id='word_1_577' title='bbox 1890 685 2094 735; x_wconf 82' lang='lat' dir='ltr'>subvenit,</span> <span class='ocrx_word' id='word_1_578' title='bbox 2125 701 2198 725; x_wconf 89' lang='lat' dir='ltr'>non</span> <span class='ocrx_word' id='word_1_579' title='bbox 2231 700 2383 740; x_wconf 80' lang='lat' dir='ltr'>propter</span> 
     </span>
     <span class='ocr_line' id='line_1_74' title="bbox 1258 738 2382 794; baseline 0.004 -18"><span class='ocrx_word' id='word_1_580' title='bbox 1258 738 1385 776; x_wconf 88' lang='lat' dir='ltr'>Deum</span> <span class='ocrx_word' id='word_1_581' title='bbox 1405 769 1413 785; x_wconf 92' lang='lat'>,</span> <span class='ocrx_word' id='word_1_582' title='bbox 1457 739 1520 777; x_wconf 89' lang='lat' dir='ltr'>sed</span> <span class='ocrx_word' id='word_1_583' title='bbox 1553 747 1704 791; x_wconf 85' lang='lat' dir='ltr'>propter</span> <span class='ocrx_word' id='word_1_584' title='bbox 1735 739 1889 777; x_wconf 84' lang='lat' dir='ltr'>inanem</span> <span class='ocrx_word' id='word_1_585' title='bbox 1917 738 2110 790; x_wconf 78' lang='lat' dir='ltr'>gloriam3</span> <span class='ocrx_word' id='word_1_586' title='bbox 2157 750 2314 794; x_wconf 83' lang='lat' dir='ltr'>uterque</span> <span class='ocrx_word' id='word_1_587' title='bbox 2344 758 2382 781; x_wconf 91' lang='lat' dir='ltr'>e-</span> 
     </span>
     <span class='ocr_line' id='line_1_75' title="bbox 1256 791 2415 845; baseline 0.003 -15"><span class='ocrx_word' id='word_1_588' title='bbox 1256 793 1339 830; x_wconf 83' lang='lat' dir='ltr'>nim</span> <span class='ocrx_word' id='word_1_589' title='bbox 1370 791 1515 830; x_wconf 85' lang='lat' dir='ltr'>bonum</span> <span class='ocrx_word' id='word_1_590' title='bbox 1557 806 1653 845; x_wconf 89' lang='lat' dir='ltr'>opus</span> <span class='ocrx_word' id='word_1_591' title='bbox 1682 805 1728 830; x_wconf 76' lang='lat' dir='ltr'>ex</span> <span class='ocrx_word' id='word_1_592' title='bbox 1755 791 1884 830; x_wconf 77' lang='lat' dir='ltr'>officio</span> <span class='ocrx_word' id='word_1_593' title='bbox 1913 802 2093 845; x_wconf 64' lang='lat' dir='ltr'>praestat,</span> <span class='ocrx_word' id='word_1_594' title='bbox 2141 795 2203 832; x_wconf 86' lang='lat' dir='ltr'>sed</span> <span class='ocrx_word' id='word_1_595' title='bbox 2233 809 2306 833; x_wconf 92' lang='lat' dir='ltr'>non</span> <span class='ocrx_word' id='word_1_596' title='bbox 2337 809 2384 834; x_wconf 75' lang='lat' dir='ltr'>ex</span> <span class='ocrx_word' id='word_1_597' title='bbox 2412 793 2415 795; x_wconf 66' lang='grc'><strong>’</strong></span> 
     </span>
     <span class='ocr_line' id='line_1_76' title="bbox 1258 844 1368 884; baseline 0 -1"><span class='ocrx_word' id='word_1_598' title='bbox 1258 844 1336 884; x_wconf 85' lang='lat' dir='ltr'>fine</span> <span class='ocrx_word' id='word_1_599' title='bbox 1357 871 1368 883; x_wconf 84' lang='grc'>.</span> 
     </span>
    </p>

    <p class='ocr_par' dir='ltr' id='par_1_11' title="bbox 1253 898 2384 1861">
     <span class='ocr_line' id='line_1_77' title="bbox 1317 898 2383 954; baseline 0.005 -18"><span class='ocrx_word' id='word_1_600' title='bbox 1317 899 1405 950; x_wconf 82' lang='lat'>137.</span> <span class='ocrx_word' id='word_1_601' title='bbox 1436 898 1566 937; x_wconf 81' lang='lat' dir='ltr'>Secun</span> <span class='ocrx_word' id='word_1_602' title='bbox 1579 901 1644 936; x_wconf 83' lang='lat' dir='ltr'>lo.</span> <span class='ocrx_word' id='word_1_603' title='bbox 1685 899 1768 938; x_wconf 82' lang='lat' dir='ltr'>Non</span> <span class='ocrx_word' id='word_1_604' title='bbox 1800 899 1923 938; x_wconf 83' lang='lat' dir='ltr'>solum</span> <span class='ocrx_word' id='word_1_605' title='bbox 1963 909 2092 953; x_wconf 85' lang='lat' dir='ltr'>peccat</span> <span class='ocrx_word' id='word_1_606' title='bbox 2124 899 2238 940; x_wconf 78' lang='lat' dir='ltr'>liomo</span> <span class='ocrx_word' id='word_1_607' title='bbox 2265 915 2383 954; x_wconf 82' lang='lat' dir='ltr'>opera</span> 
     </span>
     <span class='ocr_line' id='line_1_78' title="bbox 1256 953 2384 1006; baseline 0.004 -16"><span class='ocrx_word' id='word_1_608' title='bbox 1256 956 1325 991; x_wconf 71' lang='lat' dir='ltr'>sita</span> <span class='ocrx_word' id='word_1_609' title='bbox 1356 953 1524 990; x_wconf 85' lang='lat' dir='ltr'>referens</span> <span class='ocrx_word' id='word_1_610' title='bbox 1556 954 1593 992; x_wconf 92' lang='lat' dir='ltr'>in</span> <span class='ocrx_word' id='word_1_611' title='bbox 1632 954 1749 992; x_wconf 77' lang='lat' dir='ltr'>finem</span> <span class='ocrx_word' id='word_1_612' title='bbox 1783 967 1970 1006; x_wconf 75' lang='lat' dir='ltr'>pravum5</span> <span class='ocrx_word' id='word_1_613' title='bbox 2015 954 2230 1006; x_wconf 79' lang='lat' dir='ltr'>cujusmodi</span> <span class='ocrx_word' id='word_1_614' title='bbox 2261 965 2313 994; x_wconf 88' lang='lat' dir='ltr'>est</span> <span class='ocrx_word' id='word_1_615' title='bbox 2342 972 2384 994; x_wconf 86' lang='lat' dir='ltr'>a-</span> 
     </span>
     <span class='ocr_line' id='line_1_79' title="bbox 1255 1005 2380 1060; baseline 0.004 -16"><span class='ocrx_word' id='word_1_616' title='bbox 1255 1007 1392 1044; x_wconf 83' lang='lat' dir='ltr'>varitia</span> <span class='ocrx_word' id='word_1_617' title='bbox 1410 1036 1420 1054; x_wconf 88' lang='lat'>‚</span> <span class='ocrx_word' id='word_1_618' title='bbox 1464 1005 1523 1044; x_wconf 87' lang='lat' dir='ltr'>vel</span> <span class='ocrx_word' id='word_1_619' title='bbox 1555 1008 1678 1044; x_wconf 82' lang='lat' dir='ltr'>inanis</span> <span class='ocrx_word' id='word_1_620' title='bbox 1706 1006 1827 1058; x_wconf 83' lang='lat' dir='ltr'>gloria</span> <span class='ocrx_word' id='word_1_621' title='bbox 1845 1038 1856 1055; x_wconf 87' lang='lat'>,</span> <span class='ocrx_word' id='word_1_622' title='bbox 1885 1007 1931 1044; x_wconf 86' lang='lat' dir='ltr'>de</span> <span class='ocrx_word' id='word_1_623' title='bbox 1960 1022 2037 1060; x_wconf 86' lang='lat' dir='ltr'>quo</span> <span class='ocrx_word' id='word_1_624' title='bbox 2067 1022 2176 1046; x_wconf 87' lang='lat' dir='ltr'>nemo</span> <span class='ocrx_word' id='word_1_625' title='bbox 2205 1009 2380 1056; x_wconf 85' lang='lat' dir='ltr'>dubitat;</span> 
     </span>
     <span class='ocr_line' id='line_1_80' title="bbox 1255 1060 2383 1114; baseline 0.005 -17"><span class='ocrx_word' id='word_1_626' title='bbox 1255 1060 1319 1097; x_wconf 71' lang='lat' dir='ltr'>sed</span> <span class='ocrx_word' id='word_1_627' title='bbox 1350 1069 1479 1110; x_wconf 81' lang='lat' dir='ltr'>peccat</span> <span class='ocrx_word' id='word_1_628' title='bbox 1520 1061 1635 1098; x_wconf 84' lang='lat' dir='ltr'>etiam</span> <span class='ocrx_word' id='word_1_629' title='bbox 1665 1069 1822 1112; x_wconf 83' lang='lat' dir='ltr'>peccato</span> <span class='ocrx_word' id='word_1_630' title='bbox 1864 1062 2106 1109; x_wconf 83' lang='lat' dir='ltr'>omissionis,</span> <span class='ocrx_word' id='word_1_631' title='bbox 2153 1062 2309 1114; x_wconf 87' lang='lat' dir='ltr'>quando</span> <span class='ocrx_word' id='word_1_632' title='bbox 2338 1078 2383 1103; x_wconf 79' lang='lat' dir='ltr'>ea.</span> 
     </span>
     <span class='ocr_line' id='line_1_81' title="bbox 1257 1112 2382 1166; baseline 0.003 -15"><span class='ocrx_word' id='word_1_633' title='bbox 1257 1112 1413 1165; x_wconf 76' lang='lat' dir='ltr'>negligit</span> <span class='ocrx_word' id='word_1_634' title='bbox 1444 1113 1584 1151; x_wconf 80' lang='lat' dir='ltr'>referre</span> <span class='ocrx_word' id='word_1_635' title='bbox 1615 1115 1652 1151; x_wconf 90' lang='lat' dir='ltr'>in</span> <span class='ocrx_word' id='word_1_636' title='bbox 1683 1114 1801 1152; x_wconf 86' lang='lat' dir='ltr'>finem</span> <span class='ocrx_word' id='word_1_637' title='bbox 1835 1113 2016 1152; x_wconf 87' lang='lat' dir='ltr'>ultimum</span> <span class='ocrx_word' id='word_1_638' title='bbox 2046 1115 2193 1154; x_wconf 84' lang='lat' dir='ltr'>scilicet</span> <span class='ocrx_word' id='word_1_639' title='bbox 2225 1116 2382 1166; x_wconf 86' lang='lat' dir='ltr'>Deum,</span> 
     </span>
     <span class='ocr_line' id='line_1_82' title="bbox 1255 1166 2382 1219; baseline 0.004 -15"><span class='ocrx_word' id='word_1_640' title='bbox 1255 1166 1406 1205; x_wconf 84' lang='lat' dir='ltr'>dicente</span> <span class='ocrx_word' id='word_1_641' title='bbox 1437 1168 1650 1218; x_wconf 79' lang='lat' dir='ltr'>Augustino</span> <span class='ocrx_word' id='word_1_642' title='bbox 1678 1169 1717 1205; x_wconf 91' lang='lat' dir='ltr'>in</span> <span class='ocrx_word' id='word_1_643' title='bbox 1746 1167 1879 1205; x_wconf 83' lang='lat' dir='ltr'>eodem</span> <span class='ocrx_word' id='word_1_644' title='bbox 1908 1167 2015 1206; x_wconf 80' lang='lat' dir='ltr'>loco:</span> <span class='ocrx_word' id='word_1_645' title='bbox 2037 1199 2064 1217; x_wconf 86' lang='lat'>„</span> <span class='ocrx_word' id='word_1_646' title='bbox 2089 1169 2194 1207; x_wconf 69' lang='lat' dir='ltr'>Absit</span> <span class='ocrx_word' id='word_1_647' title='bbox 2225 1180 2351 1209; x_wconf 81' lang='lat' dir='ltr'>autem</span> <span class='ocrx_word' id='word_1_648' title='bbox 2369 1202 2382 1219; x_wconf 84' lang='lat'>,</span> 
     </span>
     <span class='ocr_line' id='line_1_83' title="bbox 1257 1221 2381 1273; baseline 0.004 -16"><span class='ocrx_word' id='word_1_649' title='bbox 1257 1249 1283 1268; x_wconf 86' lang='lat'>,‚</span> <span class='ocrx_word' id='word_1_650' title='bbox 1316 1229 1353 1257; x_wconf 92' lang='lat' dir='ltr'>ut</span> <span class='ocrx_word' id='word_1_651' title='bbox 1383 1221 1537 1258; x_wconf 90' lang='lat' dir='ltr'>virtutes</span> <span class='ocrx_word' id='word_1_652' title='bbox 1554 1234 1655 1259; x_wconf 80' lang='lat' dir='ltr'>verae</span> <span class='ocrx_word' id='word_1_653' title='bbox 1671 1222 1856 1273; x_wconf 81' lang='lat' dir='ltr'>cuiquam</span> <span class='ocrx_word' id='word_1_654' title='bbox 1876 1223 2068 1270; x_wconf 83' lang='lat' dir='ltr'>serviant,</span> <span class='ocrx_word' id='word_1_655' title='bbox 2098 1224 2170 1261; x_wconf 86' lang='lat' dir='ltr'>nisi</span> <span class='ocrx_word' id='word_1_656' title='bbox 2196 1222 2252 1262; x_wconf 86' lang='lat' dir='ltr'>illi</span> <span class='ocrx_word' id='word_1_657' title='bbox 2275 1253 2287 1272; x_wconf 86' lang='lat'>,</span> <span class='ocrx_word' id='word_1_658' title='bbox 2320 1223 2381 1263; x_wconf 88' lang='lat' dir='ltr'>vel</span> 
     </span>
     <span class='ocr_line' id='line_1_84' title="bbox 1255 1273 2381 1325; baseline 0.005 -15"><span class='ocrx_word' id='word_1_659' title='bbox 1255 1302 1281 1321; x_wconf 85' lang='lat'>‚,</span> <span class='ocrx_word' id='word_1_660' title='bbox 1313 1284 1465 1325; x_wconf 88' lang='lat' dir='ltr'>propter</span> <span class='ocrx_word' id='word_1_661' title='bbox 1487 1273 1599 1312; x_wconf 88' lang='lat' dir='ltr'>illum</span> <span class='ocrx_word' id='word_1_662' title='bbox 1618 1303 1629 1322; x_wconf 88' lang='lat'>‚</span> <span class='ocrx_word' id='word_1_663' title='bbox 1651 1276 1713 1312; x_wconf 90' lang='lat' dir='ltr'>cui</span> <span class='ocrx_word' id='word_1_664' title='bbox 1730 1274 1922 1323; x_wconf 66' lang='lat' dir='ltr'>dicimus,</span> <span class='ocrx_word' id='word_1_665' title='bbox 1953 1274 2064 1315; x_wconf 80' lang='lat' dir='ltr'>Deus</span> <span class='ocrx_word' id='word_1_666' title='bbox 2080 1280 2264 1314; x_wconf 73' lang='lat' dir='ltr'>virtutum</span> <span class='ocrx_word' id='word_1_667' title='bbox 2286 1289 2381 1315; x_wconf 84' lang='lat' dir='ltr'>con-</span> 
     </span>
     <span class='ocr_line' id='line_1_85' title="bbox 1255 1327 2380 1382; baseline 0.004 -18"><span class='ocrx_word' id='word_1_668' title='bbox 1255 1356 1282 1375; x_wconf 84' lang='lat'>„</span> <span class='ocrx_word' id='word_1_669' title='bbox 1312 1336 1417 1365; x_wconf 77' lang='lat' dir='ltr'>verte</span> <span class='ocrx_word' id='word_1_670' title='bbox 1446 1340 1545 1365; x_wconf 86' lang='lat' dir='ltr'>nos.</span> <span class='ocrx_word' id='word_1_671' title='bbox 1576 1327 1738 1366; x_wconf 89' lang='lat' dir='ltr'>Proinde</span> <span class='ocrx_word' id='word_1_672' title='bbox 1753 1330 1931 1376; x_wconf 86' lang='lat' dir='ltr'>virtutes,</span> <span class='ocrx_word' id='word_1_673' title='bbox 1961 1343 2049 1382; x_wconf 83' lang='lat' dir='ltr'>quae</span> <span class='ocrx_word' id='word_1_674' title='bbox 2079 1330 2300 1368; x_wconf 86' lang='lat' dir='ltr'>carnalibus</span> <span class='ocrx_word' id='word_1_675' title='bbox 2315 1331 2380 1369; x_wconf 89' lang='lat' dir='ltr'>de-</span> 
     </span>
     <span class='ocr_line' id='line_1_86' title="bbox 1255 1379 2382 1435; baseline 0.004 -17"><span class='ocrx_word' id='word_1_676' title='bbox 1255 1410 1281 1428; x_wconf 85' lang='lat'>„</span> <span class='ocrx_word' id='word_1_677' title='bbox 1311 1379 1604 1430; x_wconf 85' lang='lat' dir='ltr'>lectationibus‚</span> <span class='ocrx_word' id='word_1_678' title='bbox 1648 1381 1708 1419; x_wconf 91' lang='lat' dir='ltr'>vel</span> <span class='ocrx_word' id='word_1_679' title='bbox 1738 1381 1971 1435; x_wconf 85' lang='lat' dir='ltr'>quibusdam</span> <span class='ocrx_word' id='word_1_680' title='bbox 2001 1385 2237 1432; x_wconf 87' lang='lat' dir='ltr'>commodis,</span> <span class='ocrx_word' id='word_1_681' title='bbox 2280 1383 2313 1420; x_wconf 83' lang='lat'>&amp;</span> <span class='ocrx_word' id='word_1_682' title='bbox 2343 1400 2382 1423; x_wconf 92' lang='lat' dir='ltr'>e-</span> 
     </span>
     <span class='ocr_line' id='line_1_87' title="bbox 1310 1433 2381 1490; baseline 0.007 -20"><span class='ocrx_word' id='word_1_683' title='bbox 1310 1433 1554 1473; x_wconf 85' lang='lat' dir='ltr'>molumentis</span> <span class='ocrx_word' id='word_1_684' title='bbox 1583 1436 1844 1488; x_wconf 84' lang='lat' dir='ltr'>corporalibus</span> <span class='ocrx_word' id='word_1_685' title='bbox 1874 1437 2074 1485; x_wconf 86' lang='lat' dir='ltr'>serviunt,</span> <span class='ocrx_word' id='word_1_686' title='bbox 2105 1451 2204 1475; x_wconf 79' lang='lat' dir='ltr'>verae</span> <span class='ocrx_word' id='word_1_687' title='bbox 2228 1450 2381 1490; x_wconf 83' lang='lat' dir='ltr'>prorsus</span> 
     </span>
     <span class='ocr_line' id='line_1_88' title="bbox 1254 1489 2380 1540; baseline 0.004 -15"><span class='ocrx_word' id='word_1_688' title='bbox 1254 1517 1280 1536; x_wconf 84' lang='lat'>‚‚</span> <span class='ocrx_word' id='word_1_689' title='bbox 1311 1502 1388 1528; x_wconf 83' lang='lat' dir='ltr'>esse</span> <span class='ocrx_word' id='word_1_690' title='bbox 1417 1502 1489 1527; x_wconf 86' lang='lat' dir='ltr'>uon</span> <span class='ocrx_word' id='word_1_691' title='bbox 1520 1498 1689 1540; x_wconf 83' lang='lat' dir='ltr'>possunt.</span> <span class='ocrx_word' id='word_1_692' title='bbox 1733 1489 1834 1536; x_wconf 81' lang='lat' dir='ltr'>Quae</span> <span class='ocrx_word' id='word_1_693' title='bbox 1863 1498 1990 1528; x_wconf 86' lang='lat' dir='ltr'>autem</span> <span class='ocrx_word' id='word_1_694' title='bbox 2021 1490 2119 1529; x_wconf 88' lang='lat' dir='ltr'>nulli</span> <span class='ocrx_word' id='word_1_695' title='bbox 2151 1494 2204 1530; x_wconf 81' lang='lat' dir='ltr'>rei</span> <span class='ocrx_word' id='word_1_696' title='bbox 2234 1494 2380 1530; x_wconf 79' lang='lat' dir='ltr'>servire</span> 
     </span>
     <span class='ocr_line' id='line_1_89' title="bbox 1254 1540 2378 1597; baseline 0.005 -19"><span class='ocrx_word' id='word_1_697' title='bbox 1254 1570 1280 1589; x_wconf 90' lang='lat'><strong>„</strong></span> <span class='ocrx_word' id='word_1_698' title='bbox 1311 1540 1475 1589; x_wconf 87' lang='lat' dir='ltr'>volunt,</span> <span class='ocrx_word' id='word_1_699' title='bbox 1504 1556 1574 1579; x_wconf 88' lang='lat' dir='ltr'>nec</span> <span class='ocrx_word' id='word_1_700' title='bbox 1604 1544 1696 1593; x_wconf 78' lang='lat' dir='ltr'>ipsae</span> <span class='ocrx_word' id='word_1_701' title='bbox 1728 1557 1830 1581; x_wconf 82' lang='lat' dir='ltr'>verae</span> <span class='ocrx_word' id='word_1_702' title='bbox 1845 1553 1956 1582; x_wconf 85' lang='lat' dir='ltr'>snut.</span> <span class='ocrx_word' id='word_1_703' title='bbox 1989 1543 2101 1582; x_wconf 83' lang='lat' dir='ltr'>Verae</span> <span class='ocrx_word' id='word_1_704' title='bbox 2131 1547 2278 1597; x_wconf 78' lang='lat' dir='ltr'>quippe</span> <span class='ocrx_word' id='word_1_705' title='bbox 2298 1546 2378 1584; x_wconf 88' lang='lat' dir='ltr'>vir-</span> 
     </span>
     <span class='ocr_line' id='line_1_90' title="bbox 1253 1595 2383 1650; baseline 0.005 -19"><span class='ocrx_word' id='word_1_706' title='bbox 1253 1623 1279 1642; x_wconf 79' lang='lat'><strong>„</strong></span> <span class='ocrx_word' id='word_1_707' title='bbox 1310 1603 1408 1633; x_wconf 89' lang='lat' dir='ltr'>tutes</span> <span class='ocrx_word' id='word_1_708' title='bbox 1431 1595 1515 1633; x_wconf 87' lang='lat' dir='ltr'>Deo</span> <span class='ocrx_word' id='word_1_709' title='bbox 1541 1598 1711 1634; x_wconf 86' lang='lat' dir='ltr'>serviunt</span> <span class='ocrx_word' id='word_1_710' title='bbox 1742 1599 1779 1634; x_wconf 88' lang='lat' dir='ltr'>iu</span> <span class='ocrx_word' id='word_1_711' title='bbox 1810 1597 2051 1645; x_wconf 80' lang='lat' dir='ltr'>homiuibus,</span> <span class='ocrx_word' id='word_1_712' title='bbox 2082 1613 2102 1636; x_wconf 87' lang='lat' dir='ltr'>a</span> <span class='ocrx_word' id='word_1_713' title='bbox 2132 1612 2208 1650; x_wconf 82' lang='lat' dir='ltr'>quo</span> <span class='ocrx_word' id='word_1_714' title='bbox 2236 1600 2383 1637; x_wconf 88' lang='lat' dir='ltr'>donan-</span> 
     </span>
     <span class='ocr_line' id='line_1_91' title="bbox 1253 1649 2384 1705; baseline 0.004 -20"><span class='ocrx_word' id='word_1_715' title='bbox 1253 1676 1278 1696; x_wconf 85' lang='lat'>„</span> <span class='ocrx_word' id='word_1_716' title='bbox 1309 1658 1370 1685; x_wconf 89' lang='lat' dir='ltr'>tur</span> <span class='ocrx_word' id='word_1_717' title='bbox 1405 1649 1656 1696; x_wconf 75' lang='lat' dir='ltr'>hominibus,</span> <span class='ocrx_word' id='word_1_718' title='bbox 1687 1650 1770 1688; x_wconf 83' lang='lat' dir='ltr'>Deo</span> <span class='ocrx_word' id='word_1_719' title='bbox 1784 1653 1951 1689; x_wconf 79' lang='lat' dir='ltr'>serviunt</span> <span class='ocrx_word' id='word_1_720' title='bbox 1980 1652 2020 1688; x_wconf 86' lang='lat' dir='ltr'>in</span> <span class='ocrx_word' id='word_1_721' title='bbox 2049 1652 2204 1703; x_wconf 76' lang='lat' dir='ltr'>Angelis</span> <span class='ocrx_word' id='word_1_722' title='bbox 2226 1682 2237 1700; x_wconf 90' lang='lat'>‚</span> <span class='ocrx_word' id='word_1_723' title='bbox 2268 1667 2384 1705; x_wconf 88' lang='lat' dir='ltr'>aquo</span> 
     </span>
     <span class='ocr_line' id='line_1_92' title="bbox 1253 1702 2383 1753; baseline 0.006 -15"><span class='ocrx_word' id='word_1_724' title='bbox 1253 1730 1281 1750; x_wconf 77' lang='lat'>‚,</span> <span class='ocrx_word' id='word_1_725' title='bbox 1310 1702 1496 1740; x_wconf 81' lang='lat' dir='ltr'>donantur</span> <span class='ocrx_word' id='word_1_726' title='bbox 1525 1702 1559 1738; x_wconf 72' lang='grc' dir='ltr'>ἃ</span> <span class='ocrx_word' id='word_1_727' title='bbox 1591 1704 1770 1753; x_wconf 76' lang='lat' dir='ltr'>Angelis.</span> <span class='ocrx_word' id='word_1_728' title='bbox 1806 1704 2008 1753; x_wconf 86' lang='lat' dir='ltr'>Quidquid</span> <span class='ocrx_word' id='word_1_729' title='bbox 2050 1714 2177 1742; x_wconf 73' lang='lat' dir='ltr'>autc-iu</span> <span class='ocrx_word' id='word_1_730' title='bbox 2215 1705 2306 1742; x_wconf 84' lang='lat' dir='ltr'>boni</span> <span class='ocrx_word' id='word_1_731' title='bbox 2338 1706 2383 1745; x_wconf 84' lang='lat' dir='ltr'>fit</span> 
     </span>
     <span class='ocr_line' id='line_1_93' title="bbox 1255 1753 2381 1809; baseline 0.006 -20"><span class='ocrx_word' id='word_1_732' title='bbox 1255 1781 1282 1800; x_wconf 84' lang='lat'>‚,</span> <span class='ocrx_word' id='word_1_733' title='bbox 1309 1753 1360 1790; x_wconf 86' lang='lat' dir='ltr'>ab</span> <span class='ocrx_word' id='word_1_734' title='bbox 1392 1754 1546 1792; x_wconf 80' lang='lat' dir='ltr'>homine</span> <span class='ocrx_word' id='word_1_735' title='bbox 1561 1783 1572 1801; x_wconf 87' lang='lat'>‚</span> <span class='ocrx_word' id='word_1_736' title='bbox 1602 1754 1636 1790; x_wconf 71' lang='lat'>8&lt;</span> <span class='ocrx_word' id='word_1_737' title='bbox 1657 1767 1733 1791; x_wconf 85' lang='lat' dir='ltr'>non</span> <span class='ocrx_word' id='word_1_738' title='bbox 1750 1764 1903 1807; x_wconf 87' lang='lat' dir='ltr'>propter</span> <span class='ocrx_word' id='word_1_739' title='bbox 1919 1754 1989 1792; x_wconf 92' lang='lat' dir='ltr'>hoc</span> <span class='ocrx_word' id='word_1_740' title='bbox 2009 1754 2076 1803; x_wconf 89' lang='lat' dir='ltr'>fit,</span> <span class='ocrx_word' id='word_1_741' title='bbox 2105 1766 2259 1809; x_wconf 87' lang='lat' dir='ltr'>propter</span> <span class='ocrx_word' id='word_1_742' title='bbox 2278 1760 2381 1809; x_wconf 86' lang='lat' dir='ltr'>quod</span> 
     </span>
     <span class='ocr_line' id='line_1_94' title="bbox 1255 1805 2379 1861; baseline 0.005 -17"><span class='ocrx_word' id='word_1_743' title='bbox 1255 1834 1281 1855; x_wconf 83' lang='lat'>,‚</span> <span class='ocrx_word' id='word_1_744' title='bbox 1310 1805 1395 1844; x_wconf 86' lang='lat' dir='ltr'>fieri</span> <span class='ocrx_word' id='word_1_745' title='bbox 1424 1807 1562 1845; x_wconf 87' lang='lat' dir='ltr'>debere</span> <span class='ocrx_word' id='word_1_746' title='bbox 1591 1820 1682 1847; x_wconf 83' lang='lat' dir='ltr'>vera</span> <span class='ocrx_word' id='word_1_747' title='bbox 1710 1809 1898 1859; x_wconf 81' lang='lat' dir='ltr'>sapientia</span> <span class='ocrx_word' id='word_1_748' title='bbox 1926 1810 2084 1861; x_wconf 81' lang='lat' dir='ltr'>paecipit</span> <span class='ocrx_word' id='word_1_749' title='bbox 2103 1839 2112 1857; x_wconf 89' lang='lat'>,</span> <span class='ocrx_word' id='word_1_750' title='bbox 2153 1812 2218 1848; x_wconf 81' lang='lat' dir='ltr'>etsi</span> <span class='ocrx_word' id='word_1_751' title='bbox 2248 1810 2379 1850; x_wconf 84' lang='lat' dir='ltr'>officio</span> 
     </span>
    </p>

    <p class='ocr_par' dir='ltr' id='par_1_12' title="bbox 2219 1877 2333 1913">
     <span class='ocr_line' id='line_1_95' title="bbox 2219 1877 2333 1913; baseline 0.018 -1"><span class='ocrx_word' id='word_1_752' title='bbox 2219 1894 2245 1913; x_wconf 64' lang='lat' dir='ltr'>&gt;a</span> <span class='ocrx_word' id='word_1_753' title='bbox 2275 1877 2333 1903; x_wconf 60' lang='lat' dir='ltr'>Vl*</span> 
     </span>
    </p>
   </div>
   <div class='ocr_carea' id='block_1_9' title="bbox 1255 1464 1280 1482">
    <p class='ocr_par' dir='ltr' id='par_1_13' title="bbox 1255 1464 1280 1482">
     <span class='ocr_line' id='line_1_96' title="bbox 1255 1464 1280 1482; baseline 0.04 -1"><span class='ocrx_word' id='word_1_754' title='bbox 1255 1464 1280 1482; x_wconf 73' lang='lat'>’2</span> 
     </span>
    </p>
   </div>
   <div class='ocr_carea' id='block_1_10' title="bbox 1239 1967 2379 3311">
    <p class='ocr_par' dir='ltr' id='par_1_14' title="bbox 1247 1967 2379 2805">
     <span class='ocr_line' id='line_1_97' title="bbox 1255 1967 2379 2017; baseline 0.009 -20"><span class='ocrx_word' id='word_1_755' title='bbox 1255 1978 1384 2012; x_wconf 71' lang='lat' dir='ltr'>premar</span> <span class='ocrx_word' id='word_1_756' title='bbox 1411 1967 1703 2013; x_wconf 80' lang='lat' dir='ltr'>Congregationis</span> <span class='ocrx_word' id='word_1_757' title='bbox 1729 1969 1763 2002; x_wconf 86' lang='lat' dir='ltr'>S.</span> <span class='ocrx_word' id='word_1_758' title='bbox 1777 1969 1890 2004; x_wconf 74' lang='lat' dir='ltr'>Officii</span> <span class='ocrx_word' id='word_1_759' title='bbox 1918 1971 2106 2004; x_wconf 85' lang='lat' dir='ltr'>Consultor</span> <span class='ocrx_word' id='word_1_760' title='bbox 2131 1980 2232 2013; x_wconf 84' lang='lat' dir='ltr'>erat,</span> <span class='ocrx_word' id='word_1_761' title='bbox 2259 1981 2379 2017; x_wconf 74' lang='lat' dir='ltr'>postea</span> 
     </span>
     <span class='ocr_line' id='line_1_98' title="bbox 1253 2015 2378 2053; baseline 0.006 -7"><span class='ocrx_word' id='word_1_762' title='bbox 1253 2026 1337 2047; x_wconf 85' lang='lat' dir='ltr'>vero</span> <span class='ocrx_word' id='word_1_763' title='bbox 1368 2015 1412 2047; x_wconf 80' lang='lat' dir='ltr'>ad</span> <span class='ocrx_word' id='word_1_764' title='bbox 1439 2016 1767 2049; x_wconf 81' lang='lat' dir='ltr'>Etninentissitnnm</span> <span class='ocrx_word' id='word_1_765' title='bbox 1792 2017 1826 2050; x_wconf 88' lang='lat' dir='ltr'>S.</span> <span class='ocrx_word' id='word_1_766' title='bbox 1854 2018 1896 2050; x_wconf 79' lang='lat' dir='ltr'>R.</span> <span class='ocrx_word' id='word_1_767' title='bbox 1922 2018 1962 2051; x_wconf 86' lang='lat' dir='ltr'>E.</span> <span class='ocrx_word' id='word_1_768' title='bbox 1991 2016 2233 2052; x_wconf 81' lang='lat' dir='ltr'>Cardinalintn</span> <span class='ocrx_word' id='word_1_769' title='bbox 2259 2020 2378 2053; x_wconf 68' lang='lat' dir='ltr'>Colle-</span> 
     </span>
     <span class='ocr_line' id='line_1_99' title="bbox 1253 2061 2379 2110; baseline 0.005 -17"><span class='ocrx_word' id='word_1_770' title='bbox 1253 2061 1348 2105; x_wconf 81' lang='lat' dir='ltr'>gium</span> <span class='ocrx_word' id='word_1_771' title='bbox 1375 2063 1502 2094; x_wconf 80' lang='lat' dir='ltr'>merito</span> <span class='ocrx_word' id='word_1_772' title='bbox 1526 2071 1693 2103; x_wconf 84' lang='lat' dir='ltr'>evectus,</span> <span class='ocrx_word' id='word_1_773' title='bbox 1717 2062 1874 2107; x_wconf 84' lang='lat' dir='ltr'>ejusdem</span> <span class='ocrx_word' id='word_1_774' title='bbox 1902 2065 1934 2096; x_wconf 83' lang='lat' dir='ltr'>S.</span> <span class='ocrx_word' id='word_1_775' title='bbox 1963 2065 2248 2109; x_wconf 71' lang='lat' dir='ltr'>Congregationis</span> <span class='ocrx_word' id='word_1_776' title='bbox 2275 2066 2379 2110; x_wconf 82' lang='lat' dir='ltr'>jussu</span> 
     </span>
     <span class='ocr_line' id='line_1_100' title="bbox 1251 2106 2379 2155; baseline 0.005 -15"><span class='ocrx_word' id='word_1_777' title='bbox 1251 2108 1437 2152; x_wconf 83' lang='lat' dir='ltr'>Depntatis</span> <span class='ocrx_word' id='word_1_778' title='bbox 1473 2106 1670 2142; x_wconf 74' lang='lat' dir='ltr'>Academiae</span> <span class='ocrx_word' id='word_1_779' title='bbox 1705 2109 1935 2145; x_wconf 82' lang='lat' dir='ltr'>Lovaniensis</span> <span class='ocrx_word' id='word_1_780' title='bbox 1969 2111 2180 2155; x_wconf 62' lang='lat' dir='ltr'>significasse</span> <span class='ocrx_word' id='word_1_781' title='bbox 2217 2111 2379 2155; x_wconf 78' lang='lat' dir='ltr'>dicitur,</span> 
     </span>
     <span class='ocr_line' id='line_1_101' title="bbox 1251 2152 2378 2199; baseline 0.004 -12"><span class='ocrx_word' id='word_1_782' title='bbox 1251 2152 1443 2187; x_wconf 84' lang='lat' dir='ltr'>secundum</span> <span class='ocrx_word' id='word_1_783' title='bbox 1471 2155 1670 2199; x_wconf 82' lang='lat' dir='ltr'>expositum</span> <span class='ocrx_word' id='word_1_784' title='bbox 1696 2156 1885 2190; x_wconf 83' lang='lat' dir='ltr'>articulum</span> <span class='ocrx_word' id='word_1_785' title='bbox 1910 2169 1983 2190; x_wconf 89' lang='lat' dir='ltr'>non</span> <span class='ocrx_word' id='word_1_786' title='bbox 2020 2157 2178 2192; x_wconf 88' lang='lat' dir='ltr'>futurum</span> <span class='ocrx_word' id='word_1_787' title='bbox 2204 2172 2223 2192; x_wconf 82' lang='lat' dir='ltr'>a</span> <span class='ocrx_word' id='word_1_788' title='bbox 2250 2171 2378 2192; x_wconf 79' lang='lat' dir='ltr'>censu-</span> 
     </span>
     <span class='ocr_line' id='line_1_102' title="bbox 1253 2200 2376 2250; baseline 0.005 -17"><span class='ocrx_word' id='word_1_789' title='bbox 1253 2211 1291 2234; x_wconf 82' lang='lat' dir='ltr'>ra</span> <span class='ocrx_word' id='word_1_790' title='bbox 1319 2202 1511 2234; x_wconf 82' lang='lat' dir='ltr'>immunem</span> <span class='ocrx_word' id='word_1_791' title='bbox 1528 2223 1538 2241; x_wconf 93' lang='lat'>,</span> <span class='ocrx_word' id='word_1_792' title='bbox 1565 2205 1597 2235; x_wconf 78' lang='lat' dir='ltr'>si</span> <span class='ocrx_word' id='word_1_793' title='bbox 1620 2200 1669 2236; x_wconf 79' lang='lat' dir='ltr'>ad</span> <span class='ocrx_word' id='word_1_794' title='bbox 1693 2214 1795 2246; x_wconf 85' lang='lat' dir='ltr'>opera</span> <span class='ocrx_word' id='word_1_795' title='bbox 1820 2206 1964 2237; x_wconf 84' lang='lat' dir='ltr'>moralia</span> <span class='ocrx_word' id='word_1_796' title='bbox 1991 2208 2042 2238; x_wconf 83' lang='lat' dir='ltr'>ita</span> <span class='ocrx_word' id='word_1_797' title='bbox 2069 2214 2258 2250; x_wconf 74' lang='lat' dir='ltr'>requiratur</span> <span class='ocrx_word' id='word_1_798' title='bbox 2282 2208 2376 2240; x_wconf 84' lang='lat' dir='ltr'>rela-</span> 
     </span>
     <span class='ocr_line' id='line_1_103' title="bbox 1254 2246 2376 2292; baseline 0.005 -12"><span class='ocrx_word' id='word_1_799' title='bbox 1254 2251 1304 2280; x_wconf 86' lang='lat' dir='ltr'>tio</span> <span class='ocrx_word' id='word_1_800' title='bbox 1330 2252 1365 2280; x_wconf 84' lang='lat' dir='ltr'>in</span> <span class='ocrx_word' id='word_1_801' title='bbox 1380 2246 1488 2281; x_wconf 84' lang='lat' dir='ltr'>Deam</span> <span class='ocrx_word' id='word_1_802' title='bbox 1512 2261 1572 2292; x_wconf 82' lang='lat' dir='ltr'>per</span> <span class='ocrx_word' id='word_1_803' title='bbox 1598 2249 1802 2283; x_wconf 82' lang='lat' dir='ltr'>charitatem</span> <span class='ocrx_word' id='word_1_804' title='bbox 1828 2253 2028 2292; x_wconf 78' lang='lat' dir='ltr'>virtualem,</span> <span class='ocrx_word' id='word_1_805' title='bbox 2055 2259 2089 2284; x_wconf 82' lang='lat' dir='ltr'>at</span> <span class='ocrx_word' id='word_1_806' title='bbox 2115 2252 2179 2285; x_wconf 79' lang='lat' dir='ltr'>hac</span> <span class='ocrx_word' id='word_1_807' title='bbox 2205 2256 2376 2287; x_wconf 75' lang='lat' dir='ltr'>relatione</span> 
     </span>
     <span class='ocr_line' id='line_1_104' title="bbox 1252 2297 2376 2341; baseline 0.004 -15"><span class='ocrx_word' id='word_1_808' title='bbox 1252 2299 1484 2338; x_wconf 76' lang='lat' dir='ltr'>praeeermissa</span> <span class='ocrx_word' id='word_1_809' title='bbox 1504 2316 1515 2336; x_wconf 89' lang='lat'>,</span> <span class='ocrx_word' id='word_1_810' title='bbox 1542 2297 1666 2330; x_wconf 85' lang='lat' dir='ltr'>nullum</span> <span class='ocrx_word' id='word_1_811' title='bbox 1690 2309 1772 2341; x_wconf 79' lang='lat' dir='ltr'>opus</span> <span class='ocrx_word' id='word_1_812' title='bbox 1790 2307 1939 2331; x_wconf 83' lang='lat' dir='ltr'>nostram</span> <span class='ocrx_word' id='word_1_813' title='bbox 1966 2303 2014 2339; x_wconf 64' lang='lat' dir='ltr'>sit</span> <span class='ocrx_word' id='word_1_814' title='bbox 2037 2301 2214 2332; x_wconf 71' lang='lat' dir='ltr'>moraliter</span> <span class='ocrx_word' id='word_1_815' title='bbox 2238 2300 2376 2332; x_wconf 77' lang='lat' dir='ltr'>bonam.-</span> 
     </span>
     <span class='ocr_line' id='line_1_105' title="bbox 1252 2343 2374 2388; baseline 0.004 -15"><span class='ocrx_word' id='word_1_816' title='bbox 1252 2349 1288 2374; x_wconf 84' lang='lat' dir='ltr'>at</span> <span class='ocrx_word' id='word_1_817' title='bbox 1315 2353 1390 2374; x_wconf 75' lang='lat' dir='ltr'>vero</span> <span class='ocrx_word' id='word_1_818' title='bbox 1418 2345 1448 2374; x_wconf 87' lang='lat' dir='ltr'>si</span> <span class='ocrx_word' id='word_1_819' title='bbox 1474 2343 1701 2376; x_wconf 73' lang='lat' dir='ltr'>admittantur</span> <span class='ocrx_word' id='word_1_820' title='bbox 1726 2356 1828 2388; x_wconf 81' lang='lat' dir='ltr'>opera</span> <span class='ocrx_word' id='word_1_821' title='bbox 1863 2348 2042 2378; x_wconf 85' lang='lat' dir='ltr'>moraliter</span> <span class='ocrx_word' id='word_1_822' title='bbox 2065 2347 2174 2386; x_wconf 79' lang='lat' dir='ltr'>bona,</span> <span class='ocrx_word' id='word_1_823' title='bbox 2210 2351 2312 2379; x_wconf 84' lang='lat' dir='ltr'>etiam</span> <span class='ocrx_word' id='word_1_824' title='bbox 2337 2350 2374 2379; x_wconf 84' lang='lat' dir='ltr'>in</span> 
     </span>
     <span class='ocr_line' id='line_1_106' title="bbox 1253 2386 2373 2436; baseline 0.004 -17"><span class='ocrx_word' id='word_1_825' title='bbox 1253 2386 1362 2420; x_wconf 78' lang='lat' dir='ltr'>Deum</span> <span class='ocrx_word' id='word_1_826' title='bbox 1379 2401 1443 2421; x_wconf 84' lang='lat' dir='ltr'>non</span> <span class='ocrx_word' id='word_1_827' title='bbox 1471 2391 1604 2429; x_wconf 78' lang='lat' dir='ltr'>relata,</span> <span class='ocrx_word' id='word_1_828' title='bbox 1630 2390 1722 2423; x_wconf 79' lang='lat' dir='ltr'>haud</span> <span class='ocrx_word' id='word_1_829' title='bbox 1749 2394 1993 2425; x_wconf 76' lang='lat' dir='ltr'>censn’ranclnm</span> <span class='ocrx_word' id='word_1_830' title='bbox 2008 2391 2112 2436; x_wconf 79' lang='lat' dir='ltr'>fore.</span> <span class='ocrx_word' id='word_1_831' title='bbox 2139 2394 2227 2426; x_wconf 83' lang='lat' dir='ltr'>Cum</span> <span class='ocrx_word' id='word_1_832' title='bbox 2256 2400 2373 2425; x_wconf 79' lang='lat' dir='ltr'>antem</span> 
     </span>
     <span class='ocr_line' id='line_1_107' title="bbox 1251 2434 2374 2480; baseline 0.004 -14"><span class='ocrx_word' id='word_1_833' title='bbox 1251 2434 1417 2479; x_wconf 77' lang='lat' dir='ltr'>Deputati</span> <span class='ocrx_word' id='word_1_834' title='bbox 1445 2437 1583 2468; x_wconf 88' lang='lat' dir='ltr'>nomine</span> <span class='ocrx_word' id='word_1_835' title='bbox 1611 2435 1804 2470; x_wconf 85' lang='lat' dir='ltr'>Facultatis</span> <span class='ocrx_word' id='word_1_836' title='bbox 1828 2436 2089 2480; x_wconf 78' lang='lat' dir='ltr'>declarassent,</span> <span class='ocrx_word' id='word_1_837' title='bbox 2128 2450 2161 2471; x_wconf 88' lang='lat' dir='ltr'>se</span> <span class='ocrx_word' id='word_1_838' title='bbox 2188 2437 2374 2471; x_wconf 83' lang='lat' dir='ltr'>admittere</span> 
     </span>
     <span class='ocr_line' id='line_1_108' title="bbox 1251 2482 2373 2527; baseline 0.004 -14"><span class='ocrx_word' id='word_1_839' title='bbox 1251 2493 1320 2513; x_wconf 82' lang='lat' dir='ltr'>nna</span> <span class='ocrx_word' id='word_1_840' title='bbox 1349 2492 1427 2514; x_wconf 87' lang='lat' dir='ltr'>cnm</span> <span class='ocrx_word' id='word_1_841' title='bbox 1454 2482 1488 2514; x_wconf 85' lang='lat' dir='ltr'>S.</span> <span class='ocrx_word' id='word_1_842' title='bbox 1516 2483 1711 2527; x_wconf 71' lang='lat' dir='ltr'>Augustino</span> <span class='ocrx_word' id='word_1_843' title='bbox 1734 2496 1836 2526; x_wconf 84' lang='lat' dir='ltr'>opera</span> <span class='ocrx_word' id='word_1_844' title='bbox 1875 2486 1987 2527; x_wconf 83' lang='lat' dir='ltr'>officio</span> <span class='ocrx_word' id='word_1_845' title='bbox 2024 2485 2132 2524; x_wconf 83' lang='lat' dir='ltr'>bona,</span> <span class='ocrx_word' id='word_1_846' title='bbox 2168 2485 2302 2518; x_wconf 70' lang='lat' dir='ltr'>etiarnsi</span> <span class='ocrx_word' id='word_1_847' title='bbox 2337 2486 2373 2518; x_wconf 84' lang='lat' dir='ltr'>in</span> 
     </span>
     <span class='ocr_line' id='line_1_109' title="bbox 1251 2528 2373 2571; baseline 0.004 -11"><span class='ocrx_word' id='word_1_848' title='bbox 1251 2528 1362 2560; x_wconf 77' lang='lat' dir='ltr'>Deum</span> <span class='ocrx_word' id='word_1_849' title='bbox 1375 2539 1414 2560; x_wconf 78' lang='lat' dir='ltr'>ex</span> <span class='ocrx_word' id='word_1_850' title='bbox 1430 2528 1573 2561; x_wconf 88' lang='lat' dir='ltr'>virtuali</span> <span class='ocrx_word' id='word_1_851' title='bbox 1600 2528 1774 2562; x_wconf 77' lang='lat' dir='ltr'>charitate</span> <span class='ocrx_word' id='word_1_852' title='bbox 1798 2542 1865 2564; x_wconf 82' lang='lat' dir='ltr'>non</span> <span class='ocrx_word' id='word_1_853' title='bbox 1886 2533 1955 2563; x_wconf 67' lang='lat' dir='ltr'>sint</span> <span class='ocrx_word' id='word_1_854' title='bbox 1974 2532 2081 2564; x_wconf 75' lang='lat' dir='ltr'>relata</span> <span class='ocrx_word' id='word_1_855' title='bbox 2099 2552 2110 2571; x_wconf 89' lang='lat'>‚</span> <span class='ocrx_word' id='word_1_856' title='bbox 2139 2531 2373 2564; x_wconf 75' lang='lat' dir='ltr'>Lovanienses</span> 
     </span>
     <span class='ocr_line' id='line_1_110' title="bbox 1250 2574 2374 2621; baseline 0.004 -15"><span class='ocrx_word' id='word_1_857' title='bbox 1250 2574 1391 2606; x_wconf 86' lang='lat' dir='ltr'>articuli</span> <span class='ocrx_word' id='word_1_858' title='bbox 1419 2575 1514 2607; x_wconf 88' lang='lat' dir='ltr'>nulla</span> <span class='ocrx_word' id='word_1_859' title='bbox 1543 2576 1639 2608; x_wconf 80' lang='lat' dir='ltr'>fuere</span> <span class='ocrx_word' id='word_1_860' title='bbox 1673 2587 1817 2609; x_wconf 75' lang='lat' dir='ltr'>censura</span> <span class='ocrx_word' id='word_1_861' title='bbox 1844 2578 1979 2610; x_wconf 84' lang='lat' dir='ltr'>notati.</span> <span class='ocrx_word' id='word_1_862' title='bbox 2015 2577 2252 2621; x_wconf 65' lang='lat' dir='ltr'>Quamobrem</span> <span class='ocrx_word' id='word_1_863' title='bbox 2279 2578 2374 2610; x_wconf 74' lang='lat' dir='ltr'>cele-</span> 
     </span>
     <span class='ocr_line' id='line_1_111' title="bbox 1248 2619 2373 2657; baseline 0.004 -5"><span class='ocrx_word' id='word_1_864' title='bbox 1248 2619 1321 2653; x_wconf 79' lang='lat' dir='ltr'>bris</span> <span class='ocrx_word' id='word_1_865' title='bbox 1349 2620 1408 2653; x_wconf 89' lang='lat' dir='ltr'>illa</span> <span class='ocrx_word' id='word_1_866' title='bbox 1436 2621 1655 2655; x_wconf 83' lang='lat' dir='ltr'>Universitas</span> <span class='ocrx_word' id='word_1_867' title='bbox 1680 2621 1877 2655; x_wconf 76' lang='lat' dir='ltr'>doctrinam</span> <span class='ocrx_word' id='word_1_868' title='bbox 1903 2636 2001 2657; x_wconf 84' lang='lat' dir='ltr'>snam</span> <span class='ocrx_word' id='word_1_869' title='bbox 2028 2633 2228 2657; x_wconf 85' lang='lat' dir='ltr'>constanter</span> <span class='ocrx_word' id='word_1_870' title='bbox 2252 2622 2373 2657; x_wconf 74' lang='lat' dir='ltr'>defen·</span> 
     </span>
     <span class='ocr_line' id='line_1_112' title="bbox 1247 2664 2374 2712; baseline 0.005 -14"><span class='ocrx_word' id='word_1_871' title='bbox 1247 2664 1322 2699; x_wconf 86' lang='lat' dir='ltr'>dit.</span> <span class='ocrx_word' id='word_1_872' title='bbox 1350 2666 1464 2712; x_wconf 80' lang='lat' dir='ltr'>Hnjns</span> <span class='ocrx_word' id='word_1_873' title='bbox 1491 2668 1574 2701; x_wconf 77' lang='lat' dir='ltr'>sacti</span> <span class='ocrx_word' id='word_1_874' title='bbox 1602 2668 1784 2701; x_wconf 77' lang='lat' dir='ltr'>historiam</span> <span class='ocrx_word' id='word_1_875' title='bbox 1812 2671 1917 2703; x_wconf 76' lang='lat' dir='ltr'>refert</span> <span class='ocrx_word' id='word_1_876' title='bbox 1931 2670 2050 2704; x_wconf 77' lang='lat' dir='ltr'>Petrus</span> <span class='ocrx_word' id='word_1_877' title='bbox 2077 2671 2284 2703; x_wconf 83' lang='lat' dir='ltr'>Lambertus</span> <span class='ocrx_word' id='word_1_878' title='bbox 2307 2672 2374 2704; x_wconf 79' lang='lat' dir='ltr'>Le·</span> 
     </span>
     <span class='ocr_line' id='line_1_113' title="bbox 1247 2713 2372 2762; baseline 0.006 -18"><span class='ocrx_word' id='word_1_879' title='bbox 1247 2713 1344 2745; x_wconf 82' lang='lat' dir='ltr'>Drou</span> <span class='ocrx_word' id='word_1_880' title='bbox 1372 2715 1646 2758; x_wconf 74' lang='lat' dir='ltr'>Augustinianus</span> <span class='ocrx_word' id='word_1_881' title='bbox 1685 2717 1718 2747; x_wconf 82' lang='lat' dir='ltr'>in</span> <span class='ocrx_word' id='word_1_882' title='bbox 1744 2716 1884 2760; x_wconf 55' lang='grc' dir='ltr'>(ἴου-[ιιι.</span> <span class='ocrx_word' id='word_1_883' title='bbox 1909 2715 2156 2751; x_wconf 65' lang='grc' dir='ltr'>Πικυηὶοηῐε</span> <span class='ocrx_word' id='word_1_884' title='bbox 2181 2715 2372 2762; x_wconf 76' lang='lat' dir='ltr'>Theologi·</span> 
     </span>
     <span class='ocr_line' id='line_1_114' title="bbox 1247 2760 1808 2805; baseline 0.005 -14"><span class='ocrx_word' id='word_1_885' title='bbox 1247 2771 1291 2791; x_wconf 80' lang='lat' dir='ltr'>cae</span> <span class='ocrx_word' id='word_1_886' title='bbox 1317 2760 1352 2792; x_wconf 87' lang='lat' dir='ltr'>P.</span> <span class='ocrx_word' id='word_1_887' title='bbox 1381 2762 1423 2793; x_wconf 80' lang='lat' dir='ltr'>t).</span> <span class='ocrx_word' id='word_1_888' title='bbox 1450 2762 1636 2805; x_wconf 78' lang='lat' dir='ltr'>Augustini</span> <span class='ocrx_word' id='word_1_889' title='bbox 1664 2761 1808 2794; x_wconf 56' lang='lat' dir='ltr'>Malu-l.</span> 
     </span>
    </p>

    <p class='ocr_par' dir='ltr' id='par_1_15' title="bbox 1239 2807 2369 3311">
     <span class='ocr_line' id='line_1_115' title="bbox 1293 2807 2369 2844; baseline 0.004 -5"><span class='ocrx_word' id='word_1_890' title='bbox 1293 2807 1383 2839; x_wconf 88' lang='lat' dir='ltr'>Cnm</span> <span class='ocrx_word' id='word_1_891' title='bbox 1410 2819 1493 2840; x_wconf 87' lang='lat' dir='ltr'>vero</span> <span class='ocrx_word' id='word_1_892' title='bbox 1527 2817 1644 2840; x_wconf 84' lang='lat' dir='ltr'>noster</span> <span class='ocrx_word' id='word_1_893' title='bbox 1671 2807 1705 2840; x_wconf 89' lang='grc' dir='ltr'>Ρ.</span> <span class='ocrx_word' id='word_1_894' title='bbox 1732 2809 1813 2842; x_wconf 87' lang='lat' dir='ltr'>Car.</span> <span class='ocrx_word' id='word_1_895' title='bbox 1853 2809 2008 2843; x_wconf 65' lang='lat' dir='ltr'>Uenatus</span> <span class='ocrx_word' id='word_1_896' title='bbox 2046 2809 2195 2843; x_wconf 83' lang='lat' dir='ltr'>Billnart</span> <span class='ocrx_word' id='word_1_897' title='bbox 2233 2811 2267 2844; x_wconf 87' lang='lat' dir='ltr'>in</span> <span class='ocrx_word' id='word_1_898' title='bbox 2303 2821 2369 2844; x_wconf 77' lang='lat' dir='ltr'>suo</span> 
     </span>
     <span class='ocr_line' id='line_1_116' title="bbox 1247 2852 2369 2902; baseline 0.004 -17"><span class='ocrx_word' id='word_1_899' title='bbox 1247 2852 1356 2886; x_wconf 83' lang='lat' dir='ltr'>Cursu</span> <span class='ocrx_word' id='word_1_900' title='bbox 1382 2853 1575 2898; x_wconf 73' lang='lat' dir='ltr'>Theolog1ae</span> <span class='ocrx_word' id='word_1_901' title='bbox 1600 2853 1757 2888; x_wconf 79' lang='lat' dir='ltr'>eamdem</span> <span class='ocrx_word' id='word_1_902' title='bbox 1783 2853 1978 2890; x_wconf 79' lang='lat' dir='ltr'>doctr-imru</span> <span class='ocrx_word' id='word_1_903' title='bbox 2015 2859 2249 2898; x_wconf 80' lang='lat' dir='ltr'>confutasset,</span> <span class='ocrx_word' id='word_1_904' title='bbox 2284 2868 2369 2902; x_wconf 82' lang='lat' dir='ltr'>pro-</span> 
     </span>
     <span class='ocr_line' id='line_1_117' title="bbox 1245 2899 2367 2949; baseline 0.003 -17"><span class='ocrx_word' id='word_1_905' title='bbox 1245 2899 1339 2933; x_wconf 66' lang='lat' dir='ltr'>tinus</span> <span class='ocrx_word' id='word_1_906' title='bbox 1370 2901 1403 2932; x_wconf 88' lang='lat' dir='ltr'>in</span> <span class='ocrx_word' id='word_1_907' title='bbox 1429 2913 1505 2943; x_wconf 67' lang='lat' dir='ltr'>ejus</span> <span class='ocrx_word' id='word_1_908' title='bbox 1530 2899 1766 2935; x_wconf 64' lang='lat' dir='ltr'>defensioni-m</span> <span class='ocrx_word' id='word_1_909' title='bbox 1805 2905 1902 2936; x_wconf 80' lang='lat' dir='ltr'>varia</span> <span class='ocrx_word' id='word_1_910' title='bbox 1929 2913 2059 2948; x_wconf 43' lang='lat' dir='ltr'>scripta</span> <span class='ocrx_word' id='word_1_911' title='bbox 2093 2902 2294 2949; x_wconf 78' lang='lat' dir='ltr'>prodiernnt</span> <span class='ocrx_word' id='word_1_912' title='bbox 2321 2903 2367 2935; x_wconf 85' lang='lat' dir='ltr'>ab</span> 
     </span>
     <span class='ocr_line' id='line_1_118' title="bbox 1243 2945 2366 2993; baseline 0.003 -16"><span class='ocrx_word' id='word_1_913' title='bbox 1243 2945 1400 2990; x_wconf 76' lang='lat' dir='ltr'>ejusdem</span> <span class='ocrx_word' id='word_1_914' title='bbox 1429 2948 1676 2981; x_wconf 70' lang='lat' dir='ltr'>[niversitatis</span> <span class='ocrx_word' id='word_1_915' title='bbox 1703 2949 1936 2990; x_wconf 70' lang='lat' dir='ltr'>Ductoribus,</span> <span class='ocrx_word' id='word_1_916' title='bbox 1955 2951 2140 2983; x_wconf 64' lang='lat' dir='ltr'>‘lmelrnan</span> <span class='ocrx_word' id='word_1_917' title='bbox 2160 2971 2170 2990; x_wconf 94' lang='lat'>‚</span> <span class='ocrx_word' id='word_1_918' title='bbox 2196 2950 2331 2993; x_wconf 74' lang='lat' dir='ltr'>Hagens</span> <span class='ocrx_word' id='word_1_919' title='bbox 2350 2969 2366 2988; x_wconf 88' lang='lat'>,</span> 
     </span>
     <span class='ocr_line' id='line_1_119' title="bbox 1243 2993 2362 3038; baseline 0.002 -14"><span class='ocrx_word' id='word_1_920' title='bbox 1243 2995 1274 3024; x_wconf 84' lang='lat'>&amp;</span> <span class='ocrx_word' id='word_1_921' title='bbox 1295 2993 1329 3025; x_wconf 78' lang='grc' dir='ltr'>Ρ.</span> <span class='ocrx_word' id='word_1_922' title='bbox 1351 2994 1488 3038; x_wconf 78' lang='lat' dir='ltr'>Maugis</span> <span class='ocrx_word' id='word_1_923' title='bbox 1508 2995 1789 3038; x_wconf 79' lang='lat' dir='ltr'>Augustiniano.</span> <span class='ocrx_word' id='word_1_924' title='bbox 1817 2996 1887 3030; x_wconf 86' lang='lat' dir='ltr'>Sibi</span> <span class='ocrx_word' id='word_1_925' title='bbox 1914 3009 1981 3030; x_wconf 87' lang='lat' dir='ltr'>non</span> <span class='ocrx_word' id='word_1_926' title='bbox 2007 2995 2117 3030; x_wconf 72' lang='lat' dir='ltr'>defuit</span> <span class='ocrx_word' id='word_1_927' title='bbox 2135 2996 2170 3029; x_wconf 87' lang='lat' dir='ltr'>P.</span> <span class='ocrx_word' id='word_1_928' title='bbox 2193 2997 2362 3035; x_wconf 79' lang='lat' dir='ltr'>Billuart,</span> 
     </span>
     <span class='ocr_line' id='line_1_120' title="bbox 1241 3038 2363 3087; baseline 0.002 -16"><span class='ocrx_word' id='word_1_929' title='bbox 1241 3042 1272 3071; x_wconf 80' lang='lat'>&amp;</span> <span class='ocrx_word' id='word_1_930' title='bbox 1297 3038 1426 3084; x_wconf 77' lang='lat' dir='ltr'>duplici</span> <span class='ocrx_word' id='word_1_931' title='bbox 1456 3042 1603 3073; x_wconf 76' lang='lat' dir='ltr'>Dissert.</span> <span class='ocrx_word' id='word_1_932' title='bbox 1632 3053 1734 3074; x_wconf 74' lang='lat' dir='ltr'>suurn</span> <span class='ocrx_word' id='word_1_933' title='bbox 1759 3044 1920 3087; x_wconf 79' lang='lat' dir='ltr'>Systetna</span> <span class='ocrx_word' id='word_1_934' title='bbox 1945 3043 1975 3076; x_wconf 86' lang='lat' dir='ltr'>d·</span> <span class='ocrx_word' id='word_1_935' title='bbox 1990 3042 2099 3077; x_wconf 65' lang='lat' dir='ltr'>rendit</span> <span class='ocrx_word' id='word_1_936' title='bbox 2124 3065 2134 3074; x_wconf 85' lang='lat'><strong>.</strong></span> <span class='ocrx_word' id='word_1_937' title='bbox 2164 3042 2279 3074; x_wconf 73' lang='lat' dir='ltr'>Ftiarn</span> <span class='ocrx_word' id='word_1_938' title='bbox 2305 3052 2363 3073; x_wconf 86' lang='lat' dir='ltr'>ce-</span> 
     </span>
     <span class='ocr_line' id='line_1_121' title="bbox 1240 3085 2359 3130; baseline 0.003 -12"><span class='ocrx_word' id='word_1_939' title='bbox 1240 3085 1496 3120; x_wconf 69' lang='lat' dir='ltr'>lebratissimus</span> <span class='ocrx_word' id='word_1_940' title='bbox 1517 3087 1550 3119; x_wconf 79' lang='lat' dir='ltr'>P.</span> <span class='ocrx_word' id='word_1_941' title='bbox 1571 3088 1697 3120; x_wconf 77' lang='lat' dir='ltr'>Daniel</span> <span class='ocrx_word' id='word_1_942' title='bbox 1723 3089 1876 3123; x_wconf 84' lang='lat' dir='ltr'>Concina</span> <span class='ocrx_word' id='word_1_943' title='bbox 1905 3091 1938 3122; x_wconf 86' lang='lat' dir='ltr'>in</span> <span class='ocrx_word' id='word_1_944' title='bbox 1963 3103 2025 3124; x_wconf 86' lang='lat' dir='ltr'>sna</span> <span class='ocrx_word' id='word_1_945' title='bbox 2044 3087 2207 3130; x_wconf 70' lang='lat' dir='ltr'>Theolog·</span> <span class='ocrx_word' id='word_1_946' title='bbox 2222 3087 2359 3120; x_wconf 80' lang='lat' dir='ltr'>Christ·</span> 
     </span>
     <span class='ocr_line' id='line_1_122' title="bbox 1241 3131 2356 3182; baseline 0 -16"><span class='ocrx_word' id='word_1_947' title='bbox 1241 3131 1600 3177; x_wconf 71' lang='lat' dir='ltr'>Dogmau‘co—Moruli</span> <span class='ocrx_word' id='word_1_948' title='bbox 1623 3133 1700 3168; x_wconf 71' lang='lat' dir='ltr'>Lib.</span> <span class='ocrx_word' id='word_1_949' title='bbox 1716 3135 1740 3167; x_wconf 91' lang='grc' dir='ltr'>Ι.</span> <span class='ocrx_word' id='word_1_950' title='bbox 1757 3138 1789 3168; x_wconf 86' lang='lat' dir='ltr'>in</span> <span class='ocrx_word' id='word_1_951' title='bbox 1812 3136 2020 3182; x_wconf 80' lang='lat' dir='ltr'>Decalognm</span> <span class='ocrx_word' id='word_1_952' title='bbox 2036 3136 2179 3168; x_wconf 71' lang='lat' dir='ltr'>Dissert.</span> <span class='ocrx_word' id='word_1_953' title='bbox 2203 3132 2259 3165; x_wconf 88' lang='lat' dir='ltr'>lV.</span> <span class='ocrx_word' id='word_1_954' title='bbox 2279 3144 2356 3177; x_wconf 80' lang='lat' dir='ltr'>cap.</span> 
     </span>
     <span class='ocr_line' id='line_1_123' title="bbox 1244 3180 2359 3227; baseline 0.004 -15"><span class='ocrx_word' id='word_1_955' title='bbox 1244 3190 1296 3212; x_wconf 79' lang='lat'>12.</span> <span class='ocrx_word' id='word_1_956' title='bbox 1325 3182 1356 3212; x_wconf 68' lang='lat' dir='ltr'>Sc</span> <span class='ocrx_word' id='word_1_957' title='bbox 1382 3192 1454 3225; x_wconf 85' lang='lat' dir='ltr'>seq.</span> <span class='ocrx_word' id='word_1_958' title='bbox 1496 3189 1650 3214; x_wconf 70' lang='lat' dir='ltr'>veterem</span> <span class='ocrx_word' id='word_1_959' title='bbox 1677 3180 1933 3227; x_wconf 80' lang='lat' dir='ltr'>Theologornm</span> <span class='ocrx_word' id='word_1_960' title='bbox 1974 3180 2179 3216; x_wconf 40' lang='lat' dir='ltr'>senientiam</span> <span class='ocrx_word' id='word_1_961' title='bbox 2216 3187 2359 3213; x_wconf 77' lang='lat' dir='ltr'>strenuo</span> 
     </span>
     <span class='ocr_line' id='line_1_124' title="bbox 1240 3225 2357 3272; baseline 0.001 -15"><span class='ocrx_word' id='word_1_962' title='bbox 1240 3235 1461 3271; x_wconf 83' lang='lat' dir='ltr'>propugnat3</span> <span class='ocrx_word' id='word_1_963' title='bbox 1487 3225 1669 3272; x_wconf 83' lang='lat' dir='ltr'>eidemque</span> <span class='ocrx_word' id='word_1_964' title='bbox 1695 3229 1888 3265; x_wconf 65' lang='lat' dir='ltr'>subscribit</span> <span class='ocrx_word' id='word_1_965' title='bbox 1911 3229 1946 3263; x_wconf 88' lang='lat' dir='ltr'>P.</span> <span class='ocrx_word' id='word_1_966' title='bbox 1965 3230 2066 3263; x_wconf 79' lang='lat' dir='ltr'>Bern.</span> <span class='ocrx_word' id='word_1_967' title='bbox 2093 3225 2142 3259; x_wconf 79' lang='lat' dir='ltr'>De</span> <span class='ocrx_word' id='word_1_968' title='bbox 2161 3225 2293 3259; x_wconf 81' lang='lat' dir='ltr'>Rubeis</span> <span class='ocrx_word' id='word_1_969' title='bbox 2317 3225 2357 3260; x_wconf 74' lang='lat' dir='ltr'>ia</span> 
     </span>
     <span class='ocr_line' id='line_1_125' title="bbox 1239 3273 1857 3311; baseline 0.006 -6"><span class='ocrx_word' id='word_1_970' title='bbox 1239 3273 1388 3307; x_wconf 79' lang='lat' dir='ltr'>Dissert.</span> <span class='ocrx_word' id='word_1_971' title='bbox 1417 3274 1541 3309; x_wconf 67' lang='grc' dir='ltr'>Ἥκω.</span> <span class='ocrx_word' id='word_1_972' title='bbox 1567 3273 1625 3309; x_wconf 89' lang='lat' dir='ltr'>De</span> <span class='ocrx_word' id='word_1_973' title='bbox 1649 3273 1857 3311; x_wconf 69' lang='lat' dir='ltr'>Chai-itate.</span> 
     </span>
    </p>
   </div>
  </div>
 </body>
</html>
