2562 3694
667 89 1219 153 QUAESTIUNCULAE
1253 94 1332 139 DE
1366 94 1736 141 RESURRECT-

48 184 187 223 mortis
205 211 213 230 ‚
247 178 420 232 illudque
437 175 593 216 credunt
609 178 848 228 aptissimum
868 191 944 215 esse
961 179 1004 215 ad
1024 190 1163 216 exuen-

49 237 145 275 dum
176 233 385 274 naturalem
417 232 548 268 mortis
577 238 780 268 terrorem:
829 232 935 268 nulla
983 244 1068 282 ergo
1097 233 1169 268 erit

48 287 119 328 illa
150 290 318 327 maxima
346 297 461 335 poena
492 284 633 335 peccati
664 284 889 334 originalis,
919 286 1022 322 toties
1054 286 1090 322 in
1111 298 1167 321 sa-

50 344 127 380 cris
155 342 188 380 el
242 340 314 376 uiis
343 338 525 390 repetita.
582 337 764 375 Secundo
806 337 915 376 nulla
952 339 1066 375 etiam
1097 337 1168 375 erit

51 407 169 440 vera,
279 392 433 443 propria
464 389 626 428 hominis
656 393 908 439 resurrectio,
952 391 1014 428 sed
1044 391 1166 428 solum

50 459 148 486 nova
177 445 392 496 apparitio.
435 442 563 481 Tertio
590 444 850 482 Christianum
883 445 1166 481 resurrectionis

49 499 185 549 dogma
216 498 335 548 magis
353 497 588 546 obscurum,
618 498 651 533 ἃ
675 497 948 550 inexplicabile
973 497 1165 541 redditum

50 553 113 590 cni
145 552 248 589 enim
279 550 380 588 bono
409 551 565 598 anima,
595 565 682 602 qttae
714 566 734 588 a
758 553 911 603 proprio
940 549 1168 602 corpusculo

50 617 249 657 nunquam
279 603 451 654 sejuncta
481 604 582 652 fnit,
612 603 715 641 aliud
747 617 883 655 corpus
912 603 982 641 sibi
1017 601 1171 655 copula-

47 657 108 696 bit
136 659 240 696 novis
268 658 448 696 donatum
466 686 477 705 ‚
507 658 541 693 &
572 656 833 709 spiritualibus
860 657 1036 703 dotibus,
1084 670 1173 692 cum

47 709 120 750 illo
149 723 221 748 non
252 711 416 762 indigeat
445 711 491 748 ad
521 725 587 748 sna
618 712 748 748 munia
784 708 989 748 obeundi?
1045 709 1084 747 Si
1115 709 1173 745 di-

51 772 168 812 cant,
217 773 257 802 ttt
285 766 401 802 etiam
446 765 486 802 in
516 777 675 816 corpore
704 773 876 810 terreno,
926 763 958 798 ἃ
1003 761 1175 800 sensibili

49 818 289 870 praemium,
333 817 392 857 vel
426 831 582 869 poenatn
612 830 765 855 suorum
795 829 952 868 operum
986 817 1176 867 recipiat,

52 879 145 908 tunc
175 873 312 910 iterum
343 871 440 909 redit
467 872 658 922 quaestiO,
706 882 775 907 cur
804 882 875 906 uon
922 868 1017 906 illud
1051 870 1177 920 ipsum

52 936 192 975 eorpus
219 926 360 963 animae
389 923 633 970 restituatur,
663 923 702 959 in
733 935 809 974 quo
836 922 955 969 bene,
987 921 1043 958 vel
1074 920 1175 958 male

53 985 211 1028 operata
240 975 322 1017 est?
351 977 430 1015 Cur
449 975 556 1017 aliud
586 989 726 1014 novum
749 975 881 1012 debeat
910 976 1101 1012 actionum
1119 973 1173 1012 al-

52 1031 170 1068 terius
199 1032 366 1082 corporis
398 1031 602 1082 praemium
621 1059 632 1076 ,
682 1028 738 1065 vel
773 1042 929 1080 poenam
959 1026 1174 1079 consequi?

54 1080 227 1122 Facilius
258 1086 295 1121 in
326 1082 396 1120 hac
413 1082 609 1135 hypothesi
639 1081 779 1133 aliquis
809 1082 882 1118 sibi
906 1081 1173 1132 persuadebit,

54 1138 225 1174 animam
256 1135 326 1173 hoc
357 1136 551 1183 terrestri,
595 1147 796 1187 crassoque
825 1146 983 1185 corpore
1013 1145 1140 1173 carere
1162 1166 1173 1184 ,

52 1203 170 1240 quain
200 1187 304 1226 aliud
333 1198 552 1226 extraneum
583 1202 799 1226 assumere.
831 1187 904 1225 Sed
933 1201 1060 1240 operae
1089 1202 1174 1239 pre-

51 1243 149 1279 tium
181 1253 253 1279 uon
282 1249 335 1279 est
365 1243 408 1279 in
436 1243 699 1280 commentitio
728 1241 799 1280 hoc
828 1249 1031 1293 systemate
1061 1241 1173 1279 refel-

51 1293 163 1332 lendo
190 1294 332 1333 diutius
363 1296 590 1333 immorari.

105 1348 267 1394 Quaeres
295 1351 410 1386 tertio
426 1378 437 1396 ,
468 1362 516 1386 au
545 1350 676 1387 omnia
696 1347 898 1386 hominum
919 1349 1095 1387 membra
1115 1361 1174 1386 re·

50 1410 267 1439 surrectura
295 1400 397 1439 sint?

114 1467 202 1492 121.
233 1453 374 1507 Resp.,
405 1454 567 1493 dubium
599 1457 759 1494 minime
789 1469 891 1503 esse,
938 1457 1033 1508 quin
1064 1455 1173 1493 electi

52 1510 303 1546 resurrecturi
332 1510 404 1546 sint
434 1522 522 1546 cum
544 1510 724 1546 omnibus
754 1512 828 1546 suis
850 1509 1054 1556 membris,
1085 1521 1172 1560 quae

51 1561 101 1598 ad
130 1573 262 1599 eorum
293 1562 563 1612 perfectionem
594 1564 805 1613 pertinent:
853 1564 1039 1613 recipient
1070 1564 1173 1600 enim

54 1625 192 1665 corpus
234 1614 534 1666 configuratum
576 1618 727 1664 corpori
769 1616 968 1652 claritatis
1001 1614 1174 1661 Christi,

54 1677 95 1704 ut
137 1667 230 1704 dicit
259 1664 463 1718 Apostolus
501 1665 672 1719 Philipp.
695 1667 761 1704 111.
807 1680 898 1713 21.;
947 1668 1008 1703 sed
1038 1667 1176 1703 Christi

52 1732 193 1771 corpus
235 1719 416 1758 omnibus
444 1721 521 1758 suis
558 1719 742 1757 membris
770 1721 914 1772 integre
956 1720 1177 1756 constabat:

57 1785 145 1824 ergo
161 1773 232 1812 διο.
257 1771 420 1821 Talem,
451 1774 572 1825 inquit
591 1773 633 1812 S.
659 1774 886 1824 Augustinus
901 1774 941 1811 S.
958 1772 1177 1810 CCCLXII.

58 1839 95 1864 c.
123 1839 212 1875 to.‚
241 1830 572 1864 resurrectionem
601 1839 837 1879 speramus,
867 1827 997 1878 qualis
1026 1830 1066 1863 in
1096 1824 1180 1864 Do-

58 1882 170 1917 mino
199 1889 332 1918 nostro
359 1884 591 1930 praecessit.

118 1946 206 1971 122.
236 1933 424 1972 Praeterea
452 1933 625 1972 Christus
652 1934 841 1973 Dominus
870 1934 945 1972 suis
974 1933 1182 1980 fidelihus,

56 1986 261 2038 proecipue
289 1995 416 2026 autem
439 1986 679 2040 Martyribus
695 2017 707 2037 ‚
738 1989 910 2038 promisit
933 1988 1048 2026 Lucae
1071 1985 1182 2024 XXl.

63 2039 153 2078 18.:
182 2038 359 2091 Capillus
387 2040 435 2079 de
463 2045 594 2091 capite
622 2051 749 2079 vestro
777 2055 858 2079 non
887 2040 1020 2091 peribit
1044 2055 1057 2085 ;
1093 2052 1182 2091 quas

59 2093 178 2132 verba
205 2094 426 2146 expendens
455 2094 495 2132 S.
526 2094 904 2146 Augustinus-Germ.
922 2094 1054 2132 XXX.
1084 2107 1123 2130 n.
1146 2105 1183 2130 2.

59 2147 114 2185 ita
141 2148 370 2199 interrogat:
401 2146 506 2184 Perit
526 2160 675 2184 munus
693 2177 703 2194 ‚
734 2147 794 2184 nbi
824 2161 903 2185 non
923 2153 1019 2197 perit
1049 2143 1185 2195 pilus?

61 2198 169 2238 Perit
198 2210 346 2252 caput,
374 2199 436 2237 ubi
465 2213 546 2238 non
574 2204 674 2249 peric
703 2200 869 2249 capillus
889 2198 913 2235 ?
960 2198 1067 2238 Nihil
1098 2211 1186 2250 ergo

58 2253 182 2292 deerit
210 2253 356 2291 Sanctis
387 2254 423 2290 in
453 2254 724 2291 resurrectione
751 2254 799 2290 ‹le
827 2255 903 2292 suis
933 2254 1140 2292 membris.

119 2306 209 2344 125.
240 2306 352 2344 Hanc
378 2320 466 2344 sane
487 2306 630 2357 linguae
648 2336 658 2353 ,
690 2320 873 2344 manuum
894 2338 904 2354 ,
934 2307 968 2343 8<
999 2309 1183 2358 integram

61 2372 219 2398 suorum
249 2359 511 2398 membrorum
544 2361 810 2398 restitutionem
832 2361 1098 2411 exspectabant
1129 2361 1184 2397 in·

62 2413 155 2461 victi
183 2412 243 2451 illi
272 2412 464 2466 Martyres
483 2412 706 2452 Machabaei
726 2444 735 2459 ‚
764 2415 811 2451 de
830 2415 971 2466 quibus
993 2427 1104 2466 supra
1125 2414 1183 2451 di-

61 2466 188 2504 ximus
216 2479 327 2505 uum.
349 2466 414 2506 31.
450 2466 544 2504 Addi
576 2476 691 2518 potest
710 2468 843 2505 Oratio
867 2467 990 2506 Raziae
1021 2481 1057 2504 c.
1075 2466 1183 2504 XtV.

59 2518 127 2566 46.
144 2549 156 2568 ,
184 2532 261 2572 qua
290 2519 496 2573 projiciens
525 2521 698 2558 intestina
725 2534 790 2558 sua
821 2534 934 2573 super
960 2521 1091 2559 turbas
1113 2521 1186 2557 ini-

60 2575 276 2622 micorum,
307 2573 508 2612 invocabat
537 2572 847 2612 Dominarorem
875 2579 964 2613 vitae
986 2606 996 2622 ,
1025 2587 1077 2612 (ιο
1100 2572 1184 2626 Spi-

63 2629 186 2674 ritus,
214 2635 256 2664 ut
284 2624 370 2665 hoec
398 2627 456 2665 illi
484 2631 626 2665 iterum
658 2627 839 2665 redderet
869 2629 963 2679 (a).
994 2628 1090 2666 Bene
1118 2642 1186 2666 au·

63 2687 141 2717 tem
169 2679 211 2718 S.
239 2680 411 2719 Thomas
437 2681 598 2720 advertit
627 2682 666 2719 in
698 2681 899 2733 Supplem.
928 2696 996 2735 qu.
1017 2681 1083 2720 80.
1112 2690 1183 2720 art.

69 2745 105 2771 1.
134 2732 181 2770 ad
197 2745 265 2782 2.,
292 2734 418 2787 quod:
447 2763 475 2783 ‚‚
505 2735 682 2787 Intestina
711 2743 905 2786 resurgent
933 2737 973 2773 iu
1003 2748 1183 2787 corpore,

65 2815 92 2836 ‚,
121 2786 218 2823 sicut
243 2785 278 2822 ἃ
307 2786 384 2826 alia
412 2787 587 2827 membra
605 2819 615 2837 ‚
654 2789 688 2825 &
717 2788 831 2841 plena
860 2797 966 2826 erunt
996 2801 1068 2826 non
1097 2791 1182 2841 qui·

67 2868 94 2888 „
122 2838 209 2877 dem
238 2840 417 2892 turpibus
445 2841 801 2894 superfluitatibus,
830 2844 891 2880 sed
915 2841 1111 2879 nobilibus
1126 2846 1152 2863 ‘⁶
1174 2867 1186 2880 .

68 2892 129 2931 De
157 2891 259 2945 pelle
288 2893 443 2931 demum
462 2925 473 2942 ,
515 2909 660 2943 carne,
708 2896 742 2931 ἃ
770 2897 915 2934 ossibus
944 2904 1074 2947 aperta
1102 2903 1188 2932 sunt

64 2945 186 2986 verba
212 2945 300 2984 Jobi
331 2945 472 2996 XlX.,
514 2957 555 2986 ut
590 2950 749 3001 proinde
790 2950 957 2987 dubitari
1000 2957 1191 3001 nequeat,

69 3001 184 3039 etiam
213 2998 308 3037 alias
336 3012 469 3038 omnes
497 3004 668 3055 corporis
697 3011 823 3055 partes
850 3017 926 3042 esse
956 3004 995 3042 in
1026 3015 1191 3041 resurre-

69 3053 193 3092 ctione
220 3053 485 3094 restituendas.

128 3236 179 3273 (a)
199 3234 251 3271 De
276 3235 342 3274 hoc
367 3237 483 3274 Baziae
510 3235 658 3274 suicidio
680 3238 840 3284 legantur
867 3240 1014 3274 Sanctus
1041 3237 1196 3274 Thomas

80 3288 110 3311 '2-
140 3291 170 3313 2·
197 3285 330 3332 qu-64.
356 3295 421 3320 art.
442 3287 474 3320 5.
500 3287 543 3321 ad
571 3287 625 3328 5.,
651 3290 681 3320 &
708 3288 825 3320 sanct.
853 3286 1068 3331 Augustinus
1093 3286 1194 3330 epist.

77 3329 215 3372 CCCV.
242 3330 284 3364 atl
309 3332 529 3376 Dulcitium,
565 3335 624 3380 qui
654 3333 740 3367 illud
778 3333 973 3378 improbare
1001 3345 1067 3368 non
1092 3331 1197 3370 ‹lul-’5-

186 3378 421 3434 Gazzaniga
453 3380 586 3422 Theoi.
617 3379 832 3421 Tom.Vll.

2244 118 2300 159 97

1294 174 1382 220 124.
1412 173 1582 212 Profecto
1612 179 1691 227 ipsa
1720 178 1876 225 anim-i,
1906 192 1994 230 quae
2025 179 2191 230 corporis
2220 182 2352 220 suite-

1235 228 1466 268 stitutionem
1497 229 1709 276 desiderat,
1739 232 1921 269 desiderat
1953 235 2065 270 etiam
2097 234 2267 283 eiusdem
2298 234 2357 272 sui

1235 282 1404 334 corporis
1433 282 1732 333 perlectionem,
1770 285 1803 319 ἃ
1836 284 2157 335 pulchritudinem
2176 317 2186 335 ‚
2231 296 2268 324 ut
2297 288 2358 325 ni·-

1237 335 1291 374 hil
1323 336 1426 374 ineo
1444 336 1490 372 sit
1518 334 1726 382 deficiens,
1756 337 1789 371 ά
1807 337 1906 374 nihil
1938 340 2149 376 redundans
2167 367 2176 379 .
2206 341 2358 378 Etcum

1236 389 1320 427 ltoec
1349 389 1519 439 corporis
1541 388 1722 425 restitutio
1738 389 1927 438 singulare
1948 393 1990 427 sit
2011 392 2080 428 Dei
2102 393 2330 430 lav-nestritttn
2345 424 2356 442 ‚

1235 443 1346 480 nobis
1374 440 1423 479 ob
1451 441 1591 479 Christi
1623 443 1759 478 merita
1794 455 2011 479 concessum
2032 474 2041 489 ‚
2083 448 2205 482 otnnis
2236 447 2283 484 ah
2313 459 2357 483 eo

1236 495 1475 547 imperfectio
1490 493 1721 532 eliminanda
1737 503 1811 532 est:
1843 494 1918 532 Dei
1940 500 2045 531 euim
2062 496 2238 548 pursecm
2269 508 2359 537 sum,-

1238 561 1388 598 opera,
1419 556 1457 584 nt
1485 548 1626 586 dtcitur
1658 548 1861 585 Deuteron.
1893 547 2061 586 xxxii.
2093 551 2129 594 4.

1302 602 1388 639 125.
1420 601 1500 639 lmo
1530 601 1633 638 laud.
1665 614 1751 639 mox
1783 601 1822 638 S.
1856 602 2083 648 Augustinus
2113 612 2262 651 censet,
2293 619 2359 643 nos

1246 655 1398 692 fortasse
1442 656 1583 692 visuros
1626 656 1663 692 in
1694 656 1841 692 Sanctis
1874 654 2113 706 Μαι-(γνώῃς
2157 656 2360 694 vulnerum

1242 709 1466 755 cicatrices,
1509 722 1595 760 quae
1626 720 1693 759 pro
1718 708 1861 746 Christi
1899 711 2052 746 nomine
2096 709 2361 758 pertulerunt:

1245 792 1271 810 ‚‚
1302 762 1383 800 'Non
1412 763 1515 798 enim
1545 761 1764 799 deformitas
1795 763 1832 798 in
1864 763 1943 809 eis,
1982 763 2043 799 secl
2074 763 2232 812 dignitas
2261 764 2331 799 erit
2353 792 2363 810 ,

1245 845 1270 863 ῃ
1302 815 1334 850 8(
1365 815 1543 867 quaedam
1566 844 1576 861 ,
1606 815 1780 866 quantivis
1805 816 2038 866 incorpore,
2070 829 2144 853 11011
2173 817 2364 867 corperis,

1247 898 1273 916 ‚,
1305 868 1365 906 sed
1398 868 1817 926 virtutis*pulchritudo
1850 868 2008 919 fulgebit
2031 894 2118 906 ......
2139 869 2200 907 sed
2231 884 2259 906 st
2294 868 2364 906 lior:

1244 950 1271 970 „
1300 920 1450 959 decebit
1481 922 1517 957 in
1549 920 1616 957 illo
1645 934 1741 958 novo
1771 921 1910 958 secut«,
1931 952 1941 969 ,
1985 931 2024 958 ut
2056 923 2195 960 indicia
2226 921 2365 973 glorio-

1244 1003 1271 1023 „
1301 988 1426 1012 sorum
1460 973 1662 1012 vulnerum
1686 977 1722 1012 iu
1746 974 1812 1012 illa
1835 974 2040 1013 immortali
2062 989 2175 1014 carne
2204 989 2365 1013 cernan-

1244 1057 1270 1076 ‚,
1300 1037 1382 1075 tur,
1416 1028 1479 1064 nbi
1512 1028 1684 1065 membra
1703 1038 1738 1064 ut
1763 1029 2041 1079 praecirterunt,
2075 1043 2273 1080 perr-tusa,
2304 1028 2365 1067 vel

1244 1110 1269 1129 „
1299 1091 1397 1119 secta
1417 1091 1498 1117 sunt
1516 1110 1526 1127 ‚
1558 1082 1610 1118 ibi
1628 1083 1842 1127 cicatrices,
1864 1083 1924 1118 sed
1943 1091 2066 1119 tamen
2092 1083 2224 1119 iisdem
2245 1096 2365 1120 metu-

1244 1165 1270 1183 „
1302 1134 1380 1172 bris
1412 1135 1590 1181 redditis,
1621 1147 1694 1171 non
1727 1136 1908 1186 perditis,
1947 1135 2185 1186 app'trebunt
2209 1139 2260 1172 “.
2292 1135 2367 1173 Ei-

1242 1189 1407 1239 demque
1437 1189 1616 1225 sententia
1648 1188 1718 1224 suit
1739 1188 1777 1225 S.
1802 1189 2021 1234 Ambrosii,
2051 1190 2117 1240 qui
2148 1203 2233 1239 cap.
2258 1187 2366 1226 XlV'.

1243 1241 1360 1280 Lueae
1392 1240 1485 1278 tales
1512 1241 1605 1278 dicit
1635 1240 1742 1278 uobis
1781 1242 2038 1278 monstrandos
2069 1255 2144 1277 esse
2177 1241 2369 1293 Martyres

1240 1296 1279 1332 iu
1310 1293 1436 1342 coelo‚
1467 1293 1592 1346 qualis
1620 1293 1793 1331 Christus
1825 1295 2026 1331 resurrexit
2049 1324 2060 1339 ,
2091 1297 2128 1331 in
2159 1294 2302 1332 coelum
2325 1309 2366 1332 a-

1242 1348 1412 1395 scendit,
1443 1347 1577 1398 ibique
1606 1347 1707 1384 sedet
1738 1347 1783 1384 ad
1814 1348 2007 1385 dexteram
2039 1347 2185 1395 Patris,
2227 1361 2370 1400 nempe

1241 1415 1333 1439 cum
1363 1402 1478 1452 siguis
1509 1413 1641 1437 eorum
1673 1400 1906 1445 vulnerum,
1935 1415 2023 1453 quae
2056 1414 2123 1451 pro
2154 1408 2279 1438 nostra
2310 1415 2368 1438 re-

1240 1455 1456 1505 demptione
1499 1454 1666 1505 accepit.
1699 1453 1788 1491 Vid.
1819 1454 1858 1492 S.
1890 1454 2058 1492 Thomas
2101 1455 2139 1491 in
2168 1453 2369 1506 Supplem.

1241 1522 1308 1560 qu.
1330 1508 1396 1545 82.
1425 1516 1496 1546 art.
1533 1520 1565 1544 t.
1596 1508 1639 1544 ad
1675 1508 1711 1544 5.

1304 1560 1390 1599 126.
1423 1559 1563 1609 Aliqua
1594 1561 1742 1597 videtur
1772 1575 1849 1599 esse
1886 1560 2091 1599 difficultas
2120 1561 2166 1598 de
2195 1570 2291 1598 costa
2324 1560 2371 1599 il-

1246 1613 1282 1650 la
1302 1644 1311 1661 ,
1342 1628 1460 1664 quam
1484 1613 1588 1650 Deus
1612 1614 1756 1650 Ati-'uno
1771 1616 1932 1651 detraxit
1955 1644 1965 1660 ,
1998 1624 2035 1651 ut
2068 1614 2157 1650 inde
2190 1615 2372 1651 feminam

1247 1668 1452 1710 formaret3
1482 1667 1511 1702 si
1541 1667 1645 1702 enim
1676 1665 1760 1703 ltaec
1790 1680 1878 1703 cunt
1902 1667 1983 1703 Eva
2013 1677 2269 1703 resurrectura
2299 1669 2372 1715 sit,

1245 1719 1364 1755 deerit
1397 1718 1569 1764 Adatno,
1612 1732 1634 1754 a
1662 1731 1738 1769 quo
1769 1718 1839 1755 fuit
1870 1718 2018 1757 sublata
2042 1746 2052 1757 .
2094 1718 2372 1757 Veruntamezn

1247 1770 1502 1809 dubitandum
1519 1783 1607 1820 ‚non
1637 1781 1689 1807 est
1709 1800 1721 1818 ‚
1752 1770 1860 1809 illam
1883 1774 2021 1810 ‹instam
2055 1774 2239 1822 pertinere
2259 1773 2303 1810 ad
2323 1773 2374 1811 F.—

1247 1839 1364 1870 vam3
1395 1825 1461 1862 etsi
1492 1827 1593 1862 enim
1625 1834 1717 1861 esset
1746 1825 1791 1862 de
1823 1839 1912 1861 vero
1941 1839 2098 1875 corpore
2132 1826 2224 1863 Adae
2243 1857 2253 1873 ‚
2297 1839 2374 1864 non

1247 1888 1376 1916 tamen
1407 1879 1453 1915 ad
1486 1879 1735 1927 integritatem
1778 1880 1892 1929 ipsius
1923 1881 2155 1930 pertinebat3
2204 1882 2265 1916 sed
2297 1889 2376 1917 erat

1251 1933 1420 1969 ordinata
1450 1931 1496 1967 ad
1529 1931 1792 1968 formationem
1825 1931 2024 1970 mulieris.
2055 1930 2187 1983 Neque
2210 1934 2296 1969 inde
2317 1946 2375 1969 se-

1251 1986 1382 2036 quitur
1404 2013 1414 2031 ‚
1462 1984 1635 2022 eamdem
1674 1994 1812 2020 ces-tam
1853 1984 1966 2022 fuisse
1996 1986 2034 2022 in
2068 1985 2215 2022 Adamo
2243 1999 2375 2027 super-

1253 2039 1372 2076 fluam
1392 2067 1402 2084 ,
1434 2047 1471 2073 ut
1502 2036 1658 2088 proinde
1687 2036 1769 2086 ejus
1788 2050 1924 2089 corpus
1956 2040 2069 2075 tuerit
2097 2053 2119 2076 a
2142 2038 2222 2075 Deo
2251 2039 2377 2077 defor-

1252 2105 1315 2129 me
1344 2100 1542 2129 creatum.
1587 2090 1671 2127 Non
1701 2100 1778 2127 erat
1810 2090 1875 2128 illa
1904 2102 2000 2128 costa
2032 2090 2254 2143 superflua,
2284 2093 2377 2144 quia.

1253 2158 1298 2182 ex
1331 2147 1410 2196 ipsa
1440 2143 1601 2181 debebat
1623 2142 1704 2181 Eva
1734 2144 1920 2181 formari.
1951 2144 2084 2195 Neque
2102 2147 2264 2183 exterior
2294 2144 2378 2196 ejus

1254 2201 1378 2237 forma
1411 2199 1606 2235 immutata
1638 2206 1710 2245 est,
1755 2199 1846 2248 quia
1878 2197 1980 2235 Deus
2019 2197 2176 2248 replevit
2220 2211 2378 2236 carnem

1254 2265 1326 2305 pro
1350 2265 1396 2288 ea
1415 2281 1425 2298 ‚
1468 2260 1508 2287 nt
1548 2250 1689 2288 dicitur
1719 2251 1819 2288 Gen.
1849 2251 1897 2288 ll.
1929 2263 1994 2288 21.
2031 2252 2173 2290 Confer
2202 2252 2243 2289 S.
2275 2252 2379 2289 'sho-

1254 2319 1358 2344 lnam
1391 2307 1429 2342 in
1460 2302 1592 2355 Suppl.
1621 2318 1689 2354 qu.
1710 2303 1777 2342 80.
1807 2312 1877 2342 art.
1899 2303 1937 2349 4.
1968 2304 2014 2342 ad
2047 2317 2084 2342 2.

1314 2372 1400 2409 127.
1431 2357 1489 2395 De
1520 2357 1738 2408 unguibus,
1768 2356 1802 2392 8:
1831 2357 1984 2409 capillis
2012 2357 2063 2396 ab
2093 2357 2287 2410 aliquibus
2309 2358 2379 2396 riu·

1253 2413 1415 2452 bitatum
1438 2420 1515 2457 est,
1544 2412 1636 2462 quia
1666 2423 1712 2448 ex
1741 2410 2070 2462 superfluitatibus
2100 2412 2175 2449 cibi
2198 2425 2379 2462 generau-

1251 2476 1340 2512 tur3
1370 2465 1403 2501 ἀ
1434 2466 1587 2515 insuper
1616 2463 1722 2501 nullo
1751 2474 1833 2501 sunt
1863 2479 1971 2501 seusu
2005 2466 2176 2513 praediti.

1315 2518 1402 2557 128.
1433 2517 1506 2555 sed
1537 2517 1630 2555 bene
1650 2517 1823 2555 observat
1844 2517 2047 2568 Angelicus
2077 2519 2140 2555 cit.
2157 2525 2291 2569 quaest.
2309 2516 2379 2555 80·

1252 2583 1325 2612 art.
1345 2585 1383 2611 2.
1405 2602 1415 2620 ‚
1453 2569 1551 2623 ‹juod
1584 2572 1679 2608 sicut
1709 2584 1766 2608 ars
1797 2569 1976 2608 militaris
2021 2572 2137 2608 utitur
2173 2570 2301 2619 gladto
2331 2571 2379 2608 ad

1254 2626 1402 2666 bellum
1421 2655 1431 2673 ,
1461 2626 1494 2661 ά
1517 2626 1654 2675 vagina
1683 2625 1727 2661 ad
1758 2623 1874 2674 gladii
1906 2623 2114 2659 custodi-im
2133 2653 2142 2667 ,
2173 2623 2206 2658 ἃ
2227 2635 2379 2661 conser-

1254 2682 1469 2719 vationem:
1500 2707 1524 2725 ,.
1558 2677 1609 2715 lta
1633 2679 1670 2716 in
1702 2677 1872 2725 partibus
1896 2678 2062 2727 corporis
2093 2676 2251 2714 animati
2274 2689 2383 2728 quae-

1254 2765 1281 2783 „
1309 2735 1397 2772 dam
1427 2732 1651 2770 ordinantur
1679 2732 1724 2766 ad
1755 2730 1990 2780 operationes
2019 2731 2161 2766 anitnae
2193 2741 2381 2781 exequen-

1254 2817 1280 2836 ,‚
1309 2788 1397 2834 das,
1428 2787 1523 2824 sicut
1545 2797 1635 2830 cor,
1668 2782 1806 2833 hepar,
1838 2795 1999 2828 manus,
2023 2782 2054 2816 ἀ
2078 2796 2168 2833 pes3
2199 2783 2381 2834 quaedam

1256 2870 1282 2888 „
1311 2848 1439 2878 autem
1470 2839 1516 2876 ad
1538 2837 1857 2876 conservationem
1889 2833 2053 2872 aliarum
2085 2837 2278 2887 partium,
2309 2837 2382 2875 sic·

1258 2923 1285 2944 ,‚
1316 2904 1355 2931 ut
1386 2892 1477 2931 solia
1508 2899 1592 2928 sunt
1631 2890 1678 2926 ad
1707 2898 1967 2938 cooperturam
2000 2890 2197 2927 fructum.
2246 2891 2300 2928 lta
2329 2899 2382 2928 et-

1260 2976 1287 2995 „
1317 2948 1394 2984 iam
1424 2943 1586 2997 capilli,
1636 2942 1668 2978 Et
1701 2955 1844 2991 ungues
1874 2951 1956 2979 sunt
1988 2943 2025 2980 in
2055 2941 2212 2980 homine
2239 2943 2285 2981 ad
2316 2956 2382 2981 cu-

1260 3029 1287 3048 „
1318 3000 1475 3037 stodiam
1505 2996 1668 3034 aliarum
1701 2997 1893 3045 partiunt:
1924 2995 2024 3033 uude
2051 3004 2135 3033 sunt
2156 2996 2381 3035 desecanda

1261 3082 1287 3102 ,,
1318 3053 1550 3106 perfectione
1589 3048 1756 3100 corporis
1787 3047 1974 3097 humaui,
2015 3050 2194 3101 quamvis
2230 3063 2301 3088 nou
2336 3049 2384 3086 de

2190 3132 2217 3153 τ’
2247 3102 2329 3155 pri*

1264 3247 1338 3273 tant
1354 3260 1361 3269 .
1399 3233 1486 3270 Sunt
1512 3243 1653 3274 tannen,
1677 3232 1736 3279 qui
1765 3232 1878 3280 ipsum
1904 3232 2066 3278 exemplo
2090 3225 2288 3278 Sampsonis
2313 3238 2379 3273 pr:-

1264 3293 1336 3320 tent
1364 3281 1629 3322 excusandum,
1657 3281 1726 3315 imo
1752 3283 1783 3315 8(
1808 3278 2019 3315 laudandum
2038 3302 2046 3312 .

1634 3372 1656 3384 ρ

1591 3384 1656 3419 ,13
