2562 3694
914 152 993 196 DE
1028 150 1416 196 PURGATORIO
1435 182 1443 192 .

40 237 173 291 petitio
204 235 356 276 Auctori
385 231 565 271 divinitus
609 232 790 284 inspirato
827 230 1040 270 nullatenus
1068 246 1156 270 con-

40 292 143 330 venit
161 292 223 343 (a.)
242 317 253 328 .
282 284 463 326 Secundo
492 284 547 323 ibi
576 285 717 323 dicitur
746 300 818 323 non
849 301 924 324 esse
954 300 1095 323 vanum
1117 300 1157 322 0-

41 358 126 383 rare
157 356 224 397 pro
243 340 398 380 mortuis
415 369 424 386 ‚
452 340 543 390 quia
566 348 737 390 speratur
754 353 885 376 eorum
907 340 1158 384 restam-otim

45 407 82 437 at
111 407 198 435 vero
228 395 265 431 in
295 393 477 430 sententia
505 391 787 431 catholicorum
819 393 953 444 dogma
985 400 1160 444 purga-to-

45 450 94 488 rii
123 445 339 485 nullatenus
367 445 552 497 dependet
580 460 686 498 :nepe
704 477 713 490 ,
746 448 864 483 immo
892 447 1005 483 etiam
1030 450 1055 482 'a
1086 445 1161 482 fide

45 500 326 540 resurrectionis
342 511 568 550 corporum.
593 498 721 536 Tertio
737 498 803 537 illa
822 499 1013 536 conclusio
1030 513 1036 534 z
1059 498 1162 536 Sim-

47 561 115 591 σω
144 565 260 605 ergo,
289 552 338 592 (9'
358 551 525 589 salubris
545 561 601 590 est
624 557 809 606 cogitatio
830 552 900 589 Sto.
932 554 1077 589 vidi-tur
1097 565 1163 603 po-

43 607 116 643 tius
145 605 275 658 aliqua
303 614 390 643 nota
421 605 666 658 marginalis,
697 620 782 658 qua:
803 607 838 642 iu
860 614 957 642 textu
979 606 1163 656 conmigra-

47 660 124 706 rit,
153 672 270 711 quam
303 658 481 696 Historiae
512 668 728 698 contextus:
791 659 1010 696 uamobrem
1043 658 1081 695 in
1112 660 1162 695 O·

48 712 232 763 rigiuario
259 720 360 750 textu
389 725 515 762 graeco
545 712 731 765 particula
760 674 908 749 illativa
946 724 1038 763 ergo
1067 712 1164 749 ‹tesi-

43 765 219 803 deratur.
253 764 406 816 Quarto
423 795 434 813 ‚
463 767 553 819 quia
573 766 650 814 illi,
682 778 750 817 pro
770 766 910 817 quibus
930 765 1162 802 sacrificium

45 817 174 856 offerri
205 817 324 857 voluit
353 818 495 867 Judas,
540 832 614 857 nou
645 819 821 856 videntur
851 820 887 856 in
917 817 1162 868 Purgatorio‚

44 871 106 909 sed
138 873 175 909 in
207 872 356 910 inferno
385 872 519 920 fuisse,
549 874 640 924 quia
669 872 739 909 sub
771 871 923 910 illorum
945 872 1084 908 tunicis
1104 873 1162 909 iu-

42 933 153 962 venta
183 933 268 963 sunt
298 925 452 963 donaria
485 925 674 963 idolorum
713 938 756 962 ex
795 923 938 975 templo
967 924 1162 973 Sanmite,

43 979 144 1029 quod
167 977 440 1031 expilaverant,
461 972 588 1016 contra
603 979 779 1016 divinum
801 988 1035 1029 praeceptum
1060 977 1164 1014 Deu-

42 1038 112 1068 ter.
134 1031 249 1078 Vll.;
276 1030 327 1068 ob
355 1045 472 1083 quam
500 1044 654 1070 causam
685 1044 744 1068 eos
776 1031 812 1068 iu
843 1031 978 1082 praetio
1008 1031 1163 1069 cecidis-

42 1096 106 1132 se,
151 1085 337 1123 creditum
370 1084 469 1123 fuit.
517 1083 661 1134 Quinto
691 1083 814 1134 potius
850 1084 1054 1120 dicendum
1085 1094 1164 1133 est,

44 1148 106 1175 eos
136 1136 307 1175 infelices
337 1137 451 1175 fuisse
479 1137 526 1174 ad
557 1137 750 1174 infernum
771 1136 992 1182 dmnnatos;
1024 1137 1163 1175 voluis-

44 1203 82 1227 se
112 1198 236 1228 tamen
263 1189 403 1228 Judam
434 1201 503 1241 pro
531 1190 576 1228 iis
603 1190 732 1237 orari,
772 1189 819 1227 ad
850 1191 956 1241 pium
988 1204 1075 1241 erga
1105 1204 1165 1228 eos

45 1242 225 1280 aflectum
253 1242 547 1288 ostendendum
577 1242 634 1280 vel
666 1245 778 1280 etiam
810 1251 847 1280 ut
870 1243 972 1281 Deus
995 1243 1165 1295 placatus

44 1297 141 1333 iram
171 1309 278 1335 suam
308 1296 355 1335 ad
385 1294 480 1334 alios
509 1309 581 1334 uon
610 1297 851 1333 extenderet.
885 1295 1061 1334 Demmn
1091 1311 1164 1336 non

43 1349 202 1396 desunt,
231 1351 298 1400 qui
327 1357 493 1400 negent,
522 1348 711 1400 singulare
732 1348 824 1396 hoc,
857 1351 1068 1397 indicunt,
1097 1351 1165 1389 Ju-

43 1402 103 1438 ὼε
133 1401 353 1454 exemplum
399 1415 502 1454 posse
545 1414 613 1454 pro
641 1401 749 1454 lege,
787 1412 852 1440 aut
882 1402 1081 1441 infallibili
1113 1414 1164 1441 te-

46 1455 222 1492 stimonio
250 1457 389 1501 statui3
426 1468 550 1507 neque
579 1457 708 1503 enim,
737 1469 825 1507 quae
859 1457 896 1494 in
925 1459 1039 1494 sacris
1069 1456 1166 1494 litte-

46 1509 98 1545 ris
127 1508 227 1547 facta
247 1507 444 1559 leguntur,
472 1510 602 1546 omnia
619 1509 773 1560 probari
797 1518 1011 1557 merentur,
1043 1520 1082 1548 ut
1103 1523 1166 1548 nos

49 1561 121 1612 ipsi
150 1575 240 1600 cum
269 1562 418 1599 Sanctis
448 1561 684 1611 Augustino,
723 1561 757 1598 &
787 1561 938 1600 Tlioma
966 1577 1080 1614 supra
1108 1564 1166 1602 di-

46 1616 172 1652 ximus
200 1614 246 1651 de
275 1614 373 1651 facto
402 1612 527 1651 Raziae
559 1614 709 1651 n.125.

100 1667 192 1718 293.
221 1666 295 1705 Sed
325 1665 438 1704 facile
466 1674 538 1713 est,
562 1679 698 1704 omnes
729 1667 814 1704 istas
843 1668 1036 1706 evasiones
1067 1682 1168 1719 prae-

44 1718 224 1768 cludere,
256 1718 289 1755 St
319 1720 399 1757 vim
429 1719 623 1757 foi-tissimi
653 1718 768 1770 liujus
797 1722 1011 1771 argumenti
1042 1722 1166 1758 tueri.

44 1775 168 1825 Atque
190 1773 237 1810 ad
252 1777 424 1821 primum
439 1772 626 1820 dicimus,
656 1772 869 1811 Ecclesiam
893 1773 1050 1811 latinam
1074 1774 1168 1810 duos

43 1824 362 1864 Machabaeorum
393 1825 529 1864 Libros
557 1839 706 1878 semper
736 1835 775 1863 ut
803 1827 1014 1864 canonicos
1052 1827 1168 1864 fuisse

44 1887 290 1925 veneratam3
333 1879 520 1932 quidquid
548 1880 594 1916 sit
622 1880 668 1916 de
697 1880 852 1917 canone
881 1880 1134 1917 Hebraeorum
1155 1910 1166 1928 ,

46 1933 86 1970 in
116 1945 193 1985 quo
221 1933 464 1984 praetermissi
494 1940 579 1968 sunt
596 1958 606 1969 .
637 1931 778 1970 Libros
797 1931 1132 1971 Machabaeorum
1153 1963 1165 1980 ‚

44 1986 168 2037 inquit
196 1985 238 2023 S.
270 1986 501 2038 Augustinus
530 1984 619 2023 Lib.
636 1985 782 2024 XVlll.
811 1986 859 2024 de
882 1986 961 2024 Cir.
984 1986 1059 2025 Dei
1080 2001 1166 2037 cap.

49 2037 114 2078 56.
132 2069 143 2086 ,
171 2051 251 2076 non
280 2038 428 2087 Judaet,
458 2037 528 2076 sed
547 2036 735 2077 Ecclesia
763 2053 833 2090 pro
862 2044 1066 2077 canonicis
1095 2039 1167 2076 ha-

44 2089 107 2129 het
126 2089 206 2142 (b).
236 2091 348 2139 Quod
377 2090 491 2131 facile
521 2100 612 2130 esset
641 2105 686 2130 ex
715 2094 869 2144 antiqua
898 2094 1098 2132 traditione
1127 2105 1168 2129 o-

45 2145 239 2183 stendere.
268 2145 348 2183 Nec
374 2145 513 2183 obsunt
543 2154 730 2196 postrema
759 2145 828 2183 illa
855 2147 974 2182 divini
997 2147 1167 2196 Scripto-

45 2199 100 2236 ris
127 2198 268 2243 verba3
298 2211 419 2250 neque
448 2198 551 2235 enim
582 2199 733 2235 veniam
764 2213 786 2236 a
815 2197 1018 2236 lectoribus
1048 2200 1166 2251 petit,

46 2253 155 2303 quasi
185 2241 333 2302 aliquid
363 2252 402 2288 in
447 2249 603 2287 historia
642 2252 853 2299 erraverit,
895 2252 959 2289 sed
995 2252 1041 2289 de
1069 2251 1169 2304 stylo

46 2307 176 2342 minus
204 2313 358 2352 ornato,
390 2302 423 2338 8<
453 2303 637 2354 eleganti,
658 2318 754 2352 seu,
793 2314 830 2342 ut
859 2306 938 2355 ipse
972 2304 1167 2357 loquitur,

48 2357 95 2395 de
124 2369 294 2396 sermone
322 2370 395 2395 nou
424 2368 580 2406 semper
617 2366 785 2405 exacto,
825 2367 934 2409 prout
971 2358 1169 2410 aliquibus

49 2411 171 2449 videri
201 2418 373 2463 poterat.
410 2409 614 2460 Quomodo
643 2412 756 2450 etiam
785 2410 925 2450 Paulus
947 2425 983 2450 2.
1013 2412 1060 2450 ad
1080 2412 1168 2452 Cor.

102 2597 150 2636 (a)
178 2595 380 2631 Scurriliter
400 2593 561 2632 Brentius
577 2619 588 2638 ‚
614 2595 741 2631 Demus
757 2619 767 2637 ‚
794 2595 927 2642 inquit,
954 2600 1009 2633 illi
1028 2600 1170 2639 veniam,

53 2644 140 2684 quod
157 2647 337 2684 errauerit,
363 2652 434 2677 cum
456 2645 621 2690 suffragia
639 2657 699 2689 pro
717 2644 894 2688 drfiinctis
912 2647 1086 2678 [iniciavit.
1114 2648 1171 2678 lu-

53 2688 156 2721 terim
180 2688 237 2722 hic
260 2687 450 2724 liaereticus
470 2703 536 2725 non
557 2691 732 2725 inficiatur
748 2713 758 2731 ‚
786 2691 848 2723 lioc
876 2692 950 2724 loco
973 2690 1169 2725 doctrinam

53 2731 95 2766 ‹le
120 2744 342 2770 mortuorum
365 2737 541 2782 ‘suffragiis
567 2737 764 2777 contineri,
789 2735 879 2781 quod
905 2746 1061 2771 nostram
1087 2750 1171 2771 cau-

55 2791 130 2812 sam
155 2789 276 2815 contra
302 2783 386 2816 alios
410 2784 556 2817 mirifice
581 2783 705 2827 juvat.

102 2828 149 2865 (b)
178 2827 415 2870 Quaestionem
452 2828 494 2863 de
519 2829 637 2863 divina
675 2830 858 2874 utriusque
885 2830 1170 2864 Maeliabaeorum

54 2873 152 2906 Libri
183 2875 390 2909 auctoritaie
425 2877 754 2921 praeterinittimus5
792 2876 851 2909 sed
899 2877 1067 2909 ›raeterire
1102 2889 1170 2910 non

55 2930 238 2964 possumus
252 2919 400 2962 Ochini‚
426 2925 457 2954 &
478 2922 568 2956 Petri
587 2923 759 2967 Martyris
780 2889 1030 2968 itnpiulentiam
1047 2944 1057 2962 ,
1083 2934 1170 2967 quo-

54 2975 134 2998 rum
162 2966 296 3010 primus
323 2978 342 2999 a
367 2967 464 3000 nullo
487 2977 646 3002 veterum
664 2969 852 3003 Doctorum
878 2969 1088 3001 mentionem
1116 2981 1174 3002 eo-

55 3009 215 3045 rumdem
242 3012 411 3046 librorum
437 3013 565 3047 factam
592 3024 708 3059 aperte
737 3017 904 3048 menium·
921 3038 928 3046 .
968 3015 1067 3048 Alter
1092 3027 1174 3048 vero

58 3058 215 3092 abutitur
241 3059 358 3092 verbis
384 3060 416 3092 S·
446 3061 633 3103 Augustini
662 3062 695 3093 Μ
725 3062 798 3094 Lib.
828 3064 853 3097 Ι.
892 3070 984 3094 <ont-
1011 3059 1176 3094 Gauden-

59 3104 146 3138 tium
172 3117 201 3138 ci
226 3105 281 3138 23.
307 3105 474 3138 dice'ntis:
507 3105 555 3138 Et
581 3106 666 3140 hanc
692 3109 824 3151 quidrm
847 3107 1084 3148 Scriptorum,
1110 3121 1174 3149 ‘sua

54 3153 249 3193 appellatur
275 3151 557 3190 lnocimbaeorwn,
584 3165 647 3185 non
674 3153 797 3185 haten
829 3152 939 3185 Judxi
956 3175 965 3192 ,
992 3157 1081 3186 sicut
1109 3154 1174 3186 Lc-

58 3207 132 3239 gem
145 3216 157 3236 ,
181 3200 222 3230 (θ’
237 3197 423 3242 Prophetas
436 3221 446 3238 ‚
473 3204 512 3230 Εἰ·
532 3197 686 3232 Psalmos
703 3215 716 3236 ,ι
742 3200 803 3231 scal
823 3207 957 3241 recepta
977 3207 1028 3231 est
1046 3200 1086 3232 ab
1102 3199 1174 3232 Ec-

54 3244 166 3275 etesia
190 3255 252 3276 non
278 3247 448 3279 inutiliter
465 3267 474 3285 ‚
514 3249 543 3277 si
572 3246 682 3278 sobrie
708 3247 865 3287 legatur,
906 3247 956 3278 vel
991 3246 1171 3279 audiatur.

56 3291 239 3330 Quantum
264 3289 306 3322 ad
331 3292 483 3336 primurn
500 3312 510 3330 ‚
536 3290 714 3324 fatendum
741 3300 793 3323 est
820 3303 898 3324 cum
920 3290 1001 3323 Nat.
1022 3291 1173 3324 Alexan-

57 3333 120 3367 dro
146 3335 180 3366 in
200 3334 260 3367 Vt.
285 3336 409 3371 Mundi
434 3347 535 3372 aetate
557 3339 703 3371 Dissert.
722 3338 796 3370 Vll.
815 3346 880 3370 art.
897 3338 929 3371 8.
949 3337 1032 3369 olim
1059 3338 1174 3381 aqui-

57 3379 205 3414 busdam
224 3381 389 3415 Ecclesiis
414 3396 480 3418 non
509 3386 612 3418 fuisse
639 3396 694 3416 eos
722 3385 811 3417 inter
836 3384 1029 3418 Canon3cos
1055 3394 1174 3418 recen-

223 3425 459 3482 Gazzaniga
493 3429 624 3471 Theol.
656 3429 768 3471 Tom.
791 3428 876 3467 Vll.

2206 173 2279 200 121

1229 230 1360 268 Xt.6.
1403 243 1445 268 se
1474 233 1700 279 imperitum
1741 245 1922 271 sermone
1953 236 2113 283 fatetur,
2156 237 2226 273 sci.
2262 252 2346 277 nn

1225 287 1417 322 scientia.

1283 338 1373 389 294.
1401 337 1576 374 Ceterum
1608 340 1863 388 praetcrmissa
1893 340 1960 378 illa
1988 345 2195 392 qua-,stione
2220 345 2266 382 tle
2286 346 2344 384 ‹li-

1230 392 1318 429 vina
1340 389 1659 429 Macltabaeorum
1691 391 1931 430 voluminum
1962 398 2203 445 auctoritate,
2235 401 2342 437 uobis

1228 444 1379 482 abunde
1408 442 1582 482 sufficere
1613 452 1727 496 potest
1757 443 1933 482 historica
1963 447 2113 484 illorum
2138 451 2343 490 Librorum

1231 497 1350 545 fides,
1378 512 1495 551 quam
1527 510 1660 548 negare
1690 510 1761 534 uon
1794 507 1940 547 possunt
1973 500 2214 540 Adversarii.
2263 505 2343 542 lloi:

1233 552 1335 588 enixu
1365 552 1472 588 Judae
1506 552 1647 587 sartum
1679 551 1810 601 prohat
1841 564 2079 589 communem
2111 557 2164 590 sni
2199 557 2344 607 ipsius,

1233 605 1473 656 aliorumque
1502 604 1751 652 Judaeorum,
1793 605 1860 656 qui
1906 607 2107 654 pecuniam
2140 606 2347 649 liberaliter

1232 657 1470 695 contuleruut
1489 687 1498 704 ‚
1528 658 1643 694 sidu—in
1664 687 1673 704 ‚
1717 658 1864 695 animas
1893 658 2158 695 defunctorum
2189 661 2346 701 detineri

1234 712 1271 748 in
1290 709 1507 761 l’urgatorio
1535 711 1582 748 ael
1613 710 1788 748 eluendas
1809 711 1969 749 leviores
1998 721 2236 762 peccatorum
2269 730 2347 753 nia-

1231 764 1357 812 culas,
1402 765 1534 816 ibique
1565 777 1668 815 posse
1699 765 1871 802 vivorum
1902 764 2090 815 suffragiis
2120 764 2274 815 juvari3
2303 783 2348 806 ac

1233 827 1428 869 propterea
1456 827 1597 854 nostros
1621 819 1861 855 Azlversarios
1891 819 1927 855 id
1958 827 2160 869 negantes,
2191 833 2264 858 nou
2293 834 2350 859 so-

1233 871 1313 906 lum
1344 870 1392 907 ab
1411 869 1579 908 Ecclesia
1600 870 1766 918 Christi,
1796 872 1857 909 sed
1888 872 2002 909 etiam
2032 886 2054 909 a
2085 874 2198 910 veteri
2227 873 2351 927 Syna·

1231 937 1322 975 goga
1352 925 1597 962 condemnati
1616 950 1625 960 .

1289 978 1378 1029 295.
1408 977 1583 1014 Secunda
1612 978 1737 1014 evasi«)
1765 987 1815 1016 est
1846 992 1939 1030 pura
1957 1009 1967 1026 ,
1999 988 2163 1031 putaque
2191 981 2351 1019 cavilla-

1233 1031 1304 1074 tio;
1335 1032 1556 1068 resurrectio
1585 1031 1709 1077 enim,
1739 1031 1785 1068 de
1813 1046 1889 1083 qua
1920 1033 1973 1070 ibi
2005 1047 2110 1069 sacer
2138 1042 2266 1072 auctor
2296 1034 2350 1072 lo-

1233 1085 1362 1136 quitur
1379 1114 1389 1131 ‚
1419 1097 1494 1122 uon
1511 1094 1560 1121 est
1579 1086 1800 1122 resurrectio
1816 1099 2015 1137 corporum
2040 1088 2318 1125 interfectorum
2338 1118 2351 1137 ,

1234 1151 1351 1188 quam
1380 1147 1478 1174 certe
1499 1137 1614 1175 Judas
1644 1147 1733 1174 tunc
1763 1152 1835 1175 non
1866 1139 2061 1189 sperabat,
2093 1141 2153 1177 sed
2186 1153 2352 1179 resurre-

1233 1193 1306 1227 ctio
1335 1192 1581 1238 animarum,
1613 1191 1704 1228 idest
1733 1193 1953 1229 earumdem
1986 1192 2182 1240 liberaum,
2214 1195 2272 1231 vel
2295 1209 2354 1232 so-

1233 1243 1327 1281 lutio
1356 1258 1378 1281 a
1407 1245 1569 1295 peccatis
1587 1274 1596 1290 ,
1642 1257 1710 1294 pro
1738 1259 1814 1296 qua
1842 1245 2031 1282 sacrificia
2059 1246 2267 1295 offerebat,
2311 1256 2354 1286 ut

1233 1297 1338 1334 Deus
1369 1297 1412 1334 iis
1442 1296 1612 1350 placatus
1643 1297 1790 1335 easdem
1820 1298 1965 1336 animas
1995 1312 2016 1335 a
2037 1298 2248 1351 Purgatorii
2271 1315 2354 1351 poe-

1233 1351 1289 1388 nis
1319 1349 1518 1388 liberaret.

1292 1402 1382 1455 296.
1414 1403 1612 1455 Perperam
1643 1408 1757 1442 tertio
1788 1404 1869 1442 loco
1897 1406 2242 1445 comminiscuntur
2261 1437 2272 1455 ,
2309 1406 2357 1444 il-

1235 1456 1313 1494 lam
1356 1456 1660 1495 conclusionem:
1703 1457 1859 1495 Sancta
1889 1471 1980 1510 ergo
2008 1459 2058 1499 (9‘
2087 1458 2253 1497 salubris
2283 1461 2356 1499 Sec.

1236 1524 1306 1547 non
1334 1524 1412 1547 esse
1441 1512 1646 1562 genuinam
1678 1513 1774 1548 sacri
1804 1521 1922 1549 textus
1954 1521 2095 1563 partem
2114 1543 2124 1561 ‚
2155 1513 2216 1550 sed
2232 1513 2356 1551 alicu-

1232 1562 1293 1614 jus
1323 1564 1538 1614 interpretis
1566 1566 1793 1602 notationem
1813 1595 1823 1612 ‚
1866 1579 1954 1616 qum
1987 1575 2113 1616 postea
2151 1567 2284 1605 furtim
2315 1568 2356 1604 in

1233 1625 1376 1653 textum
1405 1617 1620 1667 irrepserit:
1663 1631 1863 1668 perperam
1881 1647 1891 1664 ‚
1934 1619 2092 1668 inquam
2110 1648 2121 1665 ‚
2151 1633 2240 1656 cum
2271 1619 2357 1658 liaee

1236 1668 1408 1705 clausula
1429 1669 1661 1706 inomuibus
1676 1669 1962 1720 exemplaribus
1991 1679 2065 1707 tam
2085 1670 2178 1708 Mss.
2198 1701 2208 1718 ‚
2237 1686 2358 1722 quam

1237 1720 1633 1772 impressisffllegatur.
1677 1722 1721 1759 Iu
1749 1720 2034 1773 exemplaribus
2059 1725 2198 1774 ,graecis
2226 1723 2359 1776 aliqua.

1238 1787 1356 1824 parva
1385 1783 1466 1821 est,
1498 1787 1573 1812 non
1603 1787 1730 1812 rerum
1748 1804 1759 1822 ,
1788 1775 1852 1812 sed
1882 1774 2085 1813 verborum
2115 1775 2359 1816 differentia.

1236 1825 1288 1864 lta
1317 1828 1420 1865 enim
1450 1825 1610 1865 liabent:
1633 1857 1659 1874 ,‚
1680 1827 1831 1865 Deinde
1861 1829 2097 1867 considerans
2128 1829 2289 1879 (Iudas
2320 1832 2359 1879 )‚

1237 1909 1262 1928 ‚‚
1293 1880 1339 1918 iis
1356 1909 1367 1927 ‚
1397 1881 1463 1931 qui
1484 1894 1574 1918 cum
1605 1882 1741 1931 pietate
1756 1880 2040 1922 obdormierant
2058 1911 2068 1929 ,
2097 1885 2279 1934 optimam
2299 1897 2359 1921 re-

1236 1961 1262 1980 „
1291 1933 1452 1984 positam
1481 1935 1670 1984 gratiam,
1700 1946 1788 1984 quae
1816 1942 1972 1980 sancta,
2003 1934 2116 1986 &pia
2144 1937 2357 1975 considera-

1235 2014 1262 2033 „
1294 1986 1346 2022 tio
1376 1985 1474 2032 fuit,
1506 1987 1589 2023 ideo
1605 1999 1672 2037 pro
1701 1987 1858 2024 mortuis
1876 1988 2134 2039 expiationem
2165 1989 2283 2038 fecit,
2314 1998 2356 2029 ut

1236 2067 1262 2086 „
1291 2053 1313 2076 a
1343 2040 1506 2090 peccatis
1535 2039 1831 2077 solverentur'’.

1292 2104 1382 2144 297.
1412 2092 1558 2138 Quarta
1588 2093 1714 2131 evasio
1756 2092 2007 2144 praecluditur
2034 2094 2084 2132 ab
2116 2096 2195 2146 ipso
2224 2105 2358 2146 textu,

1235 2157 1312 2197 quo
1343 2146 1554 2183 insinuatur
1568 2155 1718 2198 aperte,
1748 2159 1808 2184 eos
1825 2145 1992 2195 milites,
2020 2149 2089 2200 qui
2118 2150 2359 2198 ceciderant,

1235 2212 1326 2236 cum
1355 2201 1502 2249 pietate
1530 2198 1810 2237 dormitionem
1840 2205 2063 2251 accepisse,
2092 2202 2141 2243 ὠ
2160 2207 2358 2252 optimam.

1235 2250 1380 2290 habere
1408 2255 1622 2301 repositam
1651 2257 1858 2305 gratiam:
1887 2267 1960 2292 non
1989 2268 2076 2307 ergo
2103 2255 2219 2294 Judas
2248 2266 2356 2309 puta-

1235 2306 1289 2343 vit
1311 2335 1321 2353 ,
1351 2317 1412 2343 eos
1432 2307 1719 2358 impoenitentes
1740 2306 1880 2345 obiisse
1901 2336 1912 2354 ,
1943 2316 1982 2346 ut
2011 2310 2097 2359 igne
2127 2318 2267 2348 aeterno
2293 2310 2360 2348 da-

1238 2368 1455 2397 mnarentur
1473 2385 1483 2397 .
1513 2360 1611 2398 Cum
1643 2369 1768 2412 postea
1798 2360 1986 2409 voluerit,
2015 2362 2204 2401 sacrificia
2225 2376 2292 2414 pro
2313 2364 2359 2400 iis

1236 2411 1362 2451 offerri
1382 2442 1392 2461 ,
1436 2421 1476 2450 ut
1504 2426 1533 2450 a
1559 2417 1734 2465 peccatis
1763 2414 2003 2454 solverentur
2020 2445 2030 2463 ‚
2074 2416 2273 2455 manifeste
2301 2417 2358 2453 iu-

2215 2482 2301 2507 uut-

1241 2598 1325 2633 sitos
1341 2622 1348 2629 .
1376 2597 1449 2632 Hoc
1477 2605 1592 2632 tamen
1613 2610 1680 2633 non
1698 2597 1867 2643 impedit,
1893 2598 1976 2642 quin
1999 2597 2153 2630 Ecclesia
2178 2596 2256 2641 jure
2282 2609 2358 2632 me-

1238 2646 1308 2680 rito
1330 2644 1467 2679 eosdem
1494 2655 1531 2679 ut
1559 2647 1740 2679 canonicos
1755 2667 1764 2685 ‚
1791 2649 1822 2676 &
1842 2644 1976 2676 divinos
1997 2644 2189 2687 receperit,
2216 2654 2358 2689 popter

1238 2693 1430 2726 multorum
1457 2701 1616 2725 veterum
1645 2693 1807 2730 Pan-nm,
1847 2689 2050 2722 Pontificum
2068 2710 2078 2728 ,
2115 2702 2154 2721 ac
2181 2691 2357 2724 Concilio-

1238 2750 1317 2771 rum
1335 2738 1594 2778 auctoritatem,
1609 2751 1627 2771 a
1645 2737 1772 2782 quilius
1791 2736 1899 2768 «livini
1917 2744 1953 2768 ut
1972 2736 2110 2778 allegati
2128 2745 2220 2768 sunt.
2234 2736 2357 2778 Quan-

1239 2792 1314 2817 tum
1333 2796 1416 2817 vero
1435 2782 1477 2817 ml
1499 2783 1686 2817 secundum
1703 2805 1714 2823 ‚
1728 2785 1761 2815 S.
1778 2782 1993 2826 Augustinus
2012 2781 2086 2814 Lib.
2102 2783 2143 2815 ll.
2166 2779 2219 2816 De
2236 2779 2361 2816 Doctr.

1239 2830 1373 2864 Chri'st.
1409 2843 1484 2875 cap.
1518 2831 1550 2864 8.
1588 2830 1621 2862 in
1658 2831 1796 2863 canone
1834 2839 1922 2860 sacr.
1959 2828 2222 2870 Scripturarum
2257 2840 2359 2874 aper-

1240 2885 1272 2908 te
1297 2875 1558 2921 comprehemlit
1583 2873 1666 2908 duos
1693 2873 1975 2908 Maelialiaeorutn
1999 2874 2140 2907 Libros.
2176 2873 2276 2918 Quod
2297 2888 2360 2908 au-

1241 2930 1311 2955 tem
1349 2924 1418 2956 alio
1453 2924 1487 2955 in
1527 2923 1599 2955 loco
1633 2922 1844 2965 scripturam
1874 2919 2155 2954 Machabaeornm
2183 2930 2360 2965 receptant

1241 2980 1314 3001 esse
1339 2969 1383 3002 ab
1410 2969 1565 3002 Ecclesia
1591 2966 1704 3007 dicit,
1743 2980 1806 2999 non
1833 2968 2028 3008 inutiliter,
2069 2971 2100 3000 si
2128 2968 2239 3000 sobrie
2265 2970 2361 3009 lega-

1243 3022 1296 3046 tur
1310 3036 1321 3054 ,
1347 3018 1398 3048 ivel
1423 3017 1584 3048 audiatur
1599 3034 1608 3052 ‚
1637 3012 1699 3045 lioc
1717 3011 1939 3045 referendum
1958 3021 2009 3045 est
2027 3010 2070 3044 ad
2088 3013 2274 3047 suicidium
2290 3015 2359 3046 tza-

1245 3061 1332 3098 zim,
1374 3073 1443 3105 quo
1468 3059 1776 3094 Circumcelliones
1803 3058 2039 3092 abutebantur
2057 3079 2066 3089 .
2111 3061 2148 3092 ln
2177 3061 2218 3092 iis
2242 3068 2359 3093 auten·

1244 3105 1443 3138 refellendis
1472 3115 1567 3139 tutus
1593 3115 1644 3137 est
1664 3107 1697 3137 S.
1715 3106 1868 3144 Doctor,
1895 3101 2126 3144 contendens;
2154 3106 2267 3138 Rana
2288 3105 2360 3137 sui-

1247 3151 1375 3184 citlium
1395 3164 1467 3184 esse
1487 3150 1753 3195 improbandum
1769 3173 1779 3190 ‚
1804 3159 1923 3195 utpote
1940 3151 2000 3195 qui
2018 3163 2083 3183 non
2101 3154 2205 3195 plane
2224 3156 2361 3192 sapien·

1243 3203 1296 3231 tiae
1312 3219 1322 3237 ,
1349 3199 1412 3231 sed
1437 3201 1642 3240 insi'pientiae
1668 3199 1768 3231 dedit
1785 3199 1996 3242 exemplum,
2021 3210 2084 3230 non
2104 3198 2241 3230 Christi
2262 3196 2360 3228 Mar-

1243 3245 1381 3279 trri'bus
1398 3266 1407 3283 ‚
1435 3245 1498 3277 sed
1523 3243 1653 3276 Domiti
1680 3243 2019 3278 circumcellionibus
2039 3245 2236 3276 imitandum
2251 3265 2259 3273 .
2284 3242 2359 3273 Es.-

1242 3286 1348 3335 plicat
1374 3297 1490 3334 postea
1505 3311 1516 3329 ,
1541 3287 1660 3323 landes
1674 3311 1685 3330 ‚
1710 3289 1837 3335 quibus
1863 3302 1962 3324 sacer
1981 3289 2138 3333 Scriptor
2155 3300 2233 3321 eum
2254 3297 2357 3335 exor-

1242 3347 1323 3370 nare
1350 3333 1511 3376 videtui-5
1537 3348 1577 3369 ac
1603 3344 1784 3381 propterea
1810 3335 1942 3376 infert,
1965 3335 2056 3370 haue
2081 3334 2235 3369 divinam
2262 3332 2356 3365 Scri·

1242 3392 1382 3428 pturam
1407 3393 1480 3418 esse
1509 3381 1620 3417 sobrie
1644 3380 1824 3428 legendam
1839 3405 1846 3413 .

1769 3427 1815 3470 16
