2570 3745
859 147 939 192 DE.
975 145 1238 191 GRATnffl
1270 146 1583 189 NECESSIT.
2265 153 2317 194 55

74 260 102 283 2,
129 231 218 281 dei,
246 229 309 270 sea
338 241 409 276 ea,
436 238 528 280 quae
555 231 642 265 sunt
670 225 760 265 fidei
778 256 788 275 ,
818 225 895 264 alio
925 228 1037 266 modo
1064 236 1189 276 tenet,

76 316 111 336 >r
158 298 250 330 ‚uam
278 295 346 335 pet
374 280 492 320 fidem
510 308 521 319 .
551 279 800 319 Manifestum
831 289 888 318 est
911 290 1059 329 autern,
1087 281 1190 334 quod

75 368 109 390 „a
131 300 199 376 ille
225 336 293 388 qui
324 333 490 374 inhaeret
503 335 686 374 doctrinae
708 333 890 372 Ecclesiae
913 343 1109 387 tamquam
1132 335 1188 373 in-

69 420 100 442 „
125 388 296 429 fallibili·
319 387 460 441 regulae
476 418 488 437 ,
515 387 703 427 omuibus*
724 389 898 437 assentit,
938 402 1026 441 quae
1057 387 1188 426 Eccle-

68 471 100 494 „.
124 444 181 482 sia.
206 441 341 488 docet3
387 441 588 495 alioquin,
631 441 736 481 side
767 442 852 490 his,
895 456 983 495 quae
1014 440 1188 480 Ecclesia

69 526 102 547 ‚‚,
126 497 267 545 docet,
289 509 377 549 quae
399 495 509 544 vult,
538 504 667 544 tenet,
698 494 732 530 &
760 509 848 548 qum
879 510 952 534 non
982 495 1086 544 vult,
1115 507 1189 533 nou

69 579 96 600 „
125 559 249 599 tenet,
278 563 353 588 nou
381 548 461 600 jam
482 548 641 588 inhaeret
657 549 841 588 Ecclesiae
862 550 1064 597 doctrinae,
1093 549 1189 587 sicut

70 633 98 653 „
128 601 331 644 infallibili
371 601 550 655 regulas,
591 603 660 641 sed·
695 605 859 655 propriae
899 602 1112 647 voluntati3
1154 601 1187 637 8<

67 686 97 707 „
124 659 178 696 sic
206 655 451 696 manifestum
481 665 558 705 est,
587 656 688 709 quod
719 656 948 704 haereticus,
978 657 1044 708 qui
1076 657 1187 707 perti-

69 739 97 759 „
127 711 270 748 nacitet
299 711 476 749 discredit
507 724 623 748 unuin
655 710 863 748 articulum
895 710 1006 756 fidei,
1036 723 1108 748 non
1138 718 1189 747 est

69 792 96 811 „
125 774 285 816 paratus·
306 766 413 816 sequi
444 766 482 802 in
509 763 689 802 omnibus
717 763 928 800 doctrinam
947 760 1129 800 Ecclesiae

67 845 95 865 „
126 816 161 853 ἃ
187 816 306 856 fidem
335 830 410 855 non
441 816 553 855 habet
581 817 626 854 de
655 815 742 852 aliis
771 815 972 863 articulis,
1014 816 1083 853 sed
1106 817 1189 868 opi-

70 898 101 918 „.
126 871 282 909 nionem
325 870 541 923 quamdam,
576 868 785 907 secundum
828 871 1024 920 propriam
1056 869 1195 908 volam-

70 951 98 972 „
128 932 242 962 tatem
263 926 289 945 ‘⁶
307 949 318 961 .

122 975 189 1015 65.
219 977 306 1015 lust.
336 974 526 1014 secundo.
554 973 596 1012 S.
619 973 717 1025 Aug.
747 974 795 1011 in.
818 975 975 1025 exposit.
1005 988 1198 1063 (littorum--

1000 1040 1008 1063 t

64 1029 155 1068 dam
194 1029 383 1083 proposit..
403 1027 527 1080 Epist.
556 1026 610 1065 ad·
634 1026 755 1065 Rom..
776 1026 857 1065 ait:
909 1026 996 1076 Quo
1065 1028 1190 1065 credi-

65 1095 193 1131 mus„
227 1090 406 1120 nostrum
435 1090 495 1119 est
510 1109 530 1129 ,.
563 1079 669 1132 quod
697 1088 841 1118 antem·
875 1078 1020 1117 bonum
1048 1093 1189 1129 opera-

63 1148 153 1174 mur
167 1164 180 1184 ,
208 1133 310 1172 illius
328 1142 388 1172 est
402 1163 414 1184 ,
444 1138 509 1186 qui
529 1133 776 1173 credentibus
792 1133 862 1171 dat
878 1132 1068 1184 Spiritum
1084 1133 1187 1171 San-

67 1197 174 1227 ctum
191 1213 212 1226 ..

115 1240 190 1288 64..
213 1238 334 1295 Resp..
354 1238 401 1282 S.
427 1240 640 1282 Doctorem
665 1254 862 1280 erroneam
893 1240 989 1280 hanc
1019 1240 1187 1294 proposi-

57 1295 201 1334 tionem
221 1303 440 1335 retractasse
455 1326 467 1345 ,
497 1305 578 1335 tum
598 1296 688 1335 Lib.
704 1296 744 1335 1..
765 1295 946 1334 Retracc.
965 1310 1000 1334 c.
1020 1296 1084 1335 25.
1104 1304 1185 1334 tutu

57 1345 186 1388 L..De
200 1347 334 1388 Praed.
351 1349 431 1388 SS..
444 1349 535 1389 αὖ.
551 1379 563 1399 ,
585 1349 721 1389 ubi-ita
741 1349 953 1389 concludit:
984 1379 1009 1398 „
1025 1348 1184 1387 Utrum·

63 1428 94 1451 ‚,
123 1415 199 1454 que
227 1415 315 1454 ergo
344 1403 528 1454 (scilicet
558 1403 747 1451 credere,
776 1403 826 1444 ὠ
855 1401 952 1441 bene
979 1406 1137 1452 operari
1167 1401 1183 1449 )

61 1482 97 1505 „.
119 1462 295 1494 nostrum
319 1464 370 1494 est
399 1466 552 1509 propter
580 1456 793 1496 arbitrium¹
815 1455 1046 1500 voluntati33
1077 1456 1110 1491 8<
1142 1469 1185 1492 u-

62 1536 92 1557 „
119 1515 301 1562 trumque
328 1517 455 1549 tamen
476 1510 622 1549 datum.
644 1519 696 1549 est
716 1523 784 1562 per
803 1510 989 1561 spiritum
1003 1508 1093 1547 fidei
1111 1539 1121 1556 ,
1152 1508 1186 1543 8<

63 1589 91 1609 2,
120 1559 341 1602 charitatis.
371 1561 426 1600 Et
454 1566 624 1609 iterum,
654 1570 869 1614 utrumque·
890 1564 1010 1614 ipsius
1040 1561 1184 1612 (Det)

65 1642 93 1662 „
123 1623 202 1663 est,
231 1616 330 1667 quia
352 1616 434 1666 ipse
462 1623 654 1666 praeparat
683 1614 913 1652 voluntatem
932 1644 943 1662 ,
973 1615 1006 1651 8<
1039 1624 1185 1652 utrum-

66 1695 98 1717 „.
120 1681 198 1758 gne
225 1676 398 1707 nostrum
419 1697 431 1716 ,
459 1669 561 1719 quod
589 1680 664 1706 non
694 1667 737 1706 fit
765 1669 846 1706 siue
875 1666 1091 1707 volentibus
1120 1682 1184 1705 uo-

65 1748 93 1768 „
152 1721 182 1759 is
203 1723 228 1743 ‘⁶
245 1746 265 1759 ..

117 1771 193 1812 65..
212 1773 305 1825 Obj.
326 1775 486 1826 septimo
502 1801 513 1813 .
541 1774 591 1813 Si
614 1773 765 1814 nullum
798 1775 835 1812 in
867 1774 1020 1813 homine
1041 1788 1196 1828 praece-v

62 1824 124 1864 dit.
148 1827 300 1866 initium
330 1827 449 1877 fidei,
478 1827 631 1866 nullum
660 1829 892 1867 desiderium
911 1858 922 1877 ,
958 1838 1023 1866 ant
1050 1829 1184 1867 credu-

60 1877 188 1918 litatis*
208 1880 365 1919 affectus
379 1911 400 1930 „
433 1880 514 1933 jain
542 1891 617 1921 tota
645 1884 767 1930 ratio,
809 1895 878 1921 cur
906 1881 1011 1920 Deus
1039 1881 1184 1935 aliqui-

59 1930 134 1972 bus
160 1932 288 1973 fidem.
307 1934 447 1983 donet,
491 1934 582 1974 aliis>
606 1949 678 1974 non
715 1935 827 1974 donet
845 1965 866 1984 ,.‚
898 1937 974 1973 eritv
1000 1934 1124 1974 libera
1153 1936 1185 1974 i-

61 1985 169 2077 sssius
197 1983 273 2026 Dei
302 1987 500 2035 voluntas3
529 1990 643 2042 atqui.
665 1988 735 2028 hoc
764 1989 975 2028 absurdum
1005 1989 1183 2028 videtur.

95 2039 319 2094 rimoquia·
341 2041 481 2090 Deus,
512 2043 771 2094 quantumin
811 2044 903 2096 ipso⁴
922 2051 1001 2090 est,
1038 2043 1114 2080 vult
1143 2055 1183 2080 o-

58 2103 187 2132 mnes
207 2092 387 2134 homines
403 2095 544 2136 ..salvos
571 2095 701 2149 fieri,
744 2097 804 2137 &³
831 2095 886 2134 ad
914 2099 1184 2148 cognitionem

59 2149 237 2186 veritatis
266 2152 397 2188 venire
425 2149 798 2200 (1.,Tim.c.11.).
827 2149 1004 2188 Secundo
1031 2152 1124 2203 quia
1144 2165 1195 2188 a*

62 2196 174 2253 liqna
201 2202 310 2254 apud.
333 2203 459 2255 ipsum
480 2203 578 2242 foret
597 2217 843 2264 personarum
865 2204 1036 2255 acceptio
1051 2234 1062 2253 ,
1092 2217 1184 2242 con·

62 2258 124 2289 tra
150 2252 225 2303 id„
257 2256 367 2308 quod.
387 2255 487 2295 dicit.
509 2256 785 2309 Apostolorum
806 2256 988 2310 Princeps
1016 2258 1102 2296 Act.
1131 2257 1185 2297 X.

62 2301 141 2351 34.⁴
170 2303 224 2346 In.
248 2312 412 2347 veritate
438 2313 613 2359 comperi
629 2341 648 2360 ,A
670 2309 782 2362 quod*
799 2324 881 2349 non
908 2319 974 2349 est
994 2323 1186 2363 persona-

62 2369 353 2410 rumacceptor
367 2358 477 2400 Deus
489 2386 510 2399 ..
530 2361 663 2403 Tertio
681 2364 1060 2404 excusabilesforent
1075 2395 1097 2415 ,⁴
1115 2367 1193 2418 qui⁴

61 2407 141 2450 fide
168 2427 197 2450 a¹
219 2411 313 2451 Deo.
340 2425 418 2452 non
445 2424 600 2466 accepta
617 2444 638 2462 ,v
670 2417 710 2455 in
747 2417 982 2457 infidelitatis
1018 2419 1198 2458 tenebris-

61 2466 203 2504 miseri<
225 2468 433 2505 caecutiunt
450 2492 460 2504 .
492 2470 506 2518 (
530 2467 581 2505 lta
595 2467 893 2521 semipelagiani
909 2472 1011 2523 apud
1031 2472 1186 2511 Petrum

61 2515 293 2557 Diaconum.
313 2520 352 2558 in
382 2520 499 2571 epist..
521 2521 567 2559 ad
597 2520 807 2574 Episcopus
825 2524 968 2561 Africae
987 2538 1074 2576 cap.
1093 2540 1129 2576 7.
1146 2526 1185 2574 ).

114 2568 192 2610 66..
213 2570 325 2625 Βεεμ.
355 2572 451 2624 Neg.
481 2575 604 2620 min.;
647 2576 693 2612 ad
723 2573 843 2626 cujus
863 2577 1029 2629 primam
1073 2578 1183 2630 prob.

57 2622 186 2674 dico„
213 2623 352 2665 Deum.
372 2626 473 2666 velle
502 2629 674 2666 omnium
706 2628 915 2668 hominum.
936 2630 1097 2670 salutem
1125 2645 1182 2670 so-

58 2674 154 2716 lnm·
172 2680 436 2720 antecedenter
452 2710 474 2729 ,.
494 2679 527 2717 &
559 2681 806 2721 inefficaciter
824 2712 834 2730 ,
864 2684 976 2736 cujus
1004 2685 1187 2724 volunta--

54 2733 116 2770 xis.
136 2728 303 2781 effectus
319 2764 331 2782 ‚
362 2735 487 2788 inquit
514 2733 557 2774 S.
579 2734 656 2773 Th.
687 2740 711 2788 (ι
734 2737 772 2774 in
793 2735 894 2775 Dist.
911 2736 1054 2778 XLVI.
1083 2755 1125 2792 q.
1147 2753 1181 2780 1.

56 2786 241 2837 nrt..t.)‘,
271 2796 338 2827 est:
358 2791 441 2839 ipse
468 2788 564 2827 ordo
594 2798 754 2827 naturae
784 2794 826 2827 in
843 2788 989 2843 finem.
1012 2793 1152 2831 salutis
1170 2824 1181 2843 ,

57 2836 109 2878 θ’
136 2845 415 2890 promoventia:
435 2841 622 2895 infinem
644 2842 824 2882 omnibus
844 2848 1065 2895 proposita,
1093 2855 1189 2884 tam

55 2895 285 2945 naturalis,
313 2908 437 2947 quam
465 2900 645 2950 gratuita
663 2925 674 2936 .
722 2897 852 2946 Quare
880 2907 1008 2936 autem
1038 2911 1112 2937 non
1138 2912 1178 2936 o-

54 2946 224 2986 mnibus·
243 2950 421 2989 conserat·
441 2950 700 2991 Deus.media
738 2952 784 2989 ad
824 2950 982 2989 salutern
1012 2951 1179 2990 efficaci-

52 3003 110 3037 ter
139 3001 495 3053 conducentia1,.inw
514 3005 657 3057 quibus
688 3006 859 3057 primurn
881 3004 1009 3043 locum
1030 3006 1176 3044 obtinet

53 3049 182 3101 fides3·
209 3055 257 3094 ad
287 3057 553 3096 inscrutabiha
581 3057 728 3111 judicia
757 3057 831 3098 Dei
862 3061 1049 3109 pertinet.
1098 3060 1176 3098 Au-

52 3103 191 3147 diatur·
207 3110 260 3148 in.
277 3109 395 3149 simili
424 3112 633 3163 quaestione
661 3112 702 3152 S.
724 3113 822 3166 Aug.
845 3111 909 3152 De
928 3113 1032 3164 Sptr.
1047 3113 1098 3154 &
1117 3114 1173 3153 Iit.

52 3169 90 3197 Β.
103 3158 170 3209 54.
199 3163 327 3213 „Jam
347 3165 376 3203 si
398 3163 585 3203 adduam·
604 3167 912 3219 profunditatem·
931 3168 1173 3206 scrutandam

56 3237 91 3259 ‚,.
109 3217 315 3270 quisquam
337 3232 404 3257 nos
423 3228 623 3266 coarctem.
641 3234 711 3260 cur
730 3220 790 3259 illi
821 3223 872 3260 ita
901 3222 1102 3270 suadetur,
1135 3230 1173 3259 nt

56 3292 85 3314 „
112 3271 417 3321 persuadeatur„
435 3272 496 3312 illi
525 3282 661 3312 autem.
681 3276 834 3314 nonita
856 3306 867 3324 ,
897 3275 1080 3314 duovsola
1109 3288 1171 3314 oc-

56 3346 83 3367 „
113 3333 265 3364 currunt
283 3326 435 3365 interim
452 3356 463 3375 ‚
479 3341 568 3380 quae
590 3328 813 3380 respondere
830 3328 927 3368 mihi
942 3329 1105 3381 placeat:
1136 3329 1171 3367 O

51 3400 80 3421 „
109 3372 542 3421 altitudo-divitiarum!
574 3380 606 3418 ἃ
636 3383 825 3435 numquid
853 3384 1036 3436 iniquitas
1056 3393 1108 3424 est
1128 3397 1167 3423 a·

1258 256 1284 276 „
1315 226 1394 278 pud
1412 223 1572 263 Deum?
1602 224 1663 262 cui
1695 229 1885 278 responsio
1908 230 1974 267 ista
1993 229 2199 283 displicet,
2228 241 2378 283 quaerat

1258 309 1286 329 „
1315 280 1526 326 doctiores,
1556 278 1621 316 sed
1647 289 1806 328 caveat,
1837 294 1883 318 ne
1914 284 2080 321 inveniat
2123 285 2379 337 ›raesumptio—

1258 363 1286 382 ‚‚
1318 346 1374 370 res
1395 336 1422 354 ‘⁶
1440 358 1451 371 .
1479 332 1620 371 Confer
1637 362 1647 381 ,
1677 346 1766 385 quae
1797 334 1899 372 dicta
1928 344 2012 372 sunt
2042 337 2078 374 in
2096 299 2143 375 l'.
2166 339 2213 377 ll.
2230 353 2268 391 p.
2288 338 2379 390 239.

1258 386 1294 424 ἃ
1323 400 1403 439 seq.

1311 439 1378 491 67.
1398 439 1570 478 Alterum
1600 441 1781 478 sexcentis
1811 441 1850 478 in
1879 439 1973 479 locis
1992 440 2033 479 S.
2051 442 2202 493 August.
2234 458 2379 498 praeoc-

1257 495 1441 545 cupavst,
1483 493 1709 542 ostendens,
1747 495 2008 546 acceptionem
2039 507 2282 546 personarum
2311 499 2379 538 lia—

1255 546 1347 586 bere
1376 548 1507 586 locum
1538 548 1577 585 in
1610 546 1695 595 his,
1738 561 1827 600 quae
1864 560 1913 586 ex
1937 547 2066 586 debito
2096 549 2260 598 dantur,
2304 566 2378 591 non

1255 610 1383 641 autem
1414 602 1453 639 iu
1472 601 1604 652 gratiae
1626 600 1827 653 largitione
1842 631 1861 650 ,A
1883 615 1971 653 quae
1993 615 2097 639 mere
2116 604 2278 655 gratuita
2299 615 2376 649 est3

1258 655 1356 694 unde
1386 654 1587 708 inquiebat
1615 655 1654 692 in
1685 655 1798 705 epist.
1834 655 1920 707 194.
1966 658 1980 707 (
2009 654 2062 694 al.
2101 657 2188 694 105.
2218 656 2265 694 ad
2295 657 2380 695 Six—

1257 718 1338 748 tutn
1366 723 1454 761 cap.
1486 721 1522 747 2.
1553 709 1594 756 ):
1636 737 1663 757 „
1694 708 1807 756 Quod
1849 717 1977 747 antem
2021 722 2269 761 personarum
2318 725 2379 749 ac-

1258 792 1286 812 „
1315 771 1515 815 ceptorem.
1539 762 1666 800 Deum
1709 775 1745 800 se
1776 762 1930 800 credere
1960 763 2173 801 existimant
2314 778 2380 815 ρι-

1258 845 1286 865 ,,
1316 830 1408 854 rum.
1432 816 1650 865 attendunt,
1679 815 1783 869 quod
1811 816 1938 854 debita
1968 815 2145 854 reddatur
2174 831 2287 869 poem
2316 817 2381 855 da-

1258 899 1283 917 „
1315 878 1469 917 ninam,
1497 869 1670 908 indebita
1697 870 1819 921 gratia
1847 868 2036 916 liberato,
2081 879 2119 908 ut
2149 884 2217 908 nec
2246 871 2313 907 ille
2343 884 2381 907 se

1258 952 1286 971 ,‚
1316 924 1515 975 indiguum
1544 932 1727 975 queratur
1747 953 1759 972 ,
1789 937 1860 963 nec
1889 924 2051 974 dignum
2080 937 2117 961 se
2148 925 2214 962 iste
2243 923 2379 975 glorie-

1261 1005 1287 1024 „
1317 985 1377 1014 tur
1399 1002 1439 1015 ...
1471 986 1509 1014 ut
1540 976 1722 1015 liberatus
1750 976 1797 1014 de
1826 990 1901 1016 non
1922 977 2085 1015 liberato
2104 977 2249 1024 discat,
2279 978 2381 1029 quod

1260 1058 1286 1076 „
1315 1031 1428 1067 etiarn
1445 1031 1517 1068 sibi
1538 1029 1778 1082 supplicium
1797 1032 2038 1078 conveniret,
2061 1031 2269 1082 nisigratia
2291 1030 2382 1068 snb-

1258 1109 1283 1127 „
1315 1084 1460 1119 veniret
1480 1087 1506 1104 “
1526 1109 1535 1120 .
1581 1083 1703 1133 (Vid.
1720 1086 1836 1122 etiam
1857 1083 1898 1122 S.
1919 1084 2089 1123 Thomas
2108 1098 2142 1124 2.
2169 1098 2203 1122 2.
2225 1098 2291 1136 qu.
2313 1082 2381 1135 953.

1258 1144 1328 1170 art.
1352 1135 1388 1179 4.
1405 1136 1451 1171 ad
1473 1149 1508 1172 2.
1526 1136 1540 1183 )
1561 1161 1570 1172 .

1311 1186 1377 1226 65.
1410 1188 1467 1225 Ad
1498 1190 1671 1226 tertium.
1714 1189 1787 1227 Vel
1825 1204 1948 1228 serino
1985 1199 2037 1229 est
2071 1191 2116 1229 de
2155 1190 2381 1229 infidelibus

1256 1255 1349 1293 quos
1378 1244 1558 1292 positis-os
1588 1251 1747 1289 vocant,
1788 1246 1857 1294 qui
1900 1243 2043 1280 scilicet
2075 1246 2256 1295 mysteria
2287 1244 2377 1282 snlei

1256 1295 1512 1342 audiverunt,
1557 1294 1590 1331 8<
1621 1295 1679 1333 isti
1712 1295 1988 1334 inexcusabiles
2017 1305 2128 1342 sunt,
2177 1299 2270 1346 quia
2299 1310 2380 1333 cre-

1254 1348 1343 1386 dere
1372 1358 1601 1401 potuerunt;
1644 1347 1702 1386 vel
1733 1362 1858 1387 sermo
1895 1357 1950 1387 est
1986 1349 2032 1386 de
2062 1348 2287 1386 infidelibus
2316 1363 2382 1385 nr·-

1255 1402 1417 1453 gativis,
1461 1403 1530 1456 qui
1559 1401 1705 1440 scilicet
1733 1401 1833 1440 nihil
1873 1416 2041 1455 unquam
2086 1403 2220 1440 andire
2251 1411 2379 1454 potue-

1255 1464 1342 1493 runt
1371 1456 1418 1493 de
1448 1455 1552 1504 fide,
1582 1454 1617 1492 &
1647 1456 1809 1495 istisunt
1828 1456 1985 1509 quidem
2004 1455 2239 1494 excusabiles
2260 1470 2382 1507 quan-

1254 1517 1335 1546 tum
1364 1509 1412 1547 ad
1441 1507 1735 1556 infidelitatem,
1765 1523 1862 1561 quas>
1885 1512 1923 1547 in
1954 1511 2046 1563 ipsi-s
2077 1520 2276 1560 peccatum
2306 1523 2381 1547 non

1253 1570 1332 1610 est,
1361 1570 1448 1600 sunt
1477 1571 1603 1600 tamen
1635 1561 1916 1601 inexcusabiles
1932 1571 2120 1614 quantum
2137 1562 2276 1600 adalia
2294 1577 2381 1613 pec-

1253 1623 1336 1652 cata
1364 1615 1486 1653 libere
1515 1617 1744 1664 commissa,
1781 1616 1831 1654 ob
1874 1629 1964 1668 quae
2006 1626 2188 1653 aeternanr
2219 1616 2381 1653 damna-

1251 1669 1393 1706 tionem
1423 1667 1634 1714 subibunt3
1663 1667 1702 1704 ἃ.
1727 1669 1758 1706 si
1788 1670 1834 1706 iis
1863 1669 2014 1706 adultus
2043 1668 2185 1719 aliquis
2206 1679 2347 1707 careret
2370 1699 2381 1717 ,

1254 1721 1359 1773 quod
1388 1730 1514 1760 tamen
1541 1720 1626 1758 fieri
1657 1733 1733 1758 nou
1763 1734 1868 1774 posse
1911 1721 2101 1769 arbitror,
2145 1721 2277 1758 saltent
2316 1723 2382 1759 da-

1253 1784 1451 1812 mnaretur
1481 1783 1636 1827 propter
1663 1784 1863 1827 peccatum
1895 1776 2079 1826 originis.
2128 1776 2268 1812 Iterum
2302 1778 2380 1812 An-

1253 1829 1436 1881 gustinus-
1456 1827 1562 1866 laud.
1591 1841 1654 1880 ep.
1675 1843 1709 1866 c.
1731 1828 1770 1867 6.
1816 1858 1841 1877 „
1871 1827 2148 1868 Inexcusabilis
2179 1838 2230 1866 est
2259 1830 2382 1867 omnis

1253 1911 1290 1931 „v
1311 1891 1511 1935 peccator,
1542 1883 1601 1921 vel
1634 1891 1740 1920 reatu
1768 1883 1926 1934 originis
1943 1913 1953 1930 ,
1985 1882 2044 1921 vel
2066 1882 2323 1919 additamento
2343 1895 2382 1918 e-

1254 1965 1281 1985 „
1310 1937 1403 1975 tiam
1434 1937 1601 1989 propriae
1635 1934 1868 1984 volunlatis,
1913 1937 1992 1974 sive
2029 1937 2097 1988 qui
2128 1937 2258 1983 novit,
2302 1937 2382 1973 sive

1253 2019 1280 2038 „
1309 1991 1376 2042 qui
1409 1990 1554 2041 ignorat
1572 2015 1637 2028 .....
1672 1991 1766 2043 quia
1795 1989 1828 2025 8(
1859 1991 1942 2042 ipsa
1971 1990 2185 2041 ignorantia
2224 1990 2263 2026 iu
2299 1989 2351 2026 eis
2370 2019 2380 2035 ,

1254 2073 1280 2092 „
1310 2045 1384 2096 qui·
1407 2043 1619 2096 intelligere
1649 2044 1851 2081 noluerunt
1874 2073 1884 2090 ,
1914 2044 1994 2081 sine
2022 2043 2261 2080 dubitatione
2293 2056 2379 2092 pec·-

1253 2125 1280 2145 „
1310 2106 1438 2134 catum
1469 2106 1548 2144 est,
1579 2098 1618 2134 in
1647 2098 1700 2134 eis
1718 2106 1844 2134 autern
1860 2098 1926 2147 qui
1947 2109 2018 2133 non
2039 2104 2264 2147 potueruut,
2296 2109 2378 2145 poe-

1253 2179 1280 2199 „
1308 2165 1359 2189 na
1388 2150 1558 2202 peccati:
1590 2161 1678 2201 ergo
1707 2150 1745 2187 in
1775 2150 1971 2200 utriusque
2001 2161 2074 2186 non
2105 2157 2157 2185 est
2186 2146 2283 2199 justa
2314 2160 2378 2185 ex-

1253 2233 1280 2253 „
1310 2205 1480 2250 cusati03
1511 2203 1574 2241 sed
1604 2201 1704 2254 justa
1733 2203 1969 2240 darnnatio“
1988 2229 1998 2240 .

1307 2257 1374 2310 69.
1404 2256 1498 2310 Obj.
1518 2265 1671 2296 octavo.
1701 2256 1741 2294 S.
1764 2255 1934 2294 Hilarius
1955 2254 2167 2294 Lib.er11.
2198 2253 2246 2291 de
2269 2252 2377 2293 Trin.

1251 2324 1294 2350 n.
1329 2324 1400 2350 12.
1427 2313 1508 2360 ait,
1551 2309 1686 2349 Deum
1715 2308 1833 2347 nobis*
1861 2321 1942 2346 non
1971 2307 2072 2346 clare
2106 2308 2377 2357 voluntatem,

1252 2378 1344 2417 quoe
1371 2368 1406 2403 si
1434 2364 1536 2403 data.
1562 2373 1692 2412 esset,
1722 2376 1808 2401 non
1831 2360 1991 2400 haberet
2009 2361 2121 2415 fides
2149 2365 2377 2412 praerm'um,

1253 2431 1346 2457 cnm
1371 2417 1497 2470 fidem
1527 2417 1637 2456 nobis
1665 2419 1886 2455 necessitas
1906 2415 2050 2464 affixae
2078 2415 2289 2454 voluntatis
2318 2419 2376 2452 in·

1240 2472 1404 2525 ferret.
1435 2472 1482 2510 Et
1504 2471 1633 2510 Tract.
1654 2472 1694 2510 in
1716 2469 1822 2509 Ps.1.
1852 2484 1888 2508 n.
1908 2483 1970 2508 20.
2002 2467 2079 2506 Est
2106 2468 2289 2521 quidem,
2320 2471 2375 2505 in-

1253 2528 1362 2579 quit,
1393 2529 1435 2564 in
1452 2524 1544 2579 fide
1573 2523 1768 2563 manendi
1797 2537 1826 2562 a
1853 2523 1943 2562 Deo
1973 2536 2142 2570 munus,
2180 2521 2250 2560 sed
2279 2525 2374 2557 inci-

1252 2578 1383 2630 piendi
1412 2593 1440 2617 a
1469 2577 1578 2617 nobis
1606 2583 1717 2632 origo
1745 2586 1832 2618 est.
1878 2576 1988 2616 Nihil
2026 2577 2221 2614 diversum
2250 2574 2373 2611 Semi-

1250 2633 1441 2685 pelagiani
1470 2632 1646 2672 dicebant
1678 2631 1836 2684 (multo
1864 2629 1982 2682 plurav
1997 2628 2116 2668 videri
2139 2636 2372 2679 possuntap.

1250 2687 1409 2725 Ceillier
1438 2685 1620 2726 Ῥοπὴν.
1650 2700 1684 2725 c.
1706 2687 1736 2724 J.
1767 2694 1835 2723 art.
1863 2695 1922 2720 12.
1951 2696 1987 2720 n.
2006 2679 2044 2718 8.
2067 2681 2111 2730 ).

1307 2754 1371 2793 70.
1403 2739 1526 2795 Resp..
1548 2744 1668 2794 (cum
1685 2738 1755 2777 P-P.
1785 2735 1926 2774 Bened.
1954 2736 1996 2773 in
2026 2734 2140 2786 praef.
2160 2733 2208 2772 ad
2229 2731 2371 2772 Hilarii

1249 2794 1353 2848 Opp.
1375 2795 1391 2844 )
1414 2826 1437 2844 ,.
1455 2796 1604 2848 primis>
1622 2792 1757 2832 verbis·
1778 2787 1929 2827 excludi
1957 2786 2081 2826 solum
2110 2788 2272 2840 gratiam
2304 2801 2371 2825 ne-

1250 2853 1536 2897 cessitantem,
1581 2856 1619 2884 ut
1648 2858 1692 2882 ex
1723 2845 1805 2896 ipsa
1841 2841 2248 2894 locutioneapparet5
2293 2854 2371 2879 non

1249 2911 1377 2941 autem
1408 2901 1517 2941 illam
1546 2900 1734 2952 gratiam,
1765 2905 1864 2950 quae·
1884 2895 2028 2934 fortiter
2056 2894 2201 2944 simul,
2231 2895 2264 2931 &
2285 2909 2371 2933 sua-

1247 2957 1347 2995 viter.
1370 2970 1511 3008 agens,
1555 2955 1605 2991 ita
1634 2951 1752 2990 fidem
1781 2947 1973 2989 voluntati
1993 2949 2179 3001 inspirat,
2220 2957 2258 2986 ut
2288 2948 2370 2999 ejus

1246 3009 1354 3048 nulla
1383 3010 1525 3047 ratione
1554 3005 1695 3053 laedat,
1726 3014 1790 3043 ant
1819 3001 1931 3042 tollat.
1952 3002 2155 3042 arbitrium
2174 3029 2184 3040 .
2215 3001 2368 3041 Diffici-

1245 3059 1330 3100 lius.
1347 3063 1496 3103 videtur
1524 3058 1727 3112 explicatu.
1746 3057 1917 3097 alterum*
1939 3058 2201 3096 testimonium
2218 3085 2241 3104 ,.
2272 3056 2337 3093 cui
2354 3084 2366 3103 ,

1245 3123 1291 3153 ιιι
1313 3126 1430 3168 pute,
1468 3111 1566 3151 nihil
1595 3111 1700 3151 aliud
1732 3113 1874 3165 reponi*
1899 3119 2051 3164 potest,
2081 3112 2155 3149 nisi
2184 3109 2225 3148 S.
2256 3107 2367 3148 Hila-

1241 3170 1343 3207 rium
1373 3167 1497 3206 solum
1526 3167 1778 3215 contendere,
1816 3165 2149 3218 perseverantiam.
2175 3176 2252 3201 esse
2281 3176 2365 3215 spe-

1240 3222 1349 3261 ciale
1365 3221 1509 3259 donum
1525 3251 1537 3270 ‚
1566 3220 1622 3259 ad'
1642 3221 1753 3274 quod'
1774 3220 1936 3273 proinde
1949 3216 2225 3270 specialissima
2244 3218 2360 3269 gratia

1239 3276 1472 3328 requiritur,
1501 3274 1719 3327 cujusmodi
1750 3287 1823 3313 non
1850 3273 2072 3326 requiritur:
2089 3272 2136 3310 ad
2166 3271 2258 3309 fidei
2289 3271 2361 3307 ini-

1237 3330 1333 3368 tium
1350 3359 1361 3377 ,
1390 3329 1491 3382 quod
1520 3325 1775 3368 bene-multis
1790 3329 2007 3377 conceditur
2025 3356 2036 3372 ,
2067 3325 2358 3378 quibus=tamen

1236 3383 1516 3435 perseverantia
1543 3395 1619 3423 nou
1659 3382 1848 3422 donatur.
1895 3378 2228 3420 Dissimulaudum
2269 3387 2359 3413 vero

2238 3440 2324 3467 non
