2562 3694
229 159 309 200 186

163 250 230 289 per
253 235 386 286 repetit
409 246 452 271 ex
473 241 666 286 praecepto
682 233 896 272 dilectionis
911 233 985 272 Dei
1002 248 1116 286 super
1132 239 1284 282 omnint,

162 290 263 340 qumi
295 288 458 338 implere
486 301 559 325 non
591 300 815 340 possumus,
845 289 919 326 nisi
949 290 1065 328 etiam
1085 302 1199 340 opera
1220 302 1284 324 no-

160 352 234 380 stra
265 345 304 380 in
335 341 461 379 Deum
490 342 735 378 ordinemus.

222 397 309 434 115.
340 394 510 432 Ulterius
553 394 593 433 S.
626 394 766 433 Doctor
795 393 907 432 aliter
935 395 1090 431 omnino
1118 392 1284 444 explicat

159 458 397 500 praeceptum
429 451 666 500 negativum,
698 448 799 501 quod
829 450 1036 485 continetur
1066 448 1106 483 in
1137 447 1183 484 iis
1201 459 1283 484 ver-

159 503 244 541 bis:
285 503 439 539 Omnia
469 506 509 539 in
538 502 711 554 gloriam
743 500 993 552 Deiftzcc'te,
1023 500 1149 550 inquit
1178 501 1280 537 enim

158 557 200 593 in
230 556 278 593 H.
299 555 474 594 Sentent.
503 555 602 594 Dist.
621 556 685 601 4ο.
717 569 781 606 qu.
806 568 837 590 1.
868 561 936 589 art.
956 552 992 589 5.
1023 552 1068 589 ad
1089 564 1151 602 7.:
1182 583 1208 601 „
1238 553 1281 591 Si

158 635 188 657 ,‚
218 611 388 662 negative
418 610 655 660 accipiatur,
685 609 737 644 sic
768 616 819 643 est
849 617 990 642 seusus:
1022 605 1119 643 nihil
1149 615 1278 644 contra

159 691 188 711 „
219 663 346 701 Deum
369 664 514 701 facietis
630 662 663 697 8(
693 661 744 696 sic
774 667 1010 710 praceptum
1041 658 1111 695 hoc
1142 669 1279 711 praete-

157 744 185 766 „
214 717 339 765 titur,
388 716 446 755 vel
479 729 544 767 per
575 721 771 765 peccatum
803 710 987 760 mortale,
1017 712 1119 763 quod
1148 723 1279 751 contra

156 800 184 819 2,
215 770 343 808 Deum
364 770 427 817 fit,
458 769 517 806 vel
540 780 607 818 per
629 774 828 818 peccatum
849 765 999 802 veniale
1017 795 1027 813 ,
1056 766 1156 817 quod
1181 780 1277 817 pree-

155 853 184 873 „
214 833 269 862 ter
298 831 532 875 praeceptum
551 850 560 868 ,
590 819 623 857 St
655 828 793 872 praeter
821 818 951 857 Deum
981 818 1024 856 fit
1046 820 1092 856 ”2
1124 819 1190 857 ubi
1223 822 1277 858 ni·

155 876 213 915 hil
244 876 356 914 habet
385 876 434 912 de
453 873 521 911 illa
542 873 840 911 universalitate
856 902 866 920 ,
896 886 1015 924 quam
1035 871 1191 925 Sylvius
1213 874 1277 912 ad-

152 943 292 970 nexam
323 941 399 966 esse
427 928 518 966 dicit
547 935 741 980 praecepto
771 927 959 964 referendi
989 928 1118 964 omnia
1140 927 1178 964 in
1198 927 1278 979 glo-

151 984 250 1021 riam
269 983 364 1025 Dei;
386 991 537 1034 propter
556 995 674 1034 quam
697 980 1038 1018 universalitatem
1059 988 1163 1032 putat
1180 995 1277 1032 prae-

150 1044 303 1088 ceptum
333 1034 432 1073 illud
460 1035 632 1086 obligare
663 1047 733 1086 pro
759 1035 864 1071 omui
893 1043 1088 1085 tempore,
1119 1048 1195 1086 quo
1214 1036 1277 1073 de-

150 1089 311 1128 liberate
340 1090 515 1140 agimus.
558 1088 677 1126 Docet
707 1101 795 1140 ergo
826 1086 1058 1139 Angelicus,
1105 1087 1194 1125 huie
1228 1090 1276 1127 A·

148 1143 283 1194 postoli
316 1152 507 1195 praecepto
535 1142 710 1181 satisfieri
732 1154 799 1193 per
819 1150 947 1178 actum
967 1140 1181 1179 dilectionis
1205 1141 1275 1181 Dei

147 1210 262 1249 super
289 1198 443 1246 omnia,
473 1195 583 1247 cujus
613 1197 731 1235 virtus
762 1204 957 1243 remanet,
988 1208 1186 1247 quousque
1208 1209 1275 1247 per

145 1261 274 1288 actum
303 1252 536 1289 contrarium
567 1262 643 1287 non
675 1258 922 1295 retractetur3
953 1250 1011 1286 vet
1043 1261 1121 1286 non
1143 1249 1273 1288 elicia-

145 1312 207 1343 tur
236 1318 377 1343 novum
407 1304 602 1343 charitatis
631 1313 763 1353 actus,
795 1310 950 1355 urgente
980 1312 1172 1355 praecepto
1193 1330 1204 1341 .

209 1357 296 1397 116.
327 1357 517 1397 Praezerea
545 1359 661 1397 nimis
690 1357 794 1396 clara
836 1365 921 1395 sunt
949 1356 1067 1394 verba
1096 1359 1272 1409 superius

148 1425 188 1449 n.
206 1412 272 1464 95.
304 1413 457 1451 recitata
488 1425 531 1450 ex
560 1426 592 1449 1.
611 1425 648 1450 2.
677 1424 848 1464 qu.110.
870 1418 939 1448 art.
962 1423 1021 1447 io.
1043 1410 1089 1448 ad
1108 1423 1143 1448 2.
1161 1441 1170 1459 ,
1204 1411 1271 1449 ubi

144 1464 231 1503 haec
253 1466 376 1504 addit:
407 1497 432 1515 „
462 1466 511 1504 Et
541 1479 629 1504 cum
662 1467 728 1503 ista
757 1467 830 1502 sint
859 1464 933 1502 duo
955 1473 1146 1516 praecepta
1166 1463 1271 1502 affir-

146 1548 173 1568 ,,
204 1520 345 1558 mativa
377 1520 556 1571 (scilicet
585 1518 729 1572 diligen
746 1518 771 1556 tc·
802 1517 962 1566 Deum,
992 1517 1042 1557 ὅ)
1071 1517 1271 1556 honoran-

148 1603 174 1622 „
204 1573 244 1611 dt
272 1572 519 1624 parentes),
563 1587 634 1611 non
663 1573 871 1624 ohligantia
900 1572 946 1609 ad
976 1585 1154 1624 semper,
1188 1586 1270 1624 pos·

146 1656 174 1675 „
204 1636 289 1666 sunt
318 1641 387 1680 pro
406 1628 566 1667 diversis
585 1627 823 1679 temporibus
843 1624 1042 1676 obligare3
1075 1625 1107 1661 8<
1131 1626 1180 1663 ita
1204 1639 1266 1677 po-

143 1708 172 1730 „
200 1690 268 1719 test
288 1683 504 1732 contingere
521 1711 532 1730 ,
561 1681 663 1733 quod
684 1680 823 1733 aliquis
845 1678 1010 1730 implens
1033 1688 1273 1731 praeceptum

145 1762 173 1782 ‚,
202 1735 248 1771 de
279 1734 526 1772 honoratione
557 1743 755 1783 parentum
774 1763 783 1780 ,
815 1746 887 1770 non
910 1741 999 1769 tuuc
1021 1734 1272 1783 transgredia-

144 1815 172 1836 „
203 1794 264 1824 tur
292 1799 417 1839 praece
449 1795 530 1824 tuin
559 1785 606 1823 de
634 1786 838 1823 omissione
870 1784 970 1821 modi
1002 1784 1193 1822 charitatis
1215 1788 1269 1830 “3

143 1852 282 1890 nempe
313 1801 501 1877 relaiignis
532 1835 648 1888 hujus
666 1839 790 1888 operis
812 1838 851 1874 in
874 1837 999 1873 Deum
1018 1866 1028 1882 ,
1058 1838 1148 1888 quia
1171 1850 1268 1888 prae-

145 1901 298 1944 ceptum
331 1890 445 1941 hujus
475 1891 693 1937 relationis,
723 1903 817 1937 seu,
847 1889 949 1939 quod
980 1888 1079 1925 idem
1101 1899 1180 1935 est,
1209 1891 1269 1927 di-

141 1945 314 1984 lectionis
345 1945 417 1984 Dei
435 1975 446 1993 ,
475 1958 549 1983 uon
578 1943 722 1994 obligat
751 1953 821 1994 pro
848 1953 1020 1991 semper,
1051 1941 1115 1978 sed
1144 1940 1269 1980 solum

140 1999 374 2052 quibusdam
404 1999 514 2037 certis
543 1995 805 2049 temporibusa
849 1993 960 2032 Unde
990 1994 1104 2032 etiam
1149 1995 1188 2033 in
1219 1995 1268 2034 ΙΙ.

142 2054 242 2092 Dist.
265 2052 332 2099 40.
362 2066 402 2106 q.
430 2066 462 2092 1.
484 2067 520 2091 a.
543 2052 582 2091 5.
611 2051 658 2089 ad
679 2049 743 2089 6.:
787 2078 813 2098 „
842 2047 954 2095 Quod
982 2047 1011 2085 si
1043 2055 1268 2099 quaeratur,

201 2110 323 2157 inquit
342 2137 353 2155 ,
393 2107 550 2159 quaudo
577 2112 744 2157 oporteat
773 2110 901 2140 actum
933 2101 1074 2139 referre
1112 2102 1150 2139 iu
1181 2101 1269 2140 ulti-

143 2191 171 2211 „
202 2175 309 2199 inum
339 2160 458 2199 finem
476 2190 488 2209 ,
517 2159 588 2197 hoc
619 2157 713 2196 nihil
744 2155 849 2195 aliud
872 2163 950 2203 est,
978 2169 1095 2208 quam
1117 2169 1270 2207 quaere-

143 2244 171 2265 „
202 2228 265 2263 re,
294 2215 449 2268 quando
476 2220 676 2268 oporteat,
719 2210 898 2250 habitum
935 2209 1129 2248 charitatis
1167 2211 1271 2249 exire

145 2298 172 2320 „
202 2270 241 2307 in
271 2278 399 2308 actum
429 2271 484 2307 “0

203 2335 293 2374 ¹¹7·
322 2323 505 2375 Idemque
527 2318 734 2372 Angelicus
761 2319 838 2357 suis
868 2318 1071 2371 principiis
1101 2326 1271 2357 constan-

143 2382 201 2414 ter
230 2374 419 2414 inhaerens
448 2377 488 2414 in
518 2375 565 2413 lt.
596 2374 695 2413 Dist.
717 2373 782 2420 4¹·
812 2387 880 2425 qu.
908 2387 941 2411 1.
972 2381 1042 2410 art.
1067 2385 1131 2421 2.,
1181 2386 1272 2411 cum

141 2429 358 2478 docuisset,
400 2441 475 2468 non
504 2437 705 2481 oportere,
747 2441 879 2465 omnes
915 2426 1138 2464 Infidelium
1168 2435 1272 2465 actus

143 2494 224 2522 esse
253 2482 400 2532 malos,
430 2482 505 2521 sibi
534 2481 669 2533 objicit
697 2496 737 2520 n.
754 2481 818 2527 4st
849 2510 875 2529 „
904 2480 1006 2518 Illud
1028 2480 1181 2532 proprie
1213 2481 1271 2518 di-

143 2566 172 2586 „
202 2538 301 2576 citur
331 2536 477 2576 malum
496 2567 507 2585 ,
536 2535 638 2589 quod
659 2543 762 2574 caret
784 2534 913 2586 aliqua
934 2534 1192 2586 perfectione,
1221 2534 1272 2573 ob

143 2617 174 2640 ³>
202 2604 321 2643 quam
351 2600 482 2629 natum
514 2599 593 2638 est,
636 2589 670 2626 ἃ
699 2588 810 2627 debet
841 2587 1008 2634 habere3
1053 2588 1119 2626 sed
1148 2588 1274 2626 omnis

144 2671 176 2693 3,
207 2652 313 2683 actus
341 2643 536 2684 humanus
565 2651 673 2682 natus
701 2652 753 2681 est
782 2643 821 2680 in
842 2641 1022 2680 ultimum
1045 2641 1162 2680 finem
1184 2642 1274 2680 bea·

144 2725 173 2748 „
202 2698 374 2737 titudinis
403 2698 563 2737 referri:
592 2711 681 2749 ergo
709 2704 814 2735 actus
843 2695 1065 2734 lnfidelium
1083 2726 1093 2743 ,
1124 2710 1213 2734 cum
1235 2696 1274 2733 in

146 2779 175 2800 „
207 2749 389 2791 ultimum
419 2752 540 2793 finem
570 2764 643 2789 non
673 2750 886 2798 referatur,
931 2750 970 2787 in
1014 2763 1129 2801 quem
1161 2749 1274 2788 Fides

149 2831 178 2852 „
205 2805 363 2859 dirigit,
405 2806 582 2854 videtur,
628 2805 732 2857 quod
761 2805 886 2842 omnis
914 2812 1019 2841 actus
1049 2802 1273 2841 Infidelium

147 2883 176 2906 2,
204 2859 250 2896 sit
277 2859 429 2899 malus.
474 2858 580 2897 Huic
609 2867 748 2897 autem
776 2857 987 2910 objectioni
1024 2860 1082 2894 ita
1112 2869 1274 2908 respon—

148 2938 177 2959 „
205 2908 294 2948 det:
335 2914 421 2953 Non
450 2913 671 2966 obligamur
699 2912 747 2951 ad
775 2911 876 2960 hoc,
906 2910 1007 2964 quod
1038 2909 1203 2963 quilibet
1232 2925 1272 2949 a·

147 2992 178 3013 „
200 2969 286 3001 ,ctus
313 2966 497 3019 dirigatur
525 2969 565 3006 in
597 2966 715 3006 finem
737 2965 850 3004 illum
868 2995 879 3014 ,
909 2967 950 3003 in
972 2978 1086 3016 quem
1107 2977 1182 3002 non
1204 2977 1272 3016 po-

148 3044 178 3066 „
207 3024 274 3055 test
302 3018 374 3056 nisi
394 3021 508 3060 Fides
528 3021 719 3073 dirigere3
749 3024 842 3072 quia
861 3027 1066 3070 praecepta
1086 3017 1272 3066 affirma-

150 3098 179 3120 „
207 3073 287 3107 tiva
315 3082 396 3109 non
423 3073 596 3128 obligant
625 3073 680 3112 ad
709 3085 893 3124 semper,
923 3073 1101 3125 quamvis
1121 3085 1272 3124 semper

150 3152 178 3174 2,
207 3123 401 3176 obligent:
443 3125 477 3161 &
504 3129 588 3166 ideo
615 3142 690 3167 non
719 3136 888 3180 oportet,
926 3135 967 3164 ut
995 3134 1099 3165 actus
1130 3125 1270 3163 infide-

150 3205 179 3227 „
208 3175 306 3215 lium
324 3207 335 3226 ‚
378 3177 445 3230 qui
488 3181 526 3216 iu
553 3182 672 3221 finem
703 3181 814 3220 illum
858 3194 933 3219 non
963 3189 1015 3218 est
1043 3179 1237 3218 ordinatus
1258 3211 1269 3229 ,

151 3257 179 3279 „
209 3242 365 3282 semper
392 3233 441 3268 sit
469 3243 704 3283 peccatum:
742 3235 811 3274 sed
839 3235 968 3274 solum
996 3247 1066 3286 pro
1094 3242 1271 3284 tempore

152 3313 178 3334 „
209 3284 304 3332 illo,
333 3287 373 3321 in
401 3298 476 3335 quo
503 3293 656 3324 tenetur
685 3298 823 3327 actum
850 3301 966 3328 suum
996 3292 1037 3326 z'n
1053 3286 1192 3340 finem
1211 3289 1271 3325 ul-

152 3366 181 3385 „
209 3341 353 3376 timum
382 3338 536 3391 referre
555 3341 582 3361 “
604 3364 616 3378 .
643 3339 977 3386 Quemadmodum
1009 3352 1133 3380 autem
1155 3343 1194 3380 in
1216 3343 1272 3380 in-

150 3388 287 3445 fideli,
329 3392 380 3433 ita
409 3394 524 3434 etiam
554 3393 595 3434 in
622 3402 819 3447 peccatore
861 3396 967 3437 fideli
998 3409 1043 3435 ex
1072 3395 1190 3436 allata
1230 3396 1272 3437 S·

143 2136 171 2156 9>

717 154 797 198 DE
834 154 994 197 VIRT.
1029 153 1255 198 THEOL.
1291 153 1658 198 DlSSERT.111.
1692 155 1821 197 CAP.
1843 157 1921 201 IV.

1355 233 1518 271 Thomae
1553 233 1754 285 Aquinatis
1782 234 1951 273 doctrina
1981 249 2054 274 non
2084 243 2255 288 oportet,
2285 243 2410 275 actum
2432 236 2474 276 in

1352 286 1473 324 finem
1518 286 1701 324 ultimum
1744 299 1819 324 non
1861 287 2074 327 'ordinatum
2119 304 2196 327 esse
2240 299 2470 343 peceatum,

1350 341 1424 377 nisi
1454 353 1497 377 eo
1523 349 1718 390 tempore,
1762 341 1800 377 in
1829 352 1905 391 quo
1936 354 1979 377 ex
2011 353 2200 395 pra-,cepto
2242 343 2473 381 affirmativo

1352 402 1500 430 tenetur
1543 403 1669 431 actum
1708 407 1819 430 suum
1863 394 1902 431 in
1935 394 2051 432 finem
2083 396 2262 434 ultimum
2294 398 2435 436 referre
2457 422 2469 435 .

1350 446 1398 484 Et
1419 446 1541 484 adhuc
1562 446 1704 484 clarius
1739 459 1771 483 1.
1794 460 1826 484 1.
1857 460 1923 498 qu.
1946 460 2032 485 roo.
2064 457 2133 486 art.
2159 462 2218 487 10.
2249 453 2299 487 ita
2321 452 2365 488 de
2384 464 2472 501 pec-

1350 509 1474 537 catore
1505 509 1649 551 patrem
1673 513 1784 537 suum
1808 499 2015 538 honorante
2036 500 2225 552 loquitur:
2257 534 2282 551 „
2306 505 2383 552 Qui
2406 504 2471 540 lto·

1349 583 1375 602 „
1406 562 1512 590 norat
1544 563 1717 604 patrem,
1747 552 1834 591 licet
1863 567 1937 592 non
1969 554 2337 595 habeatcharitatem
2357 587 2366 605 ,
2398 569 2473 594 non

1349 636 1374 655 „
1405 606 1571 643 efficitur
1614 616 1860 657 transgressor
1903 606 2018 658 hujus
2062 610 2272 659 praecepti,
2316 611 2381 647 etsi
2425 612 2473 648 sit

1349 689 1376 709 „
1405 669 1652 711 transgressor
1673 660 1876 712 praecepti,
1906 662 2007 712 quod
2039 672 2090 698 est
2119 662 2165 698 de
2194 672 2279 699 actu
2310 662 2476 702 charita-

1349 743 1374 761 „
1404 714 1451 751 tis
1470 743 1480 762 ,
1513 723 1662 765 propter
1691 727 1809 765 quam
1839 716 2168 765 transgressionem
2199 723 2365 753 meretur
2389 731 2471 768 pae-

1348 796 1374 815 „
1405 780 1495 804 nam
1526 770 1552 788 ‘⁴
1571 794 1580 806 .

1408 820 1496 858 118.
1529 821 1625 859 Hinc
1655 821 1770 860 etiam
1804 828 1930 872 patet,
1960 820 2071 872 longe
2099 835 2121 859 a
2152 831 2277 861 mente
2306 821 2347 861 S.
2369 820 2474 860 Tho-

1347 887 1423 911 mae
1454 874 1654 921 aberrare,
1683 875 1752 926 qui
1784 873 1873 912 huic
1903 884 2097 928 praecepto
2127 876 2317 915 referendi
2339 875 2471 913 omnia.

1346 928 1387 966 in
1419 928 1545 966 Deum
1575 928 1792 966 virtualiter
1820 928 1996 966 satisfieri
2026 942 2131 981 posse
2160 938 2292 981 putant
2335 942 2403 980 per
2433 944 2473 965 a·

1347 989 1429 1019 ctus
1459 981 1652 1020 charitatis
1683 982 1950 1033 imperfectos,
1981 982 2112 1034 quales
2141 983 2308 1021 vidimus
2337 997 2359 1020 a
2380 982 2472 1034 Syt-

1347 1037 1410 1073 vio
1438 1034 1606 1074 describi
1637 1049 1747 1074 uum.
1768 1048 1883 1080 112.;
1912 1037 1978 1087 qui
2000 1036 2090 1073 inde
2111 1036 2328 1085 concludit,
2359 1038 2476 1073 etiam

1346 1100 1560 1139 peccatores
1591 1102 1695 1141 posse
1725 1088 1794 1126 hoc
1825 1098 2061 1140 praeceptum
2092 1089 2331 1141 adimplere.
2370 1089 2474 1127 Nam

1344 1142 1488 1180 Doctor
1519 1143 1723 1194 Angelicus
1766 1156 1917 1194 semper
1947 1142 2064 1181 talem
2103 1144 2218 1194 exigit
2248 1143 2474 1180 relationem

1343 1195 1574 1244 virtualem,
1618 1210 1705 1249 quae
1734 1199 1880 1234 oriatur
1910 1209 1953 1234 ex
1984 1205 2069 1235 actu
2107 1196 2302 1235 charitatis
2348 1196 2471 1248 perfe-

1342 1258 1411 1286 ctae
1436 1264 1445 1295 3
1489 1249 1522 1286 8<
1552 1264 1640 1302 quae
1671 1263 1746 1289 non
1778 1263 1925 1297 unum,
1957 1249 2016 1287 vel
2047 1249 2210 1287 alterum
2240 1263 2334 1301 opus
2353 1280 2362 1290 ,
2408 1249 2473 1288 sed

1340 1306 1471 1341 omnia
1487 1316 1601 1354 opera
1622 1312 1746 1341 nostra
1765 1301 2062 1354 comprehendat
2079 1327 2090 1339 .
2121 1302 2290 1339 Ulterius
2306 1302 2349 1341 S.
2365 1302 2469 1340 Tho-

1342 1370 1421 1394 mas
1452 1369 1524 1395 non
1555 1357 1722 1408 agnoscit
1767 1356 1806 1393 in
1838 1354 1994 1393 homine
2024 1363 2223 1406 peccatore
2262 1357 2472 1406 potentiam

1340 1410 1568 1447 observandi
1612 1410 1682 1448 hoc
1713 1417 1951 1461 praeceptum
1993 1408 2186 1446 relationis
2229 1420 2390 1461 operum
2430 1410 2473 1447 iu

1342 1462 1503 1509 Deum3
1551 1464 1624 1503 uisi
1655 1465 1747 1515 quia
1775 1462 1986 1516 opitulante
2017 1462 2091 1500 Dei
2120 1463 2241 1514 gratia
2270 1470 2389 1513 potest
2432 1474 2472 1499 se

1338 1517 1388 1554 ad
1422 1518 1546 1555 Deum
1576 1526 1819 1565 convertere,
1869 1516 1902 1553 8<
1932 1516 1979 1554 ad
2010 1517 2217 1567 perfectam
2247 1515 2475 1554 charitatem

1341 1573 1570 1623 pervenire.
1614 1568 1710 1608 Non
1741 1579 1800 1609 est
1827 1569 2092 1620 impossibile,
2123 1570 2250 1622 inquit
2276 1583 2309 1607 1.
2334 1583 2370 1608 2.
2400 1583 2469 1621 qu.

1347 1638 1436 1663 roo.
1459 1635 1527 1663 art.
1550 1638 1637 1672 10..,
1668 1623 1738 1662 hoc
1758 1632 2002 1676 paeceptum
2023 1622 2232 1662 observare
2248 1653 2258 1671 ,
2288 1621 2390 1673 quod
2410 1630 2470 1660 est

1341 1676 1390 1715 cle
1419 1688 1513 1716 actu
1541 1677 1777 1724 charitatis,
1807 1680 1900 1726 quia
1930 1676 2044 1714 homo
2072 1686 2198 1726 potest
2225 1690 2269 1714 se
2289 1676 2471 1727 dispone·

1341 1744 1384 1768 re
1414 1730 1469 1768 acl
1497 1730 1738 1768 charitatem
1768 1728 2025 1778 habendam,
2054 1730 2104 1772 (θ’
2133 1729 2294 1782 quando
2321 1728 2468 1768 habue-

1340 1786 1389 1820 rit
1419 1796 1514 1821 eam
1532 1813 1541 1830 ,
1572 1792 1696 1832 potest
1726 1796 1776 1821 etz
1807 1787 1888 1822 uti.

1398 1849 1484 1888 ¹¹9·
1518 1835 1666 1875 §.tirum
1696 1838 1865 1888 profecto
1895 1844 1972 1884 est,
2011 1836 2315 1884 sanctissimum,
2347 1833 2380 1871 ἃ
2409 1835 2469 1872 di-

1336 1888 1633 1940 ligentissimum
1655 1899 1821 1928 nostrum
1845 1889 1994 1931 Ducem
2013 1920 2022 1938 ,
2044 1889 2078 1926 8<
2096 1889 2325 1942 Magistrum
2343 1919 2353 1936 ‚
2375 1901 2468 1927 cum

1335 1949 1413 1978 tam
1442 1956 1545 1995 saepe
1573 1954 1657 1995 agat
1685 1944 1731 1981 de
1761 1953 1954 1997 praecepto
1998 1942 2190 1981 relationis
2220 1940 2396 1980 virtualis
2426 1942 2469 1982 in

1335 1993 1465 2032 Deum
1487 2025 1498 2044 ,
1534 1995 1633 2034 illud
1660 2011 1811 2049 semper
1841 1998 2031 2048 repetiisse
2061 2010 2106 2034 ex
2134 1996 2211 2035 alio
2240 2003 2435 2048 praecepto
2453 2024 2465 2043 ,

1335 2061 1413 2099 quo
1441 2058 1616 2086 tenemur
1645 2052 1756 2088 certis
1783 2050 2017 2103 quibusdam
2060 2050 2296 2103 temporibus
2334 2058 2467 2088 actum

1338 2099 1550 2140 dilectionis
1578 2103 1652 2141 Dei
1694 2117 1810 2153 super
1838 2109 1980 2142 omnia
2023 2103 2189 2152 elicere,
2234 2102 2341 2141 nulla
2381 2117 2469 2141 um-

1338 2168 1457 2207 quam
1488 2156 1587 2194 facta
1607 2157 1796 2194 mentione
1826 2155 1981 2195 alterius
2003 2160 2184 2208 praecepti
2206 2157 2399 2195 relationis
2427 2170 2469 2193 0-

1339 2223 1477 2262 perum
1499 2211 1537 2248 iu
1559 2209 1712 2258 Deum,
1742 2211 1806 2248 cui
1837 2210 2011 2247 satisfieri
2044 2211 2158 2261 possit
2189 2211 2266 2247 sine
2297 2210 2471 2247 dilectio-

1340 2277 1391 2301 ne
1422 2264 1495 2303 Dei
1513 2276 1629 2314 super
1643 2269 1805 2312 omnia,
1835 2264 1897 2303 sed
1919 2277 1963 2301 ex
1994 2265 2085 2301 actis
2104 2262 2297 2302 charitatis
2328 2264 2470 2314 imper-

1341 2317 1477 2366 fectae,
1507 2332 1595 2371 quae
1625 2332 1700 2356 non
1718 2320 1763 2357 sit
1783 2317 1938 2356 dilectio
1955 2318 2028 2355 Dei
2049 2330 2164 2368 super
2192 2320 2332 2354 omnia
2348 2343 2359 2354 .
2389 2315 2471 2355 Mi-

1340 2383 1430 2410 rum
1459 2372 1617 2424 insuper
1646 2372 1768 2411 videri
1798 2372 1932 2420 debet,
1965 2385 2036 2409 non
2066 2371 2143 2410 alia
2171 2370 2398 2409 Infidelibus
2430 2385 2472 2410 0-

1341 2439 1434 2477 pera
1462 2425 1509 2463 ad
1539 2433 1741 2478 peccatum
1772 2427 1963 2478 imputare
1984 2456 1994 2474 ,
2032 2439 2150 2478 quain
2180 2437 2268 2477 quae
2299 2424 2397 2462 fiunt
2427 2436 2472 2461 eo

1339 2488 1537 2530 tempore,
1567 2479 1601 2515 8<
1629 2492 1707 2532 quo
1724 2481 1793 2532 ipsi
1811 2488 1983 2518 tenentur
2013 2489 2116 2517 actus
2145 2492 2229 2517 suos
2258 2479 2297 2518 in
2317 2477 2469 2526 Deum,

1340 2542 1381 2570 ut
1410 2532 1531 2571 finem
1561 2532 1745 2572 ultimum
1763 2563 1774 2582 ,
1803 2543 1890 2572 actu
1920 2533 2063 2572 referre
2081 2559 2091 2571 .
2123 2533 2178 2571 Ac
2207 2532 2364 2570 demum
2395 2532 2470 2569 mi-

1342 2586 1465 2624 rabile
1496 2595 1570 2636 est,
1615 2601 1704 2625 eum
1734 2587 1891 2636 docere,
1934 2600 2009 2627 non
2037 2587 2115 2625 alia
2143 2586 2189 2625 ‚te
2218 2599 2332 2624 causa
2361 2598 2469 2636 posse

1344 2650 1612 2692 peccatorem,
1649 2640 1684 2677 δι
1712 2641 1850 2680 debere
1880 2651 1985 2679 actus
2014 2655 2098 2679 suos
2127 2640 2242 2678 bonos
2272 2640 2311 2677 in
2342 2639 2471 2677 Deum

1342 2694 1557 2733 virtualiter
1587 2695 1728 2733 referre
1751 2725 1760 2742 ,
1810 2696 1883 2733 nisi
1912 2697 2003 2747 quia
2040 2702 2160 2747 potest
2200 2707 2238 2731 se
2268 2693 2472 2744 disponere

1343 2748 1391 2786 ad
1408 2747 1631 2791 charitatem
1649 2748 1864 2787 habendam
1883 2779 1894 2798 ,
1924 2749 1957 2785 ἃ
1975 2748 2130 2800 quando
2159 2761 2244 2785 eam
2265 2745 2442 2784 habuerit
2458 2775 2469 2794 ,

1343 2810 1462 2854 potest
1493 2816 1537 2841 ea
1568 2805 1621 2842 uti
1651 2803 1699 2842 ad
1727 2816 1844 2855 opera
1872 2816 1939 2841 sua
1968 2802 2068 2841 bona
2096 2803 2136 2840 in
2154 2801 2281 2839 Deum
2303 2800 2471 2838 referen-

1341 2856 1408 2893 da:
1438 2868 1513 2894 non
1543 2867 1669 2896 autem
1700 2857 1863 2906 docere,
1894 2856 2091 2895 hominem
2119 2864 2357 2908 peccatorem
2387 2867 2472 2906 pos-

1331 2909 1381 2948 'se
1410 2920 1603 2963 praecepto
1631 2910 1824 2949 relationis
1861 2924 2021 2964 operum
2051 2912 2090 2949 in
2122 2909 2249 2948 Deum
2279 2908 2472 2946 satisface-

1341 2976 1383 3001 re
1414 2978 1482 3015 per
1511 2973 1616 3003 actus
1646 2964 1841 3003 charitatis
1861 2994 1872 3010 ,
1916 2978 2010 3017 quos
2039 2965 2281 3017 imperfectos
2312 2970 2470 3009 vocant,

1339 3017 1474 3069 quales
1504 3019 1618 3056 etiam
1642 3022 1822 3070 'peccator
1852 3018 1992 3057 actuali
2017 3019 2086 3058 Dei
2116 3018 2236 3070 gratia
2265 3016 2417 3068 adjutus
2432 3027 2469 3049 e-

1341 3070 1460 3110 licere
1492 3080 1634 3123 potest,
1665 3071 1699 3108 8(
1729 3072 1936 3124 aliquando
1966 3074 2079 3110 etiam
2110 3072 2247 3120 elicit,
2277 3082 2414 3119 nempe
2430 3080 2467 3102 e-

1341 3126 1532 3164 xercendo
1560 3125 1708 3178 aliquos
1739 3128 1912 3173 virtutis,
1944 3125 1977 3163 &
2008 3127 2156 3179 pietatis
2185 3135 2289 3164 actus
2317 3129 2469 3174 propter

1341 3178 1492 3218 Deum:
1522 3180 1589 3233 qui
1620 3189 1724 3218 actus
1753 3182 1968 3232 imperfecti
1999 3180 2156 3233 quidem
2186 3185 2298 3222 sunt,
2328 3174 2361 3209 8t
2391 3186 2468 3212 nou

1341 3234 1528 3271 meritorii
1547 3264 1558 3282 ,
1593 3242 1720 3287 utpote
1734 3246 1854 3287 gratia
1875 3234 2065 3274 habituali
2082 3232 2265 3278 destituti,
2285 3241 2360 3267 non
2379 3235 2469 3266 sunt

1339 3294 1465 3326 tamen
1495 3287 1615 3326 mali.

1402 3355 1488 3380 120.
1522 3340 1615 3393 Obj.
1646 3346 1800 3393 primo,
1831 3343 1870 3382 S.
1903 3343 2043 3382 Doctor
2071 3340 2110 3376 in
2131 3338 2197 3376 ΙΙΙ.
2228 3336 2338 3374 Sent.
2369 3334 2468 3373 Dist.

1344 3394 1410 3437 56.
1432 3405 1501 3436 art.
1521 3394 1561 3437 6.
1577 3396 1625 3436 ad
1648 3397 1704 3438 5.:
1735 3427 1762 3448 „
1783 3396 1922 3436 Modus
1937 3425 1949 3446 ,
1978 3395 2128 3445 inquit,
2159 3391 2354 3431 charitatis
2380 3389 2470 3441 plus

2287 3477 2314 3501 „
2342 3446 2416 3484 im-
