2562 3694
259 172 340 220 154

184 250 340 286 xamine
355 247 391 285 iu
410 245 587 286 omnibus
606 249 833 288 servandum
850 279 861 298 ,
892 249 925 287 8<
947 251 1211 303 exequendum
1232 265 1308 290 esse

181 303 311 338 statuit
342 315 379 351 7.
407 300 494 338 Jan.
521 300 634 352 1706.

242 354 329 393 155.
361 352 506 392 Verum
522 353 618 392 hanc
638 355 916 407 providentiam
933 387 943 406 ,
965 357 1188 409 uberesque,
1209 369 1304 408 quos

178 406 267 444 iude
295 421 379 459 spes
407 416 485 446 erat
513 418 763 461 proventuros
799 411 943 449 fructus
961 441 972 459 ,
1014 412 1213 447 frustratus
1250 419 1303 448 est

178 460 297 499 falsus
326 474 482 510 rumor,
511 463 580 514 qui
609 476 748 514 paucos
777 472 856 516 post
876 475 990 501 annos
1010 475 1078 513 per
1096 462 1221 500 ludias
1243 464 1302 501 in-

177 514 353 561 crebuit,
385 515 510 568 ipsum
539 530 676 568 nempe
704 517 939 555 Clementem
969 515 1039 552 XI.
1074 514 1106 550 8<
1138 514 1302 555 relatum

176 566 408 606 Patriarcliae
438 572 454 621 (
484 569 700 616 Tournonii
730 571 743 616 )
779 570 970 606 decretum
1002 580 1221 617 revocasse,
1265 569 1299 606 ἃ

173 620 380 660 nonnullas
409 636 455 659 ex
484 624 536 660 eis
564 623 800 660 caeremoniis
828 620 1078 671 approbasse,
1108 635 1203 673 quas
1232 622 1301 661 ille

172 682 372 727 tamquam
402 676 700 727 superstitiosas,
744 674 980 724 minimeque
1010 674 1183 713 ferendas
1214 690 1298 727 pro-

172 728 401 780 scripserat.
431 729 503 767 Cui
533 728 626 765 falso
656 728 800 764 rumori
831 739 987 764 cursum
1018 729 1296 781 intercepturus

171 779 348 820 Clemens
363 782 431 821 Xl.
449 811 459 829 ,
489 788 604 831 utque
633 779 812 817 omnibus
843 780 1042 819 manifesta
1062 782 1235 819 redderet
1255 798 1295 821 a-

170 835 271 873 nimi
301 836 357 872 sui
386 848 509 880 seusa,
539 842 658 881 <itque
686 833 1025 885 impugnatoribus
1045 834 1295 874 decretorum

169 901 198 925 a
218 886 457 925 Piiw‘iizrc'ia
485 885 674 936 praedicto
701 886 894 924 editorum
921 900 1041 926 omne
1059 893 1215 938 penitus
1234 889 1295 942 ef-

157 939 324 993 fugium
354 938 580 988 adimeret,
610 939 770 977 extr-(2722
799 953 852 978 ex
880 940 1088 980 tabulariis
1118 944 1292 982 manda.-

166 998 218 1031 ri't
259 991 531 1031 authenticum
569 994 799 1045 exemplum
842 993 991 1033 decreti
1032 1000 1092 1034 sui
1125 1011 1161 1048 7.
1196 997 1291 1037 san.

171 1046 287 1097 1706.
324 1046 492 1097 illudque
521 1046 717 1098 Episcopo
748 1047 1041 1099 [Weliapurensi
1070 1055 1293 1095 transmitti

157 1102 280 1151 jussit
316 1114 376 1152 17·
410 1101 515 1153 Sept.
544 1114 658 1153 1712.
703 1101 751 1139 Et
779 1115 870 1140 cum
900 1116 1021 1151 unus,
1053 1103 1086 1140 8<
1107 1104 1202 1141 alter
1222 1120 1290 1145 an-

163 1167 234 1191 nus
264 1152 413 1206 elapsus
443 1163 563 1203 esset,
605 1168 677 1192 uec
707 1155 786 1193 ullo
828 1166 1049 1206 argumento
1077 1167 1288 1209 constaret,

160 1206 398 1260 Episcopum
429 1205 759 1261 Meliapurensem
790 1209 1028 1261 Apostolicas
1055 1210 1197 1250 litteras
1226 1227 1289 1250 ac-

160 1262 327 1313 cepisse,
357 1262 458 1299 idem
487 1262 663 1300 Clemens
693 1262 788 1301 alias
815 1262 961 1302 litteras
990 1264 1037 1302 ad
1056 1264 1288 1319 Claudiopo-

158 1314 323 1352 litanum
345 1314 581 1367 Episcopum
602 1317 807 1355 transmitti
821 1319 970 1356 curavit
986 1348 997 1367 ,
1028 1320 1258 1371 praecipiens
1274 1351 1285 1369 ,

158 1377 202 1405 ut:
230 1367 428 1419 Episcopo
459 1369 752 1422 llIeliapureusi
787 1370 960 1423 juridice
997 1371 1286 1418 redderentur,-

154 1434 280 1473 eoque
308 1421 482 1461 debitam
512 1422 733 1476 Pontificiis
767 1424 976 1463 mundatis
1018 1424 1284 1465 obedientiam

155 1486 353 1525 proestare
382 1486 450 1514 ‹zut
479 1478 722 1526 reluctante,
753 1487 823 1516 aut
852 1477 1086 1528 differente,
1117 1479 1223 1518 idem
1254 1485 1284 1518 i-

154 1544 224 1581 pse
257 1529 623 1581 Claucliopoltmnus
652 1530 873 1582 Episcopus
903 1533 1138 1583 Apostolicce
1169 1534 1282 1573 Sedis

151 1583 368 1637 judicium,
388 1585 501 1623 nulla.
521 1589 752 1636 interposita
769 1599 899 1634 moriz,
920 1591 1143 1626 executioni
1164 1602 1284 1626 man-

154 1637 298 1676 daret.
328 1638 551 1678 Benedictus
579 1641 692 1677 etiam
715 1640 819 1678 Xlll.
853 1649 932 1692 post
962 1641 1138 1679 iteratum
1156 1672 1166 1690 ,
1196 1643 1282 1680 diu-

154 1693 374 1743 tissimeque
404 1693 637 1742 protractum
667 1695 776 1730 totius
814 1695 868 1729 rei
904 1707 1088 1742 examen,
1131 1696 1282 1734 decreta

154 1743 258 1782 Patr.
289 1744 463 1783 Antioch.
480 1745 708 1783 'Touruonii
739 1746 982 1784 confirmavit
1009 1761 1068 1785 12.
1090 1748 1278 1786 Decemb.

158 1810 275 1849 1727.

214 1850 302 1890 156.
332 1881 359 1898 „
380 1851 548 1889 Tantum
577 1864 667 1888 vero
695 1851 847 1899 abfuit,
877 1860 917 1888 ut
946 1854 1012 1904 qui
1045 1866 1114 1905 pro
1143 1854 1279 1893 ritibus

211 1916 254 1941 eo
283 1904 431 1941 decreto
450 1905 637 1942 damnatis
660 1904 903 1955 pugnabant,
935 1905 1023 1943 huic
1044 1920 1154 1944 novae
1178 1907 1278 1958 ejus-

210 1958 298 1995 dem
327 1957 466 1996 decreti
500 1957 785 1996 confirmationi
828 1959 1140 2008 acquiescerent,
1182 1962 1278 2011 quin

209 2011 334 2063 potius
363 2024 461 2050 anno
496 2011 611 2062 1752.
639 2010 829 2049 Clementi
859 2009 900 2047 P.
921 2010 1012 2049 XII.
1049 2013 1087 2050 iu
1118 2012 1278 2051 Benedi-

211 2066 261 2103 cti
290 2064 418 2104 locum
448 2065 649 2117 subrogato
678 2063 985 2113 declaraverint,
1030 2080 1066 2102 se
1103 2065 1198 2104 nihil
1231 2067 1277 2104 de

208 2131 307 2157 nova
323 2119 612 2158 confirmatione
628 2119 831 2166 audivisse,
849 2131 970 2172 neque
991 2118 1153 2171 aliquid,
1174 2120 1278 2171 quod

208 2173 254 2210 ad
285 2187 328 2211 ea
355 2181 560 2226 spectaret,
595 2173 825 2224 Episcopis,
860 2170 894 2207 &
924 2171 1179 2211 Missionariis
1217 2175 1277 2213 Iu-

208 2227 361 2265 diarum
405 2227 520 2265 fuisse
562 2225 732 2279 legitime
761 2227 1063 2272 denunciatum3
1107 2228 1277 2280 adeoque

208 2282 329 2318 enixis
358 2282 538 2332 precibus
571 2281 619 2318 ab
642 2293 684 2317 eo
703 2278 1006 2332 postulaverint,
1038 2288 1076 2318 ut
1106 2293 1181 2319 non
1210 2282 1278 2320 ob-

151 2363 180 2383 „
209 2342 327 2371 stante
356 2334 547 2373 Benedicti
576 2333 685 2372 XHL
715 2334 957 2386 dispositione
978 2365 987 2382 ,
1033 2334 1277 2386 dignaretur,

148 2416 176 2437 „
207 2386 306 2426 lianc
336 2387 510 2426 eamdem
543 2401 698 2426 causam
732 2388 855 2426 denuo
884 2387 924 2426 S.
956 2387 1086 2427 Officii
1116 2389 1280 2442 Congre-

153 1934 181 1955 2²

152 1988 181 2008 37

153 2041 179 2061 39

154 2095 182 2115 72

152 2148 180 2168 3>

151 2202 179 2222 a>

153 2256 179 2275 ᾗ,

152 2310 178 2330 73

155 2549 295 2583 stitioso
321 2546 418 2584 cultu
445 2549 664 2584 imbutarum
690 2561 834 2591 sonare,
872 2559 929 2584 aut
956 2563 1079 2584 canere
1105 2550 1279 2587 audeant.

154 2597 236 2630 xil.
250 2597 469 2638 Declaravit,
490 2598 709 2631 pontificiam
725 2598 874 2631 Constit.
891 2599 1051 2642 Gregorii
1071 2600 1151 2632 XV.
1167 2600 1282 2644 prohi-

150 2643 295 2676 bentem
319 2643 459 2677 lavacra
487 2653 643 2689 tempore
659 2666 669 2684 ‚
697 2647 728 2676 ἃ
742 2643 845 2677 modo
859 2667 869 2685 ,
894 2645 1022 2689 quibus
1042 2658 1060 2678 a
1080 2647 1280 2681 Gentilibus

152 2688 311 2723 adhiberi
348 2691 480 2731 solent,
509 2702 606 2735 aeque
647 2690 781 2723 afficere
809 2692 1037 2735 Evangelicos
1063 2693 1250 2736 Operarios
1268 2716 1278 2735 ,

149 2736 277 2778 quibus
303 2745 484 2782 propterea
510 2749 578 2770 non
603 2738 686 2772 licet
712 2738 776 2771 sub
803 2749 1026 2782 quacumque
1054 2739 1121 2771 alia
1149 2751 1251 2773 causa
1267 2763 1279 2783 ‚

151 2784 186 2813 &
209 2782 300 2823 fine,
325 2785 432 2817 etiam
457 2783 500 2816 ad
526 2784 702 2823 effectum,
727 2793 766 2818 ut
790 2786 1036 2818 existimentur
1052 2785 1195 2826 Scmias,
1221 2799 1280 2820 seu

151 2826 379 2878 Bruchmanes
396 2852 407 2871 ‚
431 2842 503 2876 prae
528 2832 651 2864 ceteris
666 2829 773 2864 dediti
798 2830 999 2877 hujusmodi
1025 2832 1279 2875 ablutionibus,

154 2873 224 2905 ilhs
250 2877 313 2907 uti.
339 2878 436 2910 XIII.
462 2876 643 2912 prohibuit
659 2899 669 2918 ,
693 2890 735 2911 ne
761 2878 894 2912 cineres
919 2891 962 2911 ex
988 2890 1100 2911 vaccae
1127 2887 1279 2916 stercore

152 2919 326 2970 confecti,
352 2924 495 2968 impiam
521 2925 717 2958 Gentilium
745 2925 986 2969 poenitentiam
1014 2937 1033 2958 a
1061 2925 1196 2961 Rutrem
1223 2928 1278 2961 in-

156 2972 318 2998 sututam
345 2969 541 3004 redolentes
560 2970 836 3012 benedicantur,
862 2972 1019 3016 fontique
1039 2984 1137 3006 sacro
1155 2973 1277 3008 Chris·

151 3019 248 3045 mate
273 3010 424 3063 delinitae
450 3017 712 3062 impingantur:
758 3030 842 3051 neve
877 3020 946 3052 alia
973 3030 1201 3064 quaecumque
1229 3021 1278 3053 si-

152 3068 221 3102 gna
247 3055 475 3112 adlpbeantur
500 3064 595 3104 albi,
632 3066 687 3097 vel
712 3065 813 3098 rubri
849 3066 974 3111 coloris
996 3088 1007 3107 ,
1044 3066 1171 3109 quibus
1198 3066 1276 3100 Indi

153 3109 487 3157 superstitiosissimi
514 3111 548 3142 in
562 3111 697 3152 fronte,
723 3113 778 3145 vel
804 3112 838 3144 in
863 3121 1033 3156 pectore,
1061 3120 1119 3145 aut
1146 3113 1181 3145 in
1210 3115 1278 3147 alia

151 3163 278 3196 quavis
298 3162 454 3195 corporis
474 3164 568 3196 parte
589 3166 736 3191 utuntur
752 3181 761 3189 .
789 3159 940 3192 Demum
966 3159 1150 3192 lectionem
1168 3160 1278 3194 libro-

152 3208 235 3250 rum
259 3195 300 3250 de
325 3197 413 3230 falsa
437 3198 614 3242 Religione
630 3225 640 3244 ,
667 3207 697 3236 ὃς
723 3203 764 3237 ‹le
790 3206 894 3240 rebus
919 3205 1117 3246 obscoenis,
1155 3218 1276 3252 super-

154 3251 370 3288 stitiosisque
397 3247 625 3280 tractantium
650 3250 857 3285 interdixit.

154 3330 161 3336 ³
210 3295 259 3342 (a)
288 3291 316 3323 l.
343 3290 568 3335 Dispensatio
596 3305 753 3330 concessa
788 3307 840 3332 est
874 3297 917 3332 ad
943 3298 1146 3333 decennium
1173 3299 1279 3333 omit-

149 3336 258 3370 'tendi
283 3337 320 3370 in
347 3337 534 3371 collatione
552 3337 719 3381 Baptismi
746 3345 914 3386 salivam,
941 3348 972 3378 &
997 3346 1131 3379 occulte
1157 3345 1277 3380 utendi

154 3383 439 3418 insufflationibus
467 3384 504 3417 in
528 3384 665 3418 casibus
694 3394 807 3421 tamen
844 3392 1143 3435 particularibus,
1183 3395 1214 3425 &
1241 3393 1278 3425 in

155 3430 284 3474 quibus
310 3430 452 3476 gravis,
495 3433 527 3466 &
563 3432 827 3478 proportionata
849 3439 1035 3477 necessitas
1062 3447 1208 3484 urgeat,
1247 3442 1280 3473 ὃς

614 168 695 213 DE
730 169 888 213 VIRT.
922 169 1151 214 THEOL.
1183 171 1498 216 DISSERT.I.
1532 171 1661 215 CAP.
1677 173 1756 217 IV.
1787 175 1913 219 APP.
1935 175 2074 221 ΛΒΤ.

1375 280 1401 301 ,,
1430 251 1541 289 tionis
1557 254 1725 290 examini
1743 284 1758 301 ,
1774 252 1807 288 ἃ
1823 258 2026 305 cognitioni
2044 254 2125 302 subi
2137 256 2234 294 icere
2249 282 2261 294 .
2291 257 2339 296 Et
2357 271 2493 310 quam-

1375 335 1400 354 „
1428 318 1548 357 quam
1577 304 1663 343 aliis
1692 320 1825 344 earum
1855 310 2021 358 partium
2051 310 2304 348 Missiouariis
2339 325 2494 350 causam

1373 387 1401 407 „
1429 359 1580 397 finitam
1610 372 1714 407 esse,
1745 358 1778 395 8(
1807 360 1848 397 in
1878 373 1958 397 rem
1987 360 2194 411 judicatam
2226 363 2362 402 abiisse
2383 380 2497 418 repu-

1373 441 1400 460 „
1430 412 1620 459 tantibus,
1665 426 1730 450 seu
1760 414 2036 464 excipientibus
2079 428 2153 454 non
2189 417 2384 468 deessent,
2426 418 2497 471 qui

1371 494 1398 513 „
1428 465 1626 516 postulatis
1645 463 1750 504 baud
1770 466 2013 504 annuendum
2035 480 2112 504 esse
2130 471 2354 520 crederent,-
2374 474 2498 523 iisque

1371 547 1396 566 „
1427 519 1742 565 adversarentur3
1772 528 1934 558 attamen
1964 520 2064 558 idem
2081 519 2250 561 Pontifex
2271 524 2496 563 (Elem-XH-

1370 600 1395 620 „
1424 585 1648 623 supremum
1680 573 1833 610 taudem
1851 574 2071 622 acerrimis,
2102 576 2396 630 perniciosisque
2418 578 2494 616 dis·

1369 653 1395 673 „
1426 626 1531 663 sidiis
1562 625 1680 663 finem
1710 625 1796 664 fieri
1818 636 2045 679 peroptans,
2075 628 2380 678 supradictorum
2405 645 2493 684 pre-

1367 707 1393 726 „
1424 691 1484 716 ces
1514 679 1763 717 admittendas
1791 681 2022 718 existimavit
2042 679 2091 717 ''.
2127 681 2266 718 lterum
2297 683 2409 734 igitur
2438 694 2493 722 to-

1365 733 1440 769 tius
1471 733 1640 769 materia:
1672 733 1879 770 instaurata
1907 734 2131 785 disceptatio
2151 741 2230 782 est,
2261 748 2304 772 ac
2334 737 2491 775 demum

1368 784 1431 830 24.
1455 785 1613 837 Augusti
1640 786 1754 836 1754.
1777 786 1992 825 Touruonii
2012 787 2163 824 decreta
2183 788 2368 826 servanda
2389 804 2491 839 esse,

1363 840 1497 889 paucis
1526 840 1710 878 concessis
1730 840 2073 888 moderationibus,
2103 839 2137 876 δε
2157 838 2492 891 declarationibus,

1362 900 1543 931 statutum
1574 900 1625 930 est
1647 893 1735 944 (a).

1426 946 1513 997 157.
1544 975 1571 995 „
1592 946 1673 984 Post
1701 947 1891 985 diutinam
1910 976 1920 995 ,
1949 954 2246 1000 accur-aramque
2276 948 2490 997 factorum,

1366 1028 1392 1048 „
1422 1007 1534 1052 atque
1565 1001 1757 1038 rationum
1788 1002 1828 1039 in
1859 1009 2059 1053 utramque
2082 1009 2226 1052 partem
2249 1001 2490 1054 disceptatio-

1365 1082 1390 1100 ,‚
1421 1066 1533 1102 nem,
1564 1063 1645 1107 post
1674 1064 1751 1092 tam
1782 1054 1950 1093 solemne
1971 1055 2136 1106 denique
2151 1068 2275 1092 causae
2297 1054 2491 1106 judicium

1363 1135 1390 1154 „
1421 1107 1460 1144 in
1490 1121 1671 1159 magnam
1699 1122 1807 1159 spem
1837 1118 1989 1146 venerat
2011 1107 2226 1160 Apostolica
2241 1109 2382 1158 Sedes,
2414 1121 2488 1146 non

1361 1189 1388 1208 „
1419 1174 1525 1198 secus
1554 1176 1598 1200 ac
1630 1162 1760 1200 Romae
1791 1161 1926 1212 litigiis
1955 1161 2043 1199 finis
2072 1170 2150 1199 erat
2180 1163 2404 1215 impositus,
2435 1164 2488 1199 ita.

1358 1242 1386 1261 „
1417 1215 1456 1252 in
1487 1215 1605 1253 indiis
1633 1215 1784 1254 taudem
1815 1215 2021 1267 aliquando
2049 1229 2071 1251 a
2100 1216 2299 1254 discordiis
2317 1246 2327 1263 ,
2357 1215 2488 1253 abusi-

1357 1296 1383 1314 „
1413 1267 1562 1320 busque
1592 1278 1777 1307 cessatum
1806 1269 1854 1306 iri
1878 1293 1934 1305 ....
1970 1268 2018 1306 At
2047 1278 2123 1305 tam
2155 1268 2332 1307 felicibus
2364 1270 2484 1307 initiis

1355 1350 1384 1368 „
1414 1331 1642 1372 conceptum
1672 1323 1856 1373 gaudium
1885 1321 2011 1358 statim
2041 1323 2219 1358 evanuit:
2252 1324 2487 1375 tristissimus

1354 1402 1381 1422 „
1410 1375 1602 1426 siquidem
1629 1375 1792 1412 nuncius
1820 1374 2121 1426 quamcitissime
2149 1374 2237 1412 Sedi
2256 1376 2484 1425 Apostolicae

1410 1426 1548 1466 allatus
1577 1437 1628 1466 est
1643 1428 1906 1467 Missionarios
1935 1426 2105 1475 scilicet,
2135 1429 2203 1479 qui
2223 1429 2337 1465 Card.
2360 1427 2484 1466 Tour-

1408 1484 1513 1519 nouii
1542 1483 1738 1520 decretum
1769 1482 2113 1533 impugnaverant,
2145 1494 2216 1518 non
2246 1481 2483 1520 obstantibus

1407 1534 1615 1573 Clementis
1644 1536 1733 1573 ΧΗ.
1777 1535 1910 1573 litteris
1940 1535 2167 1587 Apostolicis
2211 1529 2374 1573 solemni
2405 1536 2480 1573 for-

1351 1618 1379 1636 „
1411 1588 1517 1626 mula
1547 1589 1595 1626 ab
1628 1591 1672 1626 iis
1701 1590 1934 1641 acceptatis,
1973 1588 2286 1641 publicatisque,
2320 1590 2483 1627 damna-

1353 1670 1380 1691 „
1410 1651 1464 1679 tos
1493 1652 1618 1680 tamen
1648 1644 1763 1690 ritus,
1793 1657 1838 1680 ac
1859 1643 2108 1679 caeremouias
2128 1642 2235 1692 juxta
2257 1642 2481 1680 earumdem

1410 1694 1621 1733 litterarum
1664 1697 1932 1746 praescriptum
1978 1696 2140 1732 minime
2185 1694 2331 1732 aboleri
2375 1708 2481 1746 posse

1410 1757 1618 1793 causantes,
1648 1757 1795 1785 tantum
1825 1748 1994 1785 licentiae
2025 1749 2098 1786 sibi
2128 1761 2291 1796 sumere,
2323 1758 2362 1786 ut
2391 1761 2480 1796 eos,

1407 1815 1543 1852 easque
1572 1800 1698 1839 adhuc
1730 1815 1798 1838 usu
1839 1803 2083 1852 permittere,
2128 1801 2162 1836 8<
2202 1803 2362 1840 retinere
2401 1815 2478 1840 non

1405 1851 1646 1893 dubitarent.
1680 1856 1855 1907 Cumque
1876 1855 1921 1891 de
1949 1855 2096 1892 tamdiu
2126 1854 2255 1892 dilatae
2285 1854 2334 1891 ab
2364 1855 2410 1892 iis
2437 1867 2479 1891 o-

1348 1936 1375 1955 „
1403 1908 1603 1947 bedientiae
1634 1910 1671 1946 in
1699 1909 1777 1946 dies
1807 1908 1912 1945 fama
1942 1909 2264 1955 increbresceret,
2295 1909 2478 1960 praefatus

1349 1988 1375 2008 ,‚
1404 1961 1581 2000 Clemens
1611 1961 1728 2010 XlI.,
1774 1971 1814 1999 ut
1843 1963 2014 2000 debitum
2046 1961 2252 1999 Pontificiis
2285 1962 2475 2000 mandatis

1346 2041 1373 2061 „
1405 2014 1655 2067 obsequium,
1685 2015 1720 2052 &
1739 2015 2018 2054 observantiam
2041 2016 2253 2054 vindicaret
2276 2040 2315 2053 ...
2347 2015 2477 2053 alteris

1346 2094 1372 2114 „
1404 2067 1443 2104 in
1473 2068 1590 2106 simili
1621 2070 1744 2107 forma
1774 2070 1903 2107 Brevis
1933 2070 2026 2106 datis
2055 2069 2118 2106 die
2138 2067 2329 2124 13.M‹zji
2356 2070 2473 2120 1759·

1345 2148 1373 2168 „
1404 2120 1630 2172 Apostolicis
1658 2122 1820 2171 litteris,
1850 2137 1980 2160 earum
2013 2124 2210 2174 regionum
2241 2121 2472 2174 Episcopis,

1353 2202 1380 2222 „
1412 2174 1445 2210 ἆ
1490 2174 1743 2213 Missionariis
1785 2184 2023 2228 praeceptum
2072 2178 2245 2224 iteravit,
2286 2177 2473 2227 graviori-

1401 2227 1474 2266 bus
1504 2231 1618 2266 etiam
1649 2229 1770 2281 poeuis
1800 2229 2014 2280 impositis,
2044 2237 2084 2266 ut
2113 2229 2252 2266 nedum
2283 2230 2475 2268 exactissi-

1347 2310 1373 2329 „
1405 2296 1466 2319 me
1495 2291 1687 2320 servarent
1706 2297 1749 2320 ea
1767 2311 1777 2331 ,
1806 2296 1895 2334 quae
1926 2282 1965 2320 iu
1996 2283 2071 2320 suis
2098 2282 2311 2334 praemissis
2339 2282 2473 2321 litteris

1346 2363 1373 2384 „
1405 2336 1685 2375 mandabantur
1702 2366 1713 2385 ,
1742 2335 1892 2374 sublata
1919 2335 2078 2374 cuilibet
2097 2349 2203 2374 secus
2224 2337 2473 2388 interpretan-

1346 2417 1374 2438 „
1403 2390 1443 2428 di
1472 2390 1651 2430 facultate
1671 2420 1682 2439 ,
1711 2403 1847 2430 verum
1876 2390 1924 2429 ad
1953 2390 1993 2428 id
2022 2389 2128 2429 illico
2143 2404 2181 2429 se
2199 2389 2473 2442 adstringerent

2323 2472 2350 2493 υ
2370 2457 2428 2482 ⁸⁰·

1353 1457 1379 1475 32

1351 1510 1379 1529 5)

1351 1564 1378 1583 5)

1351 1724 1378 1743 9,

1351 1776 1378 1795 95

1350 1830 1376 1848 v

1347 1883 1376 1902 ³>

1346 2256 1373 2275 22

1346 2552 1538 2589 dummodo
1564 2565 1632 2588 non
1660 2553 1820 2588 laborent
1845 2565 1963 2588 errore
1988 2552 2141 2588 habendi
2167 2552 2339 2592 salivam,
2378 2554 2411 2584 &
2435 2564 2473 2585 a-

1347 2601 1523 2635 nhelitum
1549 2609 1731 2645 tamquam
1756 2602 1942 2635 materiam
1969 2602 2122 2645 ineptam
2141 2621 2152 2640 ,
2189 2601 2245 2632 vel
2271 2600 2473 2643 incapacem

1349 2647 1393 2681 ad
1419 2647 1679 2681 inserviendum
1705 2660 1767 2692 pro
1793 2648 2107 2681 sacramentalibus
2126 2646 2343 2693 caeremoniis
2364 2645 2398 2678 in
2412 2645 2472 2678 ba·

1346 2695 1497 2739 ptisrno.
1529 2696 1570 2728 ll.
1590 2694 1668 2728 Non
1694 2693 1966 2739 praecipiendum
1981 2715 1992 2734 ,
2017 2692 2076 2726 sed
2095 2691 2344 2726 consulendum
2360 2713 2370 2732 ‚
2396 2700 2474 2724 tan-

1348 2749 1424 2774 tum
1449 2750 1487 2774 ut
1514 2753 1640 2775 nomen
1667 2740 1817 2784 alicujus
1844 2741 1960 2773 Sancti
1989 2739 2246 2784 Martyrologio
2273 2739 2374 2772 Rom·
2412 2736 2473 2771 de-

1348 2788 1472 2832 scripti
1499 2787 1720 2832 baptizandis
1747 2789 1971 2832 imponatur,
1997 2787 2097 2820 firma
2123 2794 2242 2819 tamen
2268 2792 2471 2818 remanente

1349 2833 1594 2868 interdictione
1619 2833 1733 2879 quoad
1758 2834 1900 2868 nomina
1919 2832 2116 2873 Idolorum,
2142 2836 2173 2865 ἃ
2198 2831 2293 2865 falsae
2314 2831 2474 2874 Religio-

1347 2881 1400 2914 nis
1421 2882 1668 2915 poenitentium
1683 2904 1690 2913 .
1718 2882 1777 2914 lll-
1794 2882 1984 2914 Decretum
2007 2878 2286 2913 Eminentissimi
2299 2877 2340 2910 ‹le
2357 2877 2476 2910 Tour-

1346 2939 1414 2960 non
1440 2927 1480 2961 de
1507 2940 1578 2961 non
1605 2925 1834 2961 immutandis
1859 2927 2060 2960 nominibus
2087 2926 2235 2966 Crucis,
2266 2926 2473 2958 Sanctorum

1346 2976 1377 3006 ἀ
1404 2986 1520 3008 rerum
1548 2986 1753 3014 sacrarum,
1778 2984 1849 3007 non
1875 2973 2002 3007 habere
2030 2974 2144 3007 locum
2170 2973 2205 3005 in
2232 2972 2407 3020 vocibus,
2439 2972 2472 2999 &

1343 3021 1546 3055 nominibus
1585 3021 1628 3053 ab
1665 3020 1884 3053 institutione
1911 3021 2089 3054 Missionis
2129 3019 2362 3053 communiter
2395 3026 2471 3059 Jam

1345 3068 1519 3112 receptis,
1557 3079 1634 3112 quae
1662 3075 1779 3099 tamen
1804 3079 1865 3111 per
1890 3066 1980 3100 hanc
2013 3066 2285 3100 declarationem
2321 3074 2382 3113 neo
2408 3071 2470 3104 ap-

1345 3114 1564 3159 probantur,
1601 3125 1664 3147 nec
1690 3114 1955 3158 reprobantur}
1996 3114 2055 3147 IV.
2083 3114 2250 3146 Formam
2275 3122 2294 3142 a
2320 3105 2471 3141 Triden-

1345 3161 1420 3194 tino
1447 3161 1606 3195 Concilio
1631 3172 1694 3204 pro
1726 3161 1952 3194 matrimonio
1986 3162 2227 3205 praescriptam
2257 3152 2469 3206 'servandam

1348 3219 1417 3240 non
1443 3219 1539 3248 esse,
1574 3208 1642 3241 nisi
1669 3207 1704 3240 in
1732 3208 1773 3240 iis
1799 3208 1909 3248 locis,
1946 3208 2005 3242 ubi
2031 3206 2228 3240 Concilium
2251 3212 2325 3245 jam
2353 3200 2471 3252 publi·
2524 3244 2529 3246 η

1347 3263 1463 3288 catum
1491 3263 1568 3294 est,
1594 3253 1787 3288 curandum
1813 3263 1930 3288 tamen
1957 3267 1976 3287 a
1994 3249 2248 3289 MissionariiS,
2274 3246 2470 3299 iit-ubique

1347 3301 1549 3346 publicetur
1570 3323 1578 3332 .
1605 3302 1649 3334 V.
1671 3301 1770 3334 Posse
1796 3301 1952 3346 permitti
1981 3301 2108 3348 festum
2132 3305 2196 3339 pro
2223 3295 2372 3340 puellffi’
2397 3304 2467 3325 1¹0ss

1348 3347 1490 3393 quidem
1516 3346 1758 3381 inverecundis
1785 3348 1854 3381 illis
1881 3346 2015 3395 titulis,
2050 3342 2177 3387 quibus
2216 3348 2466 3394 consueverat)

1348 3393 1408 3429 sed
1433 3393 1677 3430 tantummodo
1703 3394 1768 3428 sub
1793 3394 1893 3429 titulo
1916 3398 2141 3434 niipnarutn.
