2570 3745
189 189 271 236 ¹¹4

121 293 149 313 „
177 265 240 301 sed
259 263 364 301 Deus
391 270 567 313 operatur
595 262 635 301 in
662 263 773 303 nobis
800 264 965 302 &vellet
995 265 1071 302 Nos
1097 277 1229 316 opera-

120 345 146 365 „
177 329 290 363 mur,
319 315 380 352 sed
401 315 504 355 Deus
531 326 708 368 operatur
736 318 774 355 in
803 318 912 356 nobis
942 317 1140 369 &operari
1160 330 1230 368 pro

118 396 146 417 „
174 369 275 406 bona
303 367 518 408 voluntate.
556 370 639 409 Hoc
668 370 776 409 nobis
804 371 956 423 expedit
984 371 1019 407 δε
1046 370 1227 417 credere,

118 449 144 470 „
174 422 207 457 ὅ(
235 423 387 471 dicere,
417 432 456 461 ut
483 424 530 461 sit
545 422 724 471 humilis,
754 424 787 460 8(
816 425 1002 462 submissa
1021 423 1225 470 confessio,

117 502 144 522 „
174 474 207 511 Sc
235 475 345 513 detur
372 484 492 515 totum
506 476 614 516 Deo.
644 476 700 514 Ec
720 477 812 515 alibi·
841 478 919 528 (de
932 478 1074 530 gratia,
1105 474 1224 513 Selii).

118 555 144 576 „
174 528 306 567 arbitr.
335 542 425 581 cap.
449 530 538 579 21.)
570 532 657 582 Agit
685 532 921 583 omnipotens
950 530 1054 568 Deus
1083 530 1120 566 in
1144 541 1224 566 cor-

115 608 141 629 „
171 581 283 621 dibus
312 581 513 622 homiuum
541 585 654 621 etiam
684 592 830 620 motum
851 582 1050 622 voluntatis
1067 594 1194 618 eorum
1213 611 1223 628 ‚

115 662 143 683 „
174 644 211 672 ut
241 650 308 687 per
335 649 396 673 eos
423 646 532 688 agat,
560 637 662 689 quod
691 649 800 688 agere
829 637 908 686 ipse
937 634 1127 672 voluerit.
1171 632 1226 671 Ec

113 716 141 737 ,‚
171 692 314 726 iterum
345 688 517 740 (ibidem
545 703 580 728 c,
608 689 666 728 16.
688 690 728 738 ):
757 696 902 725 certum
933 695 984 724 est
1013 700 1074 723 nos
1103 685 1223 735 velle,

114 768 149 788 „¹
170 755 259 779 cum
288 742 491 791 volumus,
520 743 581 780 sed
612 741 676 779 ille
706 742 823 788 facit,
854 749 893 777 ut
922 739 1086 777 velimus
1115 739 1160 775 ³²:
1190 739 1224 776 8t

113 794 229 844 plane
258 797 394 846 integri
425 795 516 833 libri
530 795 659 832 Sancti
675 794 848 832 Doctoris
877 792 983 831 nobis
1004 792 1223 830 exscriben-

111 847 152 884 di
182 859 322 894 esseut,
353 850 382 886 si
411 849 540 886 omnia
570 846 643 884 huc
672 846 879 900 spectantia
900 846 939 884 in
963 846 1134 884 medium
1165 846 1221 884 af-

111 899 211 938 ferre
240 901 451 940 vellemus·

174 955 258 1005 149.
288 954 449 1001 Quando
477 953 592 1004 igitur
619 966 641 990 a
660 953 816 1005 propria
836 951 1140 1006 uniuscujusque
1156 966 1219 992 vo-

111 1005 252 1045 luntate
282 1008 440 1057 repetit,
470 1007 571 1058 quod
601 1019 698 1044 1111113
727 1007 920 1045 tentationi
948 1008 1084 1055 cedat,
1126 1008 1221 1045 alter

109 1061 278 1106 resistat,
308 1072 383 1097 non
412 1067 464 1096 est
492 1059 624 1097 eodem
653 1060 764 1098 modo
794 1061 833 1098 id
862 1061 909 1098 de
939 1068 1099 1112 utroque
1120 1063 1220 1099 acci·

107 1113 318 1163 piendum,
361 1112 423 1149 sed
452 1114 554 1164 quod
584 1126 682 1150 unus
710 1113 844 1162 cedat,
890 1114 1004 1152 unica
1033 1113 1066 1149 8<
1095 1114 1217 1153 totalis

106 1178 220 1203 causa
250 1174 301 1202 est
330 1165 505 1203 voluntas
533 1165 660 1204 mala:
691 1168 790 1218 quod
819 1175 946 1206 autem
975 1167 1069 1206 alter
1099 1176 1217 1206 tenta-

105 1219 197 1256 tioni
227 1220 396 1267 resistat,
426 1218 460 1255 8(
487 1219 633 1258 bonum
664 1229 773 1271 agat,
805 1230 943 1272 praeter
958 1221 1153 1273 propriam
1186 1223 1216 1258 i-

105 1272 209 1323 psius
238 1271 497 1321 voluntatem,
540 1287 628 1325 quae
659 1287 772 1311 causa
802 1283 852 1311 est
895 1276 1109 1327 propinqua
1128 1305 1138 1319 ,
1183 1274 1216 1310 8<

106 1326 353 1374 immediata,
396 1325 473 1363 alia
500 1336 551 1363 est
581 1340 694 1364 causa
731 1327 868 1372 altior,
914 1342 1052 1380 nempe
1082 1326 1217 1365 efficax

105 1377 177 1415 Dei
208 1380 327 1429 gratia
349 1405 359 1417 .
404 1379 588 1416 Audiatur
625 1380 762 1417 iterum
793 1380 833 1418 S.
863 1380 1003 1418 Doctor
1033 1380 1080 1417 cle
1114 1380 1216 1417 dono

102 1444 204 1480 pers.
235 1446 319 1483 cap.
336 1432 374 1469 8.
408 1429 620 1469 Volunmce
648 1446 723 1469 sua
751 1432 879 1480 cadit,
909 1437 972 1483 qui
1002 1432 1135 1479 calis,
1166 1434 1214 1471 ἴθ’

101 1485 300 1522 voluntate
330 1483 406 1520 Dei
433 1493 513 1520 stat
531 1514 541 1531 ‚
571 1490 634 1535 qui
662 1493 768 1522 311115.
801 1485 847 1522 Et
876 1485 922 1521 de
952 1485 1128 1537 praedest.
1145 1484 1214 1523 SS.

101 1551 135 1574 c.
166 1536 203 1574 6.
235 1567 260 1584 „
290 1536 408 1574 Multi
437 1537 598 1574 audiunt
628 1537 789 1576 verbum
823 1539 990 1576 veritatis
1009 1569 1018 1586 ‚
1049 1538 1110 1576 sed
1145 1537 1213 1576 alii

101 1619 126 1639 „
157 1591 337 1637 credunt,
367 1589 434 1626 alii
465 1590 750 1628 contradicunt.
779 1590 924 1628 Nolunt
954 1593 1114 1643 ergoisti
1131 1605 1212 1629 cre-

99 1673 125 1692 „
155 1643 268 1690 dere,
299 1642 431 1681 volunt
451 1653 578 1681 autem
608 1642 696 1682 illi.
726 1644 823 1692 Quis
839 1643 910 1682 1100
926 1643 1097 1695 ignoret?
1126 1646 1213 1696 quis

97 1725 124 1745 „
156 1694 225 1732 hoc
255 1694 389 1745 neget?
418 1696 492 1733 Sed
513 1726 524 1744 ,
553 1710 642 1733 cum
671 1697 757 1734 aliis
787 1706 1068 1749 praepararetur
1086 1728 1095 1745 ,
1127 1697 1213 1735 aliis

97 1778 123 1797 „
154 1762 227 1786 uon
258 1758 537 1800 praepararetur
578 1748 750 1787 voluntas
780 1766 800 1786 a
831 1751 998 1788 Domino
1018 1781 1029 1798 ,
1071 1751 1212 1789 discer-

96 1803 315 1851 „mendum
346 1813 395 1839 est
418 1832 427 1847 ,
457 1802 550 1854 quid
581 1804 702 1840 veniat
732 1803 777 1840 de
808 1804 1067 1841 misericordia
1096 1803 1178 1855 ejus
1199 1834 1211 1851 ,

97 1884 122 1903 „
152 1856 244 1908 quil
274 1856 318 1891 de
347 1854 490 1905 jndicio
519 1856 568 1892 ”-
618 1855 665 1893 Et
694 1857 733 1894 S.
766 1856 923 1909 Prosper
966 1858 1004 1894 111
1037 1871 1135 1909 resp.
1165 1859 1212 1895 ad

96 1923 182 1958 cap.
203 1909 309 1946 XlV.
338 1908 477 1955 object.
495 1908 838 1947 Vincentianarum
872 1922 939 1961 pro
955 1920 1055 1947 certo
1077 1912 1211 1963 ponit,

96 1961 130 1997 8(
175 1961 211 1997 ab
241 1962 331 2007 illo,
364 1976 497 2013 nempe
528 1963 634 2008 Deo,
679 1976 789 2010 esse,
828 1963 929 2011 0110ιῖ
958 1972 1113 2011 statur,
1161 1966 1210 2004 Θ·

97 2027 177 2050 non
206 2013 347 2051 abillo
375 2028 486 2062 esse,
516 2015 617 2066 quod
646 2020 794 2062 riatur,
825 2015 859 2052 8(
890 2017 927 2052 111
959 2031 1020 2067 ep.
1050 2017 1097 2054 ad
1117 2017 1208 2055 Ruf-

96 2067 220 2105 fiuum
250 2068 388 2119 cap-6.
424 2068 499 2118 Qui
528 2067 719 2116 credunt,
750 2068 827 2106 Dei
844 2078 1019 2120 aguntur
1047 2074 1209 2120 spiritu;

95 2124 159 2171 qui
188 2133 266 2158 non
295 2120 484 2169 credunt,
516 2120 631 2158 libero
660 2131 883 2159 evertuntur
912 2121 1074 2160 arbitrio
1096 2151 1106 2161 .
1139 2123 1207 2161 Po-

95 2184 274 2211 stremum
307 2176 564 2212 testimonium
596 2188 640 2212 ex
672 2176 760 2213 Lib.
781 2175 831 2213 V.
861 2175 908 2213 (le
927 2175 1034 2213 Cio-it.
1058 2176 1133 2214 Dei
1151 2178 1206 2216 fa-

95 2227 177 2264 cile
192 2227 402 2278 explicatur
420 2257 429 2274 ,
459 2230 608 2266 attentis
623 2230 668 2266 iis
684 2259 695 2276 ,
723 2243 812 2281 quae
828 2229 956 2268 Sanct.
979 2230 1117 2268 Doctor
1135 2232 1204 2268 im-

96 2281 259 2317 mediate
288 2281 441 2317 subdit:
485 2283 608 2318 mulce
637 2287 774 2333 quippe
814 2283 1036 2321 voluntates
1064 2283 1114 2322 ab
1143 2285 1208 2322 illo

96 2346 176 2370 non
206 2342 323 2370 stitit.
353 2333 425 2371 Sed
456 2334 571 2371 bonas
600 2335 808 2374 voluntates
837 2337 958 2374 aDeo
988 2352 1064 2375 esse
1082 2367 1093 2386 ,
1124 2338 1207 2376 ubi-

95 2400 170 2439 que
201 2386 411 2438 praedicat.

155 2440 239 2476 150.
270 2439 364 2476 Haec
392 2441 524 2478 eadem
555 2443 746 2492 responsio
774 2443 944 2496 adaptari
967 2454 1081 2497 potest
1102 2445 1207 2483 simi-

92 2491 193 2529 libus
223 2492 476 2531 locutionibus
503 2495 666 2532 Concilii
694 2495 928 2535 Coloniensis
971 2500 1009 2535 111
1041 2498 1207 2536 Εηοῆὶν.

93 2544 140 2582 tle
160 2546 348 2583 Sacram.
370 2545 511 2584 Poenc't.
529 2578 539 2595 ,
561 2549 593 2584 8(
615 2548 886 2587 nonnullorum
904 2551 1056 2590 Pati-um
1077 2583 1086 2600 ,
1108 2566 1206 2604 prae-

92 2600 220 2636 sertim
249 2599 506 2651 Chrysostomi
526 2630 535 2648 ,
565 2602 633 2653 qui
663 2601 807 2640 alicubi
836 2604 950 2652 dicit,
991 2606 1143 2653 „Unde
1174 2607 1206 2643 i-

93 2680 118 2700 „
148 2653 247 2701 gitur
274 2653 341 2690 alii
370 2654 527 2705 quidem
558 2668 645 2692 vasa
673 2664 754 2693 sunt
784 2656 852 2692 irae
871 2687 881 2704 ‚
919 2657 986 2695 alii
1016 2672 1105 2697 vero
1135 2660 1206 2696 mi-

95 2732 132 2752 „4
151 2704 391 2743 sericordiae?
420 2707 478 2744 Ex
509 2709 664 2760 propria
692 2709 884 2747 voluntate
907 2710 950 2748 ³².

154 2758 239 2794 151.
270 2758 357 2796 lust.
378 2762 510 2798 tertio.
541 2760 670 2799 Sanct.
693 2764 925 2813 Augustinus
955 2777 1027 2802 non
1057 2764 1134 2803 alia
1162 2765 1207 2803 de

95 2822 206 2846 causa
237 2819 399 2848 nostrum
429 2827 649 2852 consensum
670 2816 953 2867 gratiaetribuit
972 2848 981 2866 ,
1012 2819 1084 2856 nisi
1115 2819 1208 2871 quia

95 2863 198 2901 Deus
219 2866 412 2901 vocatione
428 2880 494 2903 sua
516 2878 674 2906 nostram
695 2869 834 2907 bonam
856 2869 1084 2909 voluntatem
1107 2886 1207 2923 prae-

96 2916 219 2954 cedit.
267 2945 293 2964 „
322 2916 424 2962 Quia
454 2932 524 2957 non
555 2923 736 2971 praecedit
765 2923 938 2962 voluntas
966 2925 1067 2963 bona
1098 2939 1206 2963 voca-

94 2999 120 3019 „
152 2970 314 3016 tionem,
345 2970 405 3006 sed
435 2974 578 3010 vocatio
604 2975 744 3013 bonam
766 2976 997 3015 voluntatem
1016 3008 1026 3026 ,
1058 2989 1206 3031 propte-

95 3052 121 3071 „
150 3035 212 3059 rea
242 3023 391 3059 vocanti
422 3023 502 3059 Deo
530 3036 627 3064 recte
656 3029 859 3078 tribuitur,
888 3032 990 3083 quod
1019 3032 1114 3070 hene
1145 3047 1206 3070 ve-

94 3105 119 3123 „
149 3074 265 3112 limus
294 3074 378 3112 Lib.
396 3075 427 3112 I.
457 3076 511 3113 (111
531 3077 706 3129 Simplic.
735 3096 798 3132 qu.
821 3097 857 3122 2.
885 3097 928 3122 η.
955 3098 1014 3123 12.
1045 3084 1100 3122 Et
1119 3085 1205 3124 Lib.

92 3156 118 3176 „
148 3127 380 3167 LXXXIII.
425 3128 686 3175 Quaestionum
725 3146 864 3184 quaest.
886 3138 951 3177 68.
999 3137 1110 3177 Tom.
1135 3138 1203 3178 VI.

91 3211 117 3231 ,‚
147 3183 339 3227 Quoniam
357 3212 367 3229 ,
408 3185 557 3232 inquit,
598 3198 667 3221 nec
696 3188 794 3225 velle
822 3193 1028 3244 quisquam
1058 3202 1202 3244 potest,

93 3237 216 3283 „nisi
248 3235 490 3283 admonitus,
520 3235 554 3271 8(
583 3246 762 3286 vocatus,
791 3243 973 3294 efficitur,
1003 3255 1042 3284 ut
1071 3247 1199 3299 ipsum

88 3317 118 3336 ,‚
149 3288 246 3325 velle
278 3288 380 3326 Deus
407 3298 583 3340 operetpr
611 3290 648 3328 in
678 3291 849 3332 nobis'’.

149 3342 234 3379 152.
265 3340 376 3393 Resp.
408 3343 446 3380 id
482 3341 643 3394 intelligi
686 3358 707 3380 a
735 3345 873 3384 Sancto
903 3350 1111 3402 Augustino
1152 3353 1199 3390 de

83 3396 281 3434 vocatione
311 3408 379 3448 per
405 3408 443 3434 se
472 3395 645 3446 efficaci,
687 3411 775 3450 quae
822 3410 906 3452 agat
947 3405 986 3441 in
1019 3405 1198 3444 cordibus

698 185 780 228 DE
816 184 1054 228 GR-A-TIA-
1081 184 1128 228 P.
1150 184 1184 227 Ι.
1216 183 1483 227 DISSER'I'.
1506 182 1562 228 V.
1595 183 1724 229 (ΞᾺΡ.
1745 187 1822 230 ΙΙΙ.

1297 265 1428 301 uostris
1456 263 1569 300 etiam
1591 265 1717 316 ipsum
1737 264 2132 304 voluntatis-motum.
2162 263 2411 303 Suam-men-

1295 325 1372 353 tem
1399 314 1543 354 clarius
1571 320 1750 368 expressit
1779 321 1818 356 111
1846 319 2034 370 operibus
2048 328 2172 371 postea
2192 329 2320 356 contra
2342 318 2411 357 Pe-

1295 369 1470 419 lagianosv
1494 369 1630 421 majori
1661 372 1809 420 studio,
1850 386 1897 410 ac
1925 372 2121 423 diligentia
2151 372 2410 421 elucubratis,

1295 431 1336 459 ut
1366 423 1547 472 superius>
1568 423 1846 463 declaravimus
1875 439 1912 462 11.
1940 425 2026 470 146.
2231 469 2234 471 μ

1353 475 1440 514 155.
1472 474 1558 513 11131.
1587 485 1746 528 quarto,
1777 477 1816 515 S.
1847 478 1984 516 Doctor
2014 478 2103 518 Lib.
2133 477 2181 516 de
2210 475 2343 529 Spirit.
2362 478 2411 518 (9¹

1293 528 1366 566 litt.
1395 542 1430 566 c.
1453 527 1517 566 55.
1549 558 1574 577 „
1597 529 1782 566 Liberum
1812 530 2040 580 arbitrium,
2072 536 2130 570 ait
2148 562 2157 579 ,
2188 531 2414 570 naturaliter

1351 581 1575 619 attributum
1605 596 1628 620 a
1657 591 1822 619 creatore
1849 585 1995 621 animae
2011 584 2184 624 rationali
2204 615 2214 633 ‚
2244 584 2311 622 illa
2334 598 2413 622 me-

1350 635 1413 672 dia
1444 635 1500 671 vis
1529 643 1727 687 est‚-quae
1759 633 1816 671 vel
1847 636 1986 673 intendi
2016 639 2063 675 ad
2092 639 2232 686 fidem,
2262 637 2320 675 vel
2354 637 2411 675 in-

1350 687 1549 726 clinariad
1567 687 1831 725 infidelitatem
1863 695 2000 738 potest;
2028 689 2061 724 8<
2091 691 2173 728 ideo
2201 705 2271 729 1100
2302 692 2411 728 istam

1349 741 1602 789 voluntatem,
1632 754 1720 794 quae
1751 740 1913 778 credidit
1943 740 2049 788 Deo,
2091 743 2168 780 dici
2199 754 2312 794 potest
2343 742 2410 780 ho-

1349 807 1412 831 mo
1441 794 1602 842 habere,
1632 808 1747 847 quam
1767 806 1840 831 non
1857 794 2073 844 acceperit3
2102 798 2410 849 quandoquidem

1349 856 1506 886 vocante
1528 848 1609 886 Deo
1625 878 1635 896 ,
1666 849 1784 899 surgit
1804 846 1850 883 de
1871 846 1993 884 libero
2012 847 2170 884 arbitrio
2187 877 2196 894 ‚
2225 851 2322 899 quod
2346 863 2411 886 na·

1291 931 1317 948 „
1346 901 1544 949 turaliter,
1575 915 1663 939 cum
1685 909 1899 947 crearetur,
1928 899 2128 952 accepit’':
2158 911 2281 938 censet
2302 913 2411 952 ergO,

1289 953 1458 992 liberum
1488 955 1691 993 arbitrium
1721 955 1797 991 suis
1828 953 1973 992 viribus
2003 968 2024 991 a
2046 953 2128 990 Deo
2157 955 2303 991 vocanti
2325 967 2411 991 con-

1288 1011 1450 1054 sentire;
1494 1007 1527 1044 8(
1557 1007 1805 1047 11111110111111113
1834 1006 1937 1045 illius
1966 1020 2193 1045 consensum
2221 1021 2298 1045 esse
2327 1002 2410 1045 Deo

1287 1062 1580 1100 adscribendum
1597 1089 1606 1101 .

1345 1114 1432 1161 154.
1465 1115 1577 1168 Hesp.
1605 1115 1852 1154 considerato
1881 1123 1954 1152 toto
1981 1121 2182 1162 contextu,
2212 1114 2411 1153 verosimi-

1284 1167 1370 1206 lius
1389 1169 1509 1207 videri
1528 1200 1537 1217 ,
1582 1169 1652 1207 1100
1681 1169 1824 1206 dictum
1856 1183 1932 1206 esse
1961 1169 2006 1205 ad
2039 1177 2204 1206 mentem
2235 1167 2406 1219 Pelagii,

1285 1222 1351 1273 qui
1382 1223 1648 1270 contendebat,
1678 1235 1753 1260 non
1784 1221 1860 1259 alia
1890 1223 2031 1259 ratione
2061 1231 2229 1260 nostrum
2251 1234 2408 1259 consen-

1284 1288 1369 1312 sum
1399 1278 1588 1314 vocationi
1618 1277 1761 1314 divinae
1793 1290 1870 1312 esse
1892 1274 1972 1312 Deo
2000 1275 2322 1322 adscribendum,
2352 1275 2412 1311 ni-

1284 1330 1314 1365 31
1345 1329 1436 1380 quia
1464 1330 1510 1366 de
1540 1329 1663 1366 libero
1692 1328 1851 1365 arbitrio
1893 1328 2089 1378 procedit,
2134 1328 2235 1377 quod
2276 1342 2299 1365 a
2328 1327 2411 1365 Deo

1284 1381 1324 1417 in
1354 1382 1543 1418 creatione
1574 1382 1815 1431 accepimus,
1845 1380 2012 1430 adeoque
2044 1381 2089 1416 iis
2119 1381 2245 1417 verbis
2265 1380 2411 1430 Pelagii

1282 1432 1535 1483 objectionem
1556 1464 1566 1481 ,
1596 1445 1668 1470 non
1691 1445 1778 1470 vero
1798 1433 2013 1470 doctrinam
2036 1432 2074 1470 S·
2099 1432 2298 1484 Augustini
2320 1444 2410 1470 con·

1284 1487 1396 1524 tineri
1415 1513 1425 1524 .
1455 1487 1569 1534 Quod
1598 1487 1628 1524 si
1659 1488 1745 1538 quis
1775 1486 1900 1523 acrius
1929 1486 2148 1533 contendat,
2181 1486 2218 1523 id
2239 1499 2258 1521 a
2281 1485 2320 1523 S.
2339 1484 2408 1522 Pa-

1284 1548 1338 1576 tre
1387 1541 1425 1577 in
1469 1541 1624 1592 propria
1667 1540 1848 1577 sententia
1881 1539 2025 1576 dictum
2070 1540 2184 1577 fuisse
2206 1569 2216 1587 ,
2263 1537 2407 1576 iutelli-

1281 1593 1444 1643 gendum
1475 1594 1545 1630 erit
1574 1607 1683 1630 sensu
1713 1594 1934 1643 congruenti
1965 1594 2063 1630 notis
2092 1592 2194 1639 illis,
2239 1591 2272 1628 ἃ
2303 1605 2406 1629 com-

1281 1646 1519 1683 munissitnis
1548 1646 1666 1697 ipsius
1697 1647 1897 1696 principiis
1925 1646 1972 1682 de
2000 1644 2122 1683 libero
2141 1645 2321 1693 arbitrio,
2353 1645 2407 1682 ef-

1280 1697 1393 1736 ficaci
1424 1699 1496 1736 Dei
1526 1700 1647 1749 gratia
1676 1708 1912 1750 pras-param,
1944 1698 1977 1734 ὃ(
2008 1708 2134 1736 moto-

1340 1752 1426 1790 155.
1450 1752 1537 1789 lust.
1555 1753 1688 1804 quinto
1709 1755 1828 1802 (cum
1847 1750 2029 1789 Bellarm.
2046 1751 2135 1789 Lib.
2152 1750 2220 1789 VI.
2237 1750 2285 1788 de
2297 1760 2406 1800 grat.

1280 1804 1329 1844 <²9
1350 1804 1412 1842 lib.
1430 1804 1513 1841 orb.
1535 1819 1569 1843 0.
1593 1805 1685 1853 12.)
1715 1805 1842 1842 Sanct.
1863 1805 2094 1855 Augustinus
2111 1801 2404 1842 Tract.XXV1.

1281 1860 1319 1895 in
1342 1858 1398 1895 JO.
1421 1857 1615 1909 explicans
1645 1859 1801 1895 modum
1820 1889 1830 1905 ,
1861 1871 1937 1909 quo
1958 1857 2066 1895 Pater
2086 1857 2201 1895 trahit
2230 1857 2411 1895 homines·

1281 1911 1328 1948 ad
1357 1910 1578 1959 Christum,
1610 1913 1755 1962 inquit:
1800 1941 1826 1960 „
1859 1910 2023 1948 Ramum
2053 1912 2215 1949 viridem
2246 1911 2405 1949 ostendit

1281 1994 1306 2013 „
1336 1966 1424 2013 ovi,
1460 1963 1491 1999 ὃ(
1522 1964 1634 2003 trahit
1666 1965 1772 2002 illam
1792 1995 1802 2012 ,
1845 1978 1960 2002 nuces
1990 1978 2109 2016 puero
2138 1964 2401 2002 demonstran-

1278 2047 1304 2066 „
1335 2025 1422 2066 tur,
1452 2017 1484 2054 &
1508 2019 1727 2056 trahitur...
1764 2020 1793 2055 si
1825 2030 1912 2068 ergo
1941 2019 2031 2066 ista,
2061 2031 2148 2070 quae
2178 2018 2275 2055 inter
2304 2017 2400 2054 deli-

1278 2101 1304 2119 „
1334 2073 1433 2120 cias,
1477 2071 1509 2106 8(
1540 2072 1748 2123 voluptates
1786 2080 1952 2108 terrenas
1994 2070 2209 2109 revelantur
2238 2070 2400 2108 anianti-

1277 2155 1303 2173 „
1334 2124 1432 2173 bus,
1462 2125 1641 2172 trahunt,
1670 2127 1852 2177 quoniam
1882 2138 2018 2163 verum
2046 2133 2120 2162 est:
2160 2123 2297 2161 Trahit
2327 2138 2396 2162 sua

1276 2208 1300 2228 „
1331 2192 1523 2231 quemque
1555 2178 1749 2231 voluptas:
1792 2191 1865 2215 uon
1913 2177 2027 2215 trahit
2069 2176 2257 2215 revelatus
2286 2177 2398 2215 Chri-

1277 2262 1303 2280 „
1334 2241 1410 2269 stus
1439 2248 1459 2270 a
1490 2231 1627 2270 Patre?
1674 2231 1777 2279 Quid
1807 2230 1908 2268 enim
1940 2232 2072 2269 fortius
2101 2231 2288 2268 desiderat
2317 2231 2401 2268 ani-

1277 2315 1302 2333 „
1334 2300 1395 2322 ma
1413 2315 1422 2333 ,
1454 2300 1569 2337 quam
1602 2286 1798 2322 verit-item
1816 2282 1868 2321 ''?
1900 2283 2131 2335 Hujusmodi
2154 2283 2328 2336 exempla
2348 2284 2399 2322 ab

1276 2340 1485 2389 Augustino
1514 2339 1685 2376 adhibita
1716 2338 1860 2375 nonnisi
1893 2339 2098 2374 motionem
2127 2337 2310 2375 moralem
2342 2338 2400 2374 in-

1277 2392 1429 2439 dicant,
1460 2393 1499 2428 iu
1521 2391 1783 2438 suasionibus,
1815 2389 2120 2437 hortationibus,
2150 2391 2268 2438 visis,
2297 2390 2401 2428 aliis-

1276 2459 1352 2497 que
1380 2443 1572 2482 similibus
1602 2445 1723 2482 modis
1751 2447 1860 2482 sitam
1879 2470 1890 2481 .
1921 2442 2048 2482 Etiam
2079 2443 2294 2497 S.Prosper
2310 2443 2399 2482 Lib.

1276 2508 1418 2535 contra
1443 2498 1681 2536 Collatorem
1704 2513 1787 2550 cap.
1809 2512 1844 2551 ἶ.
1865 2511 1903 2534 11.
1927 2497 1987 2535 18.
2018 2497 2209 2549 explicans
2239 2513 2282 2535 ea
2312 2511 2396 2535 ver-

1275 2552 1325 2590 ba
1345 2551 1483 2590 Christi
1504 2552 1563 2589 Jo.
1586 2551 1651 2588 Vl.
1669 2551 1735 2597 44.
1765 2549 1897 2588 Nemo
1925 2559 2049 2598 potest
2077 2554 2208 2587 venire
2227 2549 2282 2587 ad
2302 2563 2367 2587 me
2383 2580 2395 2598 ,

1276 2609 1352 2642 nisi
1373 2605 1519 2654 Pater,
1551 2609 1617 2656 qui
1647 2609 1753 2642 misit
1783 2618 1872 2652 me,
1902 2606 2075 2641 traxerit
2103 2616 2221 2647 eum;
2252 2604 2397 2655 ioquin,

1274 2689 1300 2707 „
1331 2658 1468 2696 Trahit
1496 2659 1543 2697 ad
1573 2659 1700 2697 Deum
1730 2655 1996 2708 contemplatio
2025 2656 2326 2705 elementorum,
2356 2669 2395 2693 o-

1333 2714 1583 2765 mniumque,
1613 2726 1701 2764 quae
1731 2713 1769 2749 in
1799 2712 1850 2748 eis
1866 2719 1977 2758 sunt,
2007 2710 2283 2748 ordinatissima
2305 2709 2394 2762 pul-

1334 2765 1510 2804 chritudo
1527 2765 1790 2811 ..η-’1111110111
1815 2777 1947 2801 rerum
1976 2773 2163 2815 gestarum
2196 2762 2394 2809 relatores;

1334 2821 1509 2857 animum
1540 2819 1727 2857 audientis
1755 2817 1995 2855 inflammant
2039 2827 2231 2855 narrantes
2260 2817 2394 2855 'laudes

1334 2873 1520 2920 Domini,
1552 2873 1759 2909 &virtutes
1775 2869 1878 2921 ejus,
1909 2870 1942 2906 &
1965 2871 2160 2909 mirabilia
2182 2871 2283 2923 ejus,
2305 2885 2394 2923 quae

1334 2927 1450 2964 facit.
1482 2925 1615 2963 Trahit
1636 2927 1748 2961 timor
1836 2922 1949 2961 trahit
1979 2923 2111 2963 laetitia
2200 2925 2393 2963 trahitde-

1331 2981 1514 3017 siderium
1603 2975 1754 3014 trahunt
1783 2975 2044 3016 delectationes
2136 2978 2170 3015 &
2199 2980 2286 3031 quis
2307 2975 2390 3029 pei·-

1332 3035 1476 3084 spicere
1494 3061 1503 3079 ,
1538 3038 1602 3067 aut
1631 3043 1809 3068 enarrare
1838 3032 1977 3081 possit,
2022 3045 2088 3084 per
2116 3046 2210 3085 quos
2239 3030 2390 3068 effectus

1330 3085 1493 3123 visitatio
1522 3084 1595 3122 Dei
1625 3085 1799 3121 animum
1829 3084 1941 3121 ducat
1970 3084 2203 3132 humanum,
2233 3092 2272 3120 ut
2300 3095 2389 3134 quae

1273 3169 1300 3188 „
1331 3137 1527 3189 fugiebat,
1559 3146 1762 3188 sequatur3
1805 3151 1892 3189 quae
1922 3138 2073 3187 oderat,
2102 3138 2260 3190 diligat3
2298 3149 2388 3188 quae

1271 3222 1297 3242 „
1328 3191 1570 3238 fastidiebat,
1599 3191 1736 3227 esuriat
1759 3190 1826 3228 &m
1850 3190 1902 3230 ³³?

1329 3244 1417 3283 156.
1449 3243 1561 3295 Resp.
1591 3242 1632 3281 S.
1656 3243 1907 3295 Augustinum
1931 3246 1984 3283 uti
2005 3244 2159 3297 quidem
2183 3243 2238 3281 his
2261 3256 2388 3282 exem-

1269 3297 1342 3350 plis
1371 3299 1418 3336 ad
1448 3297 1690 3349 expjicaudos
1720 3310 1780 3335 eos
1810 3300 1952 3346 miros,
1999 3298 2035 3333 &
2063 3296 2276 3335 ineffabiles
2307 3311 2388 3336 mo-

1267 3354 1359 3400 dos,
1388 3351 1529 3404 quibus
1548 3349 1648 3387 Deus
1678 3352 1753 3401 agit
1784 3353 1824 3389 in
1854 3351 2029 3397 cordibus
2050 3349 2251 3389 hominum
2272 3354 2387 3390 etiam

1266 3414 1420 3445 motum
1443 3403 1647 3445 voluntatis
1676 3418 1832 3443 eorum:
1875 3417 1950 3442 non
1994 3412 2122 3444 tamen
2149 3407 2192 3445 in
2221 3406 2299 3445 istis
2328 3407 2387 3444 vi·

2256 3472 2304 3496 sis
2320 3488 2331 3506 ,

1294 611 1320 630 9³

1294 663 1320 682 57

1292 716 1319 736 ³7

1293 770 1319 789 37

1293 824 1319 842 57

1292 877 1318 896 2²

1276 2742 1302 2761 >5

1277 2795 1303 2814 2)

1277 2848 1304 2867 >9

1277 2902 1302 2920 95

1275 2955 1301 2973 7³

1276 3009 1301 3027 ³>

1275 3063 1301 3082 >7

1275 3116 1300 3135 2>
