2562 3694
249 112 304 162 ζα
852 111 933 154 ΒΕ
967 109 1104 155 ACT.
1139 109 1294 155 HUM.
1326 110 1469 156 DISS.
1501 112 1557 154 11.
1605 114 1732 158 CAP.
1762 115 1819 158 Π.

191 189 278 227 dem
310 187 420 239 plane
448 186 532 226 loco
561 188 664 240 ponit
700 189 1035 240 considerationis,
1073 193 1232 232 actualis
1260 207 1305 232 ac

188 243 358 279 scientiae
387 241 606 280 defectum.
636 241 683 279 Et
705 243 874 282 infinitus
897 244 1010 296 plane
1030 259 1146 284 essem
1165 277 1176 294 ,
1207 248 1239 285 si
1265 260 1305 282 o-

188 295 295 331 mnia
317 294 488 332 Doctoris
510 294 683 347 Angelici
704 299 918 336 testimonia
939 299 977 336 in
1006 297 1102 338 hanc
1132 312 1211 337 rem
1228 298 1306 338 col-

187 346 304 399 ligere
333 347 500 388 vellem.

246 400 309 440 56.
341 401 452 440 Proh.
485 402 552 441 ult.
582 403 750 442 ratione.
779 404 821 443 Si
842 405 887 442 ad
918 403 1154 456 peccandum
1177 405 1304 457 requi-

187 455 286 492 ritur
314 455 472 494 actualis
515 456 675 495 malitiae
719 459 978 504 advertentia,
1021 456 1100 507 jain
1129 456 1238 494 nulla
1266 473 1304 495 e-

186 518 273 545 runt
302 510 459 547 omnino
489 511 710 562 ignorantiae
743 520 922 561 peccata3
969 510 1036 560 qui
1067 510 1167 547 enim
1199 524 1244 548 ex
1273 513 1305 549 i-

185 564 386 612 gnorantia
416 572 572 614 peccat,
616 564 747 615 procul
777 563 896 599 dubio
923 562 969 598 ad
1000 563 1159 600 actionis
1191 563 1303 602 mali—

186 623 307 664 tiam,
351 615 410 653 vel
441 616 620 654 offensam
651 616 723 654 Dei
753 628 824 652 non
863 615 1047 659 advertit3
1089 617 1194 668 atqui
1225 631 1301 655 esse

185 668 317 719 aliqua
348 679 501 720 peccata
543 668 765 720 ignorantiae
808 666 884 704 fide
911 665 1109 705 Catholica
1152 679 1300 708 certum

185 730 266 768 est,
296 735 366 760 nec
396 723 603 760 adversarii
636 722 707 772 ipsi
737 730 900 770 negant,
940 729 979 758 ut
1008 723 1183 773 superius
1213 739 1300 777 pag.

190 774 251 813 15.
282 773 315 809 8(
343 789 420 827 seq.
451 773 651 826 probatum
681 781 756 810 est:
785 785 874 825 ergo
903 773 974 811 Sec.

241 827 305 879 57.
337 829 516 873 Accedit,
560 825 659 877 quod
691 827 829 876 impii,
876 840 966 865 cum
999 827 1036 864 in
1068 829 1300 880 profundum

184 891 426 932 peccatorum
456 882 652 927 venerint,
682 879 774 916 adeo
794 889 1056 928 excoecantur,
1090 883 1187 919 utde
1217 898 1327 922 sua-a

183 946 269 970 rum
305 934 491 970 actionum
522 933 783 985 turpitudine,
827 932 860 968 8<
891 934 1037 971 malitia
1068 948 1112 972 ne
1140 938 1301 987 cogitent

182 985 336 1037 quidem
355 1012 364 1023 .
413 987 520 1023 Anne
549 994 746 1038 propterea
786 986 869 1024 illos
898 1002 919 1024 a
949 987 1065 1039 eulpa
1107 989 1300 1029 immunes

182 1037 376 1077 dicemus?
405 1039 501 1076 Sane
532 1038 730 1091 Apostolus
760 1038 988 1090 Ephes.1V.
1025 1054 1085 1092 17.
1114 1056 1134 1079 a
1167 1057 1297 1094 pecca-

181 1099 216 1127 to
248 1104 317 1128 non
351 1102 501 1130 excusat
529 1092 713 1144 gentiles,
742 1094 810 1144 qui
839 1093 1101 1132 ambulabant
1131 1099 1297 1135 incant·

180 1152 265 1181 ttzte
293 1158 432 1183 sensus
460 1149 520 1183 sni
538 1177 546 1193 ,
577 1145 746 1184 tenebris
765 1146 1016 1185 obscuratum
1034 1147 1221 1188 habentes
1238 1155 1298 1188 in-

179 1197 378 1236 tellectum
401 1229 411 1247 ,
442 1200 611 1237 alienati
640 1214 668 1237 a.
695 1204 774 1237 vita
795 1199 873 1238 Dei
901 1215 970 1251 per
999 1206 1297 1255 ignorantiam,

179 1265 270 1301 quoe
299 1261 357 1290 est
387 1257 427 1290 in.
469 1253 546 1291 iltis
572 1262 731 1306 propter
775 1258 1002 1294 coecitatem
1040 1256 1168 1295 cordis
1197 1263 1298 1309 ipso-

177 1317 267 1342 runl
289 1331 300 1344 a

234 1359 298 1397 58.
331 1360 498 1399 Demum
530 1360 563 1397 ἃ
594 1361 691 1400 illud
721 1371 865 1401 certum
897 1373 975 1412 est,
1006 1379 1108 1417 saepe
1136 1380 1158 1403 a
1188 1365 1295 1416 justis

176 1421 331 1463 peccata
361 1414 527 1452 venialia
559 1429 625 1466 per
655 1417 938 1467 incogitantiam
961 1447 971 1465 ,
1019 1418 1052 1454 8:
1084 1419 1294 1471 subreptio-

176 1479 261 1502 nem
293 1466 439 1504 admitti
458 1497 467 1515 ,
499 1482 521 1505 a
540 1468 681 1520 quibus
713 1470 879 1520 profecto
909 1470 1163 1519 abstinerent,
1193 1474 1220 1509 si
1252 1487 1293 1510 a·

175 1519 311 1556 ctualis
342 1522 542 1572 cogitatiO,
575 1521 632 1558 vel
664 1522 897 1560 advertentia
926 1525 1148 1562 eorumdem
1181 1526 1293 1564 mali-

177 1574 240 1609 tiae
274 1574 362 1623 ipsis
390 1583 632 1613 occurreret.
663 1575 775 1612 Unde
803 1590 893 1614 cum
923 1591 966 1615 ea
995 1588 1150 1628 peccata
1180 1578 1295 1629 plane

177 1639 251 1662 non
281 1636 530 1676 cognoscant,
574 1627 740 1665 clamant
768 1643 860 1666 cum
890 1629 1099 1681 Propheta:
1143 1631 1202 1669 Ab
1230 1645 1296 1670 oc-

179 1678 294 1715 cultis
325 1683 425 1716 meis
456 1680 610 1717 munda
640 1693 731 1727 me,
761 1680 963 1719 Domine.

188 1752 190 1755 ·
233 1731 298 1782 59.
329 1731 385 1769 Ne
415 1741 541 1770 tamen
572 1733 708 1770 vitium
731 1731 898 1771 laxitatis
915 1734 1145 1773 declinantes
1167 1738 1204 1774 in
1225 1751 1291 1788 op-

176 1785 341 1835 positum
373 1785 573 1837 scopulum
605 1789 803 1837 rz‘gorisrni
821 1788 1088 1836 incurramus,
1119 1792 1292 1828 concedi-

176 1851 263 1876 mus
286 1867 297 1885 ,
326 1837 535 1890 aliquando
564 1841 877 1877 inadvertentiam
896 1870 905 1888 ,
946 1855 1020 1878 non
1052 1855 1157 1879 secus
1186 1858 1229 1881 ac
1259 1845 1290 1880 i-

175 1893 416 1941 gnorantiam
434 1922 444 1939 ,
487 1893 769 1930 antecedentem
801 1907 878 1930 esse
907 1893 940 1928 8<
970 1894 1264 1934 involuntariam
1282 1928 1293 1946 ,

175 1957 265 1994 quae
297 1957 436 1996 nempe
479 1958 523 1982 ex
553 1953 678 1982 nostra
721 1945 943 1996 negligentia
985 1961 1058 1984 non
1097 1951 1293 1999 procedit.

175 1995 364 2034 Praeclare
394 2010 462 2049 pro
493 2009 598 2036 more
626 2010 692 2035 suo
715 1998 946 2049 Angelicus:
976 1999 1041 2037 Eo
1057 2001 1205 2047 moilo;
1234 2004 1294 2040 in-

174 2053 258 2101 quit
294 2063 325 2088 ι.
359 2063 395 2088 ¹2.
425 2065 491 2102 qu.
523 2050 561 2088 6.
591 2060 661 2088 art.
686 2051 731 2089 ’5.
759 2052 806 2088 ad
829 2052 889 2100 5.,
919 2057 1129 2103 requiritur
1157 2055 1213 2093 ad
1232 2069 1294 2093 νο-

175 2104 394 2141 luntarium
425 2113 539 2141 actus
569 2108 802 2156 cognitionis
825 2136 835 2153 ,
877 2109 976 2142 sicut
1005 2107 1054 2146 (9⁶
1084 2117 1200 2146 actus
1229 2123 1290 2147 ro-

174 2157 358 2205 luntatis,
389 2166 430 2194 ut
459 2158 607 2195 scilicet
634 2161 684 2195 sit
703 2162 745 2195 in
772 2168 966 2207 potestate
994 2161 1165 2208 alicujus
1193 2176 1288 2200 con·

174 2209 353 2248 siler-are
370 2241 380 2259 ,
409 2211 459 2252 <J
488 2212 582 2249 velle
599 2242 609 2259 ,
639 2212 687 2251 Εἴ)
708 2225 858 2264 agere,
888 2214 937 2253 <9⁴
959 2223 1052 2251 tunc
1079 2209 1178 2252 ἐῖσαι
1208 2229 1288 2254 non

175 2264 296 2311 celle,
325 2265 374 2304 Θ·
403 2277 482 2301 non
513 2277 656 2316 agere,
686 2279 774 2302 cum
797 2275 950 2316 ternpus
966 2267 1124 2318 fuerit,
1155 2279 1290 2307 estro-

177 2316 395 2353 [amariam
413 2346 422 2363 ,
453 2320 511 2354 ita
541 2322 663 2354 etiam
681 2332 762 2355 non
778 2320 1032 2359 considerare
1052 2349 1062 2359 .
1093 2322 1289 2369 Quemad-

174 2370 332 2408 modum
362 2371 475 2421 igitur
503 2371 713 2421 ignorantia
748 2374 994 2422 antecedens,
1039 2377 1090 2413 ita
1119 2375 1151 2411 ὃ(
1182 2377 1288 2414 inad-

176 2425 358 2461 vertentia
388 2424 606 2461 antecedens
627 2439 648 2461 a
670 2435 823 2475 peccato
851 2437 1029 2466 excusat.
1060 2428 1143 2467 Non
1175 2444 1288 2468 excu-

175 2486 229 2514 sat
257 2485 384 2514 autem
407 2506 417 2524 ,
447 2478 600 2528 qnando
628 2479 748 2539 0?th
777 2477 837 2515 vel
867 2494 911 2517 ex
942 2482 1167 2534 negligentia
1187 2513 1196 2530 ,
1227 2483 1287 2521 vel

175 2543 222 2567 ex
249 2528 382 2582 aliqua
411 2531 609 2581 passione,
639 2542 701 2568 aut
731 2532 944 2571 inordinata
973 2537 1091 2573 animi
1122 2535 1289 2574 affectio-

173 2597 251 2630 ne,
280 2591 343 2620 aut
363 2596 407 2620 ex
438 2586 622 2635 perversis
651 2583 869 2633 habitibus,
899 2586 931 2622 ἃ
953 2590 1288 2628 consuetudinibus

176 2636 424 2684 voluntariis,
453 2646 517 2674 aut
546 2651 590 2674 ex
613 2639 749 2676 mentis
778 2641 1022 2690 evagatione,
1052 2644 1287 2681 antdemum

176 2701 220 2725 ez(
249 2703 494 2742 quacumque
529 2689 605 2728 alia
648 2691 837 2744 culpabili
880 2707 1012 2730 causa.
1057 2694 1139 2732 l'rae
1170 2696 1291 2734 oculis

176 2754 324 2793 semper
355 2742 573 2781 habendum
596 2754 646 2782 est
666 2744 763 2783 illud
785 2746 826 2784 S.
848 2745 1011 2784 Thomae
1032 2750 1291 2801 principium:

179 2792 415 2844 Ignorantia
443 2810 532 2847 quoe
568 2808 761 2836 causatur
787 2812 841 2837 ex
869 2800 1013 2850 culpa,
1055 2814 1135 2839 non
1163 2812 1289 2852 potest

178 2846 473 2898 subsequentem
502 2851 659 2900 culpam
689 2866 887 2891 excusare
908 2880 920 2891 .

232 2899 298 2944 40.
328 2902 472 2951 Objicit
507 2909 635 2953 primo
663 2906 848 2946 Claudius
888 2907 926 2945 la
954 2908 1067 2945 Croix
1099 2908 1161 2960 (a)
1193 2911 1288 2960 spis-

179 2965 258 2990 sam
282 2953 394 2990 veluti
417 2956 557 2994 nubem
579 2958 817 3012 Scriptorum
848 2969 923 2998 tam
946 2970 1140 3010 veterum,
1171 2978 1288 3014 quam

179 3007 453 3054 recentiorum,
483 3024 574 3059 quos
603 3025 735 3052 omnes
764 3028 832 3065 pro
852 3023 953 3052 certo
967 3014 1142 3053 habuisse
1171 3017 1287 3066 dicit,

179 3059 224 3096 ad
255 3068 452 3110 peccatum
483 3068 709 3118 praerequiri
738 3067 910 3121 aliquam
940 3069 1208 3108 advertentiam
1239 3072 1287 3109 ad

231 3243 278 3277 (aX
311 3238 388 3274 Lib.
408 3241 452 3274 V·
476 3244 520 3276 de
544 3250 696 3285 peccatis
723 3263 816 3284 num.
840 3253 891 3287 if).
912 3276 922 3294 ‚
964 3255 1018 3289 cui
1056 3265 1220 3292 consonat
1247 3257 1290 3291 li-

181 3285 349 3338 laea-,anm
375 3288 474 3322 1583.
501 3289 565 3322 sub
602 3294 737 3325 nomine
765 3298 874 3332 L‘trici
900 3302 1029 3336 Jonson
1072 3306 1255 3339 evul0‹itiis
1275 3327 1287 3346 ,

180 3331 325 3366 tidenter
351 3345 507 3368 asserens
523 3359 534 3378 ,
575 3348 692 3370 omnes
719 3340 918 3389 Theologo,
958 3351 1077 3392 paucis
1101 3332 1255 3395 exeveptis
1273 3373 1285 3391 ,

1373 190 1497 242 legem
1520 190 1591 229 Dei
1615 221 1625 240 ,
1656 193 1690 228 St
1719 195 1765 232 ad
1795 193 1985 234 malitiam
2013 192 2181 247 objecti,
2211 192 2310 232 unde
2337 193 2487 234 subdit}

1373 246 1432 280 ita
1461 242 1604 281 docent
1631 252 1960 288 communissime
1981 276 1991 287 .
2394 289 2397 291 .

1428 295 1493 341 41.
1524 295 1636 349 Resp.
1664 298 1706 336 Si
1735 300 1915 339 duntaxat
1941 303 2144 350 doceatur,
2182 301 2412 353 praerequiri
2440 300 2488 339 ad

1374 359 1574 400 peccatum
1603 350 1775 403 aliquam
1792 354 2066 393 advertentiam
2087 355 2218 394 saltem
2236 355 2459 392 indirectam
2478 382 2490 400 ,

1372 403 1603 451 virtualem,
1641 403 1676 440 St
1705 406 2029 457 interpretativam
2051 438 2062 456 ‚
2105 421 2194 460 quae
2225 409 2262 445 in
2292 409 2338 445 iis
2365 406 2491 444 omni·

1372 454 1443 493 bus
1459 459 1644 508 reperitur
1660 487 1671 504 ,
1701 460 1767 510 qui
1797 472 1841 496 ex
1863 462 2017 512 propria
2037 461 2151 512 culpa
2167 491 2178 509 ,
2208 460 2491 512 &negligentia

1373 522 1449 546 non
1480 511 1701 558 attendunt,
1740 513 1871 564 utique
1901 514 2056 552 concedi
2087 524 2232 565 potest,
2275 516 2326 551 ita
2354 516 2490 551 docere

1372 575 1512 600 onmes
1543 568 1897 602 comnzunisslme.
1928 568 1975 603 At
2005 579 2093 604 vero
2121 571 2150 605 si
2181 569 2330 605 dicatur
2348 597 2359 615 ,
2389 580 2492 618 prae-

1371 617 1516 668 requiri
1547 631 1696 669 semper
1737 617 1909 670 aliquam
1953 619 2141 657 actualem
2185 621 2487 667 advertentiam,

1370 670 1695 721 quemadmodum
1740 680 1867 724 postea
1903 685 1940 707 se
1969 672 2070 709 clare
2111 672 2276 723 explicat
2306 673 2490 712 La-Croi-

1370 725 1482 771 xius,
1514 724 1551 761 id
1580 723 1749 761 absolute
1778 738 1986 775 negamus.
2029 724 2078 762 Et
2105 733 2251 763 certum
2280 735 2354 774 est,
2386 725 2487 764 mul-

1370 784 1422 813 tos
1450 779 1604 814 omnino
1634 778 1795 826 invitos,
1825 779 1858 814 δε
1889 786 2138 829 repugnantes
2165 790 2241 815 esse
2271 778 2320 815 ab
2349 780 2484 817 adver-

1369 830 1468 866 sario
1497 844 1564 882 pro
1585 845 1651 869 sua
1670 832 1849 882 opinione
1870 833 2000 869 citatos
2017 861 2028 879 ,
2057 831 2120 868 cui
2142 831 2376 881 apertissime
2395 846 2484 870 con-

1369 883 1586 922 tradicunt.
1629 884 1864 937 Exemplum
1896 886 1942 921 sit
1974 886 2010 921 in
2040 884 2080 922 S.
2111 883 2290 932 Thomu,
2334 884 2368 920 8(
2397 884 2486 936 Syl-

1369 938 1431 973 vio
1454 967 1463 984 ,
1493 938 1559 989 qui
1592 938 1687 976 inter
1717 938 1810 975 alios
1839 951 1915 975 suae
1947 938 2137 975 sententiae
2169 947 2339 987 patronos
2368 952 2390 973 a
2409 938 2488 975 La-

1368 989 1521 1028 Croixio
1551 1001 1798 1029 numerantur
1817 1022 1826 1039 ,
1864 992 1898 1026 8<
1929 1000 2054 1028 tamen
2085 992 2124 1028 S.
2155 990 2319 1028 Thomae
2349 991 2485 1028 doctri·

1368 1056 1454 1081 nain
1484 1043 1562 1095 jain
1595 1045 1760 1083 vidimus
1782 1075 1791 1093 ,
1823 1044 1997 1082 &adhuc
2019 1044 2156 1082 clarius
2186 1044 2485 1094 perspiciemus.

1365 1096 1523 1148 Sylvius
1552 1108 1704 1146 autem,
1750 1098 1959 1151 praeclarus
1996 1097 2062 1135 ille
2092 1099 2132 1136 S.
2164 1097 2328 1134 Thomae
2371 1099 2487 1135 inter-

1366 1163 1452 1201 pres
1469 1181 1478 1198 ‚
1511 1152 1719 1204 perspicuis
1735 1182 1746 1200 ,
1775 1154 2042 1204 conceptisque
2063 1150 2188 1189 verbis
2208 1151 2318 1189 statui
2337 1180 2346 1198 ,
2378 1150 2488 1188 inad-

1367 1205 1590 1242 vertentiam
1621 1219 1700 1243 esse
1728 1204 1994 1257 culpabilem,
2036 1218 2128 1242 cum
2172 1216 2239 1256 per
2282 1205 2488 1255 negligen-

1366 1260 1466 1294 tiam
1484 1287 1494 1305 ,
1524 1271 1592 1295 seu
1623 1259 1784 1308 culpam
1813 1259 2031 1307 acciderit,
2060 1258 2161 1309 quod
2190 1258 2300 1295 nulla
2317 1262 2352 1295 ei
2380 1259 2486 1309 cogi·

1366 1314 1464 1348 tatio
1496 1310 1725 1358 ‹niveum-it,
1759 1313 1803 1349 in-
1831 1325 1864 1348 1.
1898 1325 1933 1349 2.
1964 1325 2030 1362 qu.
2063 1311 2126 1361 76.
2156 1321 2226 1348 art.
2258 1312 2295 1349 5.

1419 1365 1484 1408 42.
1515 1363 1598 1401 Non
1627 1366 1803 1416 equidem
1837 1364 1986 1402 inficias
2015 1366 2119 1402 ivero
2139 1393 2149 1410 ,
2180 1362 2381 1415 plerosque
2398 1362 2487 1400 Pro-

1362 1415 1560 1454 babilistas
1589 1419 1623 1455 ei
1652 1418 1823 1469 opinioni
1870 1419 2023 1465 favere,
2072 1417 2134 1455 sed
2167 1418 2211 1454 iis
2251 1417 2485 1468 opponimus

1363 1471 1557 1522 imprimis
1577 1470 1794 1523 Scripturas
1811 1501 1821 1519 ,
1851 1471 1885 1507 ἃ
1902 1470 2027 1508 Patres
2044 1501 2053 1519 ,
2084 1486 2106 1507 a
2135 1470 2277 1522 quibus
2306 1482 2396 1506 cum
2418 1468 2484 1505 do-

1361 1534 1492 1571 cetur,
1525 1523 1692 1563 homines
1723 1538 1767 1562 ex
1797 1526 2005 1575 ignorantia
2037 1537 2219 1576 peccare,
2249 1535 2484 1575 consequen-

1362 1585 1416 1613 ter
1444 1577 1598 1614 docetur
1620 1607 1630 1625 ,
1680 1591 1740 1615 eos
1769 1580 1885 1615 etiam
1924 1580 2003 1616 sine
2032 1577 2263 1615 advertentia
2294 1589 2454 1628 peccare
2474 1600 2487 1614 ·

1364 1630 1606 1681 Opponimus
1634 1629 1674 1668 S.
1706 1630 1897 1669 Thomam
1916 1660 1926 1678 ,
1956 1631 2022 1682 qui
2055 1644 2184 1682 saepe,
2229 1628 2262 1664 8<
2292 1631 2372 1667 sine
2404 1627 2487 1666 ulla

1364 1695 1517 1733 prorsus
1536 1682 1766 1721 obscuritate
1788 1682 1985 1721 hominem
2017 1697 2177 1735 peccare
2197 1683 2303 1720 docet
2326 1713 2336 1730 ,
2367 1683 2484 1720 etiam

1360 1748 1451 1772 cum
1493 1744 1577 1773 actu
1609 1749 1682 1773 non
1725 1738 1936 1775 considerat
1974 1736 2094 1788 legem
2114 1766 2124 1782 ,
2172 1734 2233 1774 vel
2263 1736 2308 1772 de
2337 1749 2381 1772 ea
2410 1748 2486 1772 non

1360 1790 1520 1838 cogitat.
1559 1790 1801 1840 Oppouiinus
1833 1790 2044 1827 Ecclesiam
2075 1788 2319 1827 Gallicanam
2344 1819 2354 1836 ,
2384 1788 2484 1825 Uni-

1360 1843 1552 1880 versitates
1583 1842 1792 1880 Parisinam
1811 1874 1822 1890 ,
1866 1843 1899 1878 ὅ(
1929 1844 2235 1890 Lovaniensem,
2279 1851 2392 1894 atque
2426 1842 2484 1879 in-

1363 1902 1506 1944 tegram
1536 1904 1725 1933 catervam
1765 1898 1958 1934 saniorum
1988 1897 2226 1948 Scriptorum
2245 1925 2255 1943 ,
2298 1907 2390 1946 quos
2422 1907 2482 1931 re-

1362 1957 1509 1985 censent
1538 1947 1852 1987 Salmanticenses
1882 1949 2105 1988 Scholastici
2137 1948 2341 1987 TomolV.
2373 1956 2482 1985 tract.

1369 1999 1429 2038 15.
1460 2002 1558 2052 disp.
1590 2003 1625 2039 5.
1656 2003 1749 2041 dub.
1785 2003 1822 2041 6.
1853 2003 1975 2056 §.1·,
2018 2003 2052 2039 ἃ
2082 2002 2176 2040 alios
2205 2015 2279 2040 non
2309 2014 2451 2052 paucos
2469 2022 2485 2049 ,⁷

1360 2066 1456 2104 quos
1487 2052 1526 2091 P.
1547 2056 1718 2094 Concina
1748 2057 1838 2095 Lib.
1862 2058 1910 2095 ll.
1941 2056 2004 2094 De
2032 2059 2279 2094 conscientia
2310 2055 2410 2092 Diss.
2443 2067 2481 2092 2.

1360 2119 1446 2158 cap.
1475 2107 1514 2152 4.
1546 2106 1582 2154 Q.
1620 2123 1679 2147 ιο.
1708 2124 1749 2147 n.
1783 2112 1845 2149 51.
1876 2111 1985 2160 longo
2013 2111 2146 2147 ordine
2176 2117 2382 2146 numerat.

1416 2159 1480 2204 43.
1512 2161 1586 2199 Ob.
1617 2163 1809 2200 secundo.
1839 2164 1879 2200 S.
1911 2163 2079 2199 Thomas
2111 2175 2147 2200 a.
2171 2176 2207 2199 2.
2229 2176 2294 2214 qu.
2313 2159 2378 2213 98.
2409 2168 2480 2200 art·

1363 2212 1400 2251 5.
1431 2214 1478 2250 ad
1511 2227 1547 2252 2.
1578 2216 1726 2267 inquit:
1773 2247 1797 2264 „
1819 2217 1897 2262 Qui
1927 2230 1972 2252 ex
2017 2215 2125 2267 lapsu
2155 2215 2299 2267 linguae
2338 2214 2480 2252 falsum

1361 2296 1388 2314 „
1419 2266 1548 2317 jurat,
1578 2269 1608 2305 si
1637 2270 1794 2321 quidem
1823 2270 1994 2308 advertat
2023 2282 2060 2306 se
2088 2267 2243 2319 jurare,
2274 2268 2307 2305 &
2337 2267 2479 2306 falsum

1362 2348 1387 2368 „
1417 2334 1521 2369 esse,
1551 2323 1651 2373 quod
1674 2322 1799 2373 jurat,
1831 2337 1901 2361 non
1922 2333 2121 2360 excusatur
2149 2337 2171 2360 a
2192 2330 2346 2375 peccato
2374 2333 2477 2358 mor-

1361 2402 1387 2421 „
1419 2374 1512 2422 tali,
1542 2378 1637 2413 sicut
1667 2390 1736 2414 nec
1767 2392 1787 2413 a
1819 2377 1891 2414 Dei
1921 2385 2168 2427 contemptu3
2197 2378 2226 2414 si
2257 2386 2384 2413 autem
2405 2374 2478 2412 hoe

1357 2453 1382 2474 ‚,
1414 2441 1486 2466 non
1517 2429 1712 2476 advertat,
1758 2444 1827 2467 non
1861 2431 2008 2468 videtur
2039 2429 2178 2467 habere
2223 2430 2475 2467 intentionem

1357 2509 1383 2528 „
1413 2479 1594 2531 jurandi,
1625 2482 1659 2519 St
1689 2483 1773 2520 ideo
1794 2499 1813 2521 a
1835 2484 1996 2521 crimine
2019 2481 2178 2534 perjurii
2201 2490 2399 2520 excusatur
2419 2483 2444 2501 “
2463 2505 2476 2518 ο

1412 2534 1476 2580 44.
1509 2534 1620 2587 Resp.
1643 2567 1653 2583 ,
1684 2537 2020 2583 inaduertentiam,
2050 2537 2096 2572 de
2127 2549 2203 2587 qua
2232 2535 2272 2572 S.
2304 2534 2476 2571 Thomas

1357 2585 1554 2639 loquitur,
1598 2598 1764 2642 spectare
1794 2591 1914 2627 solum
1945 2599 2069 2627 actum
2093 2618 2104 2636 ,
2147 2603 2210 2625 seu
2242 2601 2383 2639 purum
2418 2587 2473 2624 fa-

1358 2651 1485 2688 ctum,
1517 2641 1547 2676 8<
1577 2644 1738 2694 supponi
1768 2645 1919 2680 omnino
1948 2641 2275 2687 involuntariam,
2306 2641 2477 2692 loquitur

1360 2695 1463 2731 enim
1493 2696 1538 2732 de
1568 2708 1612 2732 eo
1633 2726 1643 2743 ,
1674 2697 1740 2750 qui
1771 2709 1824 2734 ex
1852 2697 1966 2744 lapsu
1996 2695 2142 2747 linguae
2173 2695 2312 2733 falsum
2343 2693 2476 2745 jurat,

1360 2747 1394 2783 8<
1423 2761 1499 2785 non
1537 2749 1696 2787 advertit
1739 2764 1776 2788 se
1806 2750 1959 2801 jurare,
2003 2762 2142 2800 nempe
2172 2749 2322 2801 quando
2353 2760 2475 2784 unum

1359 2800 1523 2840 verbum
1555 2802 1636 2840 loco
1665 2802 1817 2841 alterius
1846 2816 1889 2839 ex
1919 2815 1982 2840 ore
2013 2803 2138 2854 prodit
2174 2802 2476 2840 incomiderate.

1357 2854 1473 2892 Secus
1503 2865 1628 2893 autem
1659 2865 1709 2892 est
1738 2857 1941 2893 dicendum
1971 2856 2018 2893 de
2047 2870 2117 2903 eo,
2160 2858 2226 2908 qui
2259 2855 2474 2892 voluntarie

1355 2907 1532 2959 pejerat,
1562 2908 1660 2945 nihil
1690 2909 1736 2944 de
1764 2909 1905 2947 offensa
1928 2909 2028 2956 Dei,
2059 2909 2091 2946 St
2121 2910 2168 2946 de
2199 2909 2359 2961 perjurii
2392 2920 2472 2943 ma-

1355 2961 1438 2999 litia
1467 2963 1658 3012 cogitans:
1698 2961 1805 2998 Unde
1834 2963 1874 3001 S.
1906 2962 2074 3001 Thomas
2104 2963 2198 3000 alibi
2232 2962 2355 3014 inquit
2385 2963 2398 3008 (
2437 2971 2471 2996 1.

1358 3027 1395 3052 2.
1426 3027 1492 3066 qu.
1517 3013 1579 3064 76.
1610 3022 1681 3051 art.
1709 3028 1742 3052 ι.
1771 3016 1816 3053 ad
1837 3015 1931 3063 5.):
1954 3046 1979 3064 „
2010 3018 2050 3054 Si
2080 3016 2227 3068 aliquid
2258 3025 2307 3052 est
2339 3026 2471 3050 secun·

1355 3095 1382 3116 „
1411 3068 1503 3105 dum
1533 3065 1682 3119 aliquid
1712 3078 1839 3108 notum
1858 3099 1869 3119 ,
1899 3069 1931 3106 8<
1961 3071 2169 3109 secundum
2198 3067 2342 3118 aliquid
2367 3069 2469 3117 igno-

2250 3151 2277 3171 „
2307 3130 2386 3159 tun]
2404 3151 2416 3170 ,

1356 3257 1508 3295 docere,
1534 3255 1594 3288 Act
1616 3255 1822 3298 peccandum
1838 3255 2040 3300 formaliter
2064 3253 2192 3296 requiri
2219 3254 2376 3285 notitiam
2400 3263 2472 3286 rna—

1355 3307 1441 3339 litiae
1459 3323 1470 3335 ·
