2562 3694
241 125 297 174 44
780 119 861 165 DE
895 122 1032 168 ACT.
1067 120 1222 169 HUM.

233 197 297 236 53.
327 196 468 236 Dices.
515 196 662 242 Eodem
691 199 805 241 modo
833 210 886 239 est
927 203 1140 240 necessaria
1170 201 1301 239 adver-

180 251 295 289 tentia
324 250 371 288 ad
400 249 591 294 malitiam
620 254 771 304 operis,
801 267 877 305 quo
907 264 957 293 est
973 253 1243 304 necessariajad
1262 266 1301 289 o-

180 316 249 353 pus
270 304 420 354 ipsum,
449 318 513 343 seu
530 306 578 343 ad
597 314 752 353 actum3
781 309 886 360 atqui
915 307 1074 346 actualis
1102 308 1300 346 adverten-

178 356 232 393 tia
259 356 307 394 ad
335 369 430 409 opus
459 367 511 400 est
537 360 696 401 omniuo
715 362 950 412 necessaria,
981 370 1020 401 ut
1040 373 1134 415 opus
1161 361 1207 398 sit
1236 371 1301 398 vo·-

182 408 424 450 luntarium:
453 424 542 463 ergo
570 412 642 453 &c.
858 426 869 448 ¹

237 462 302 512 54.
333 462 444 517 Resp.
475 465 572 518 Neg.
601 465 696 518 maj.
715 497 725 516 ,
755 467 807 505 Ut
822 468 924 506 enim
946 473 1049 504 actus
1069 465 1117 503 sit
1146 465 1301 516 proprie

179 515 399 565 humanus,
446 518 557 559 debet
587 520 676 559 elici
705 534 793 558 cum
823 519 1033 570 cognitione
1051 546 1061 564 ,
1106 516 1203 555 alias
1232 520 1304 558 erit

176 571 304 622 vpotius
333 580 436 610 actus
466 573 630 611 hominis
659 575 674 623 (
706 574 783 612 vid.
813 586 898 624 sup.
928 571 1036 609 initio
1058 568 1226 611 Tractat.
1257 586 1295 613 n.

186 636 220 665 1·
251 624 297 673 )‚
345 639 461 678 quain
492 635 595 664 actus
637 625 854 674 humanus,
905 623 1002 661 unde
1031 625 1196 662 actiones
1226 638 1295 665 usu

179 678 333 717 rationis
362 680 574 716 carentium
592 709 601 726 ‚
632 692 753 729 neque
782 675 914 725 laudi,
943 691 1069 729 neque
1089 678 1183 717 vitio
1210 692 1295 717 ver-

177 739 337 771 tuntur.
375 732 448 774 Sed
478 731 623 770 etiamsi
652 744 725 769 non
757 729 944 770 habeatur
973 730 1132 769 actualis
1161 731 1296 771 adver-

175 786 321 833 tentia,
351 797 416 823 seu
445 784 693 822 consideratio
722 784 882 822 malitiae
901 814 912 831 ,
942 783 1068 823 adhuc
1097 793 1226 825 tamen
1254 801 1295 825 a·

174 847 255 875 ctus
283 840 351 876 erit
381 836 569 877 humanus
587 866 598 884 ‚
627 836 661 873 8t
690 837 998 890 vituperatione,
1027 852 1071 876 ac
1102 852 1218 890 poena
1237 839 1296 877 di-

173 904 268 943 gnus
286 920 296 936 ,
327 892 353 926 si
385 889 654 928 inadvertentia
683 890 728 931 sit
757 890 891 930 saltem
922 892 1131 940 indirecte,
1163 891 1195 927 ἃ
1217 894 1295 931 vir·

177 943 329 979 tualiter
358 943 577 981 voluntaria
593 969 604 984 .
634 944 900 994 Quamobrem
921 945 962 983 S.
985 946 1216 996 Augustinus
1237 947 1295 984 in-

174 998 256 1048 quit
284 995 373 1039 Lib.
396 995 425 1033 I.
458 994 635 1034 Retract.
657 1012 743 1050 cap.
771 1000 857 1036 15.:
893 998 990 1049 Quis
1010 1002 1192 1037 nesciens
1205 1011 1295 1051 pec-

174 1052 330 1086 caric...
369 1052 462 1099 quia
494 1050 633 1098 voluit,
651 1049 778 1100 fecit,
809 1056 970 1091 etiamsi
999 1064 1081 1092 non
1109 1056 1202 1104 quia
1231 1066 1294 1090 tto-

173 1102 242 1142 ἰυὲιι
260 1131 270 1149 ,
300 1106 476 1152 peccavit
492 1133 503 1152 ‚
533 1108 717 1144 nesciens
736 1115 948 1155 peccatum
970 1119 1057 1144 esse
1074 1136 1086 1154 ,
1118 1105 1294 1158 quodfe-

172 1159 251 1195 ct't.
298 1155 364 1198 Im.
393 1168 466 1194 nec
495 1157 577 1195 tale
606 1168 818 1208 peccatum
848 1164 932 1197 sine
963 1160 1163 1199 voluntate
1208 1173 1295 1200 esse

171 1211 294 1260 potuit
309 1239 319 1257 ‚
349 1209 419 1252 sed
434 1210 748 1262 roluntczteflzccz'
764 1242 775 1260 ‚
804 1226 884 1251 non
902 1213 1101 1251 voluntate
1115 1217 1295 1264 peccati.

229 1263 292 1305 55.
323 1263 416 1314 Obj.
447 1263 517 1305 ult.
545 1266 704 1303 Certum
748 1274 826 1314 est,
877 1267 1190 1306 inadvertentiam
1220 1267 1296 1305 sal-

172 1325 247 1358 tem
278 1316 452 1354 minuere
482 1320 668 1359 rationem
689 1318 917 1367 voluntarii,
949 1334 994 1357 ac
1023 1330 1295 1372 consequenter

173 1369 398 1420 gravitatem
429 1373 599 1427 peccati:
646 1370 717 1410 hoc
746 1381 872 1410 autem
905 1374 1023 1424 posito
1064 1374 1118 1411 sic
1147 1373 1296 1424 colligi-

172 1432 257 1463 tur:
304 1435 381 1474 quo
404 1434 534 1474 'major
577 1433 629 1461 est
659 1425 959 1474 inadvertentia,
1009 1438 1052 1462 eo
1088 1427 1213 1464 levius
1243 1436 1295 1463 est
1322 1432 1327 1435 '

176 1485 397 1527 peccatum:
447 1489 534 1527 ergo
565 1478 631 1515 ubi
674 1476 784 1517 nulla
824 1480 895 1517 erit
931 1479 1190 1529 advertentia,
1240 1480 1298 1521 ibi

171 1542 324 1582 quoque
353 1529 509 1568 nullum
540 1532 609 1568 erit
639 1541 839 1581 peccatum
857 1559 867 1570 .
897 1533 1011 1572 Cons.
1034 1532 1145 1584 prob.
1164 1564 1174 1581 ,
1204 1535 1297 1588 quia

170 1591 212 1619 ut
234 1581 438 1622 Dialectici
461 1583 597 1634 ajunt,
626 1585 722 1622 sicut
752 1599 789 1623 se
818 1586 932 1624 habet
962 1587 1169 1626 secundum
1199 1587 1296 1640 quid

171 1635 218 1677 ad
246 1637 452 1676 secundum
473 1638 594 1690 quid,
623 1639 676 1674 ita
705 1639 933 1690 simpliciter
961 1640 1009 1677 ad
1039 1639 1295 1691 simpliciter,

171 1689 342 1740 adeoque
371 1690 400 1726 si
430 1689 624 1727 diminuta
652 1691 883 1729 advertentia
897 1693 1129 1731 diminuitur
1159 1705 1294 1744 pecca-

172 1751 251 1780 tum
270 1771 281 1788 ,
311 1756 355 1780 ea
383 1742 533 1793 penitus
561 1742 738 1790 sublata,
770 1746 919 1794 penitus
949 1746 1064 1782 etiam
1095 1744 1164 1784 &m

230 1794 292 1832 56.
325 1794 437 1848 Resp.
467 1795 554 1834 dist.
583 1808 687 1833 cons.
716 1796 796 1835 Ubi
826 1796 932 1836 nulla
951 1798 1111 1835 omnino
1140 1799 1211 1835 erit
1230 1797 1296 1836 ad-

174 1849 387 1895 vertentia‚
417 1862 540 1899 neque
559 1849 746 1897 actualis,
777 1864 898 1904 neque
928 1849 1131 1897 virtualis,
1162 1864 1292 1899 conc.,

172 1903 202 1939 si
234 1914 306 1938 non
335 1903 381 1941 sit
409 1901 565 1952 quidem
595 1902 754 1941 actualis
784 1905 1021 1941 advertentia
1043 1933 1053 1951 ‚
1092 1905 1136 1941 sit
1167 1912 1294 1944 tamen

172 1954 348 1997 virtualis
366 1983 376 2001 ,
408 1953 441 1989 ἃ
462 1955 743 2004 interpretativa
760 1985 770 2003 ,
801 1957 841 1993 in
872 1969 916 1992 eo
944 1970 1081 2007 nempe
1098 1986 1108 2004 ‚
1138 1959 1206 2007 qui
1227 1958 1294 1995 ad-

170 2015 318 2047 vertere
347 2015 517 2057 poterat,
547 2007 582 2046 &
609 2007 799 2058 debebat,
830 2022 924 2061 nego
945 2036 955 2050 0
996 2009 1197 2061 Responsio
1225 2025 1294 2063 pa-

171 2067 223 2103 tet
253 2073 297 2101 ex
326 2061 434 2101 dictis
464 2059 527 2115 (a)
545 2086 556 2100 0

594 2168 766 2208 CAPUT
804 2170 871 2210 III.

217 2274 284 2315 An
313 2274 435 2314 Actus
464 2283 655 2312 externus
683 2275 900 2317 bonitatem
919 2307 930 2325 ,
960 2277 1017 2314 rel
1045 2277 1253 2318 malitiam

458 2337 571 2366 actus
600 2332 797 2368 interioris
826 2330 1018 2382 augeat?

234 2411 552 2484 57.Externam
580 2436 705 2486 operis
724 2438 988 2477 executionem
1018 2438 1059 2479 in
1089 2446 1219 2490 agente
1249 2437 1295 2476 li-

174 2486 268 2525 bero
294 2501 445 2540 semper
487 2489 671 2541 pra-,cedit
699 2490 846 2529 interna
888 2490 1060 2541 ejusdem
1108 2493 1265 2532 intentio
1287 2518 1298 2532 ι

176 2540 347 2587 Quaestio
375 2544 491 2593 igitur
520 2543 731 2590 excitatur,
778 2558 826 2582 an
857 2547 1018 2585 exterior
1058 2548 1185 2601 operis
1213 2559 1299 2583 exe-

170 2596 278 2633 cutio
305 2593 480 2647 aliquam
509 2595 623 2636 addat
650 2598 752 2635 actui
780 2598 929 2636 interno
957 2598 1196 2639 essentialem
1218 2613 1298 2638 mo-

176 2646 335 2687 ralitatis
363 2651 528 2700 speciem
546 2679 557 2696 ,
605 2663 670 2686 seu
699 2650 905 2691 honitatem
924 2681 934 2699 ‚
983 2652 1043 2689 vel
1074 2653 1263 2692 malitiam
1285 2679 1297 2691 .

177 2700 380 2741 Affirmant
410 2702 512 2742 Scoti
542 2702 763 2755 Discipuli,
801 2713 936 2756 negant
965 2704 1177 2746 Thomistae
1206 2720 1296 2747 cum

179 2755 317 2805 potiori
347 2755 630 2808 'Pheologorum
660 2766 762 2796 coetu
780 2784 791 2797 .

238 2806 300 2844 58.
319 2808 567 2866 ,Ξειμροηίωτ
586 2819 713 2849 autem
732 2841 742 2858 ,
773 2820 901 2851 actum
923 2820 1122 2851 externum
1143 2826 1218 2853 non
1239 2827 1295 2851 es-

180 2871 246 2904 se,
289 2862 360 2898 insi
390 2877 535 2902 meram
565 2872 671 2905 actus
701 2865 842 2905 interni
873 2868 1130 2917 executionem
1148 2897 1159 2915 ,
1207 2867 1294 2905 nul-

178 2909 335 2971 lamque
364 2918 572 2956 executioni
603 2926 769 2956 externae
798 2918 884 2958 fieri
912 2918 1184 2959 accidentalem
1214 2935 1296 2959 mo-

181 2963 340 3004 ralitatis
369 2971 648 3020 accessionem,
685 2980 727 3012 ut
754 2968 937 3025 contingit
965 2974 1005 3014 iu
1033 2973 1296 3016 sacramento*

234 3109 357 3160 (atDe
383 3109 449 3142 hac
485 3114 672 3151 questione
704 3126 832 3162 praeter
868 3119 994 3152 citatos
1028 3119 1295 3162 I’Herrninier‚

185 3156 401 3195 Concinam,
427 3158 458 3186 ὃς
485 3156 638 3209 'If-‘rmum
652 3164 847 3204 Confines,
873 3164 983 3197 videri
1009 3175 1121 3209 potest
1146 3162 1298 3212 opuscnss

186 3202 262 3235 lum
287 3201 516 3234 1‘.-N0rheru
543 3203 737 3251 Delbecqne
763 3211 983 3245 Dotninicani
1001 3212 1054 3244 De
1079 3214 1296 3249 adver-tentia

184 3249 234 3285 'ad
255 3257 426 3291 peccatum
454 3253 648 3282 necessaria
675 3254 707 3284 in
734 3256 766 3287 8.
795 3256 909 3289 Lemlii
940 3258 1042 3300 1696.
1070 3267 1145 3295 tum
1166 3260 1200 3295 Ρ,
1227 3260 1301 3293 Na·-

185 3293 490 3332 talis,Alexan(lcr
515 3292 634 3327 leeol.
663 3296 782 3340 Dognt.
822 3308 862 3334 ey*
888 3306 1004 3338 moral.
1042 3305 1120 3338 Lib.
1150 3307 1207 3339 [ll.
1233 3307 1303 3342 Re-

186 3340 269 3387 gula
295 3340 381 3386 750,
415 3341 671 3379 Contensonius
697 3343 775 3378 Lib.
794 3346 855 3383 Vl.
882 3349 1023 3384 Dis503·
1050 3362 1124 3396 cap-
1145 3364 1173 3388 1·
1208 3363 1303 3397 spec.

1277 119 1545 167 DISSERT.
1579 123 1635 166 ΙΙ.
1683 125 1810 168 CAP.
1844 125 1898 170 11.

1364 214 1449 240 rum
1480 201 1737 251 susceptione,
1768 205 1807 241 in
1837 217 1913 258 qua
1940 203 2071 255 gratiae
2103 200 2254 241 collatio
2283 200 2445 242 liabetur
2465 233 2477 254 ,

1368 267 1457 306 quae
1489 267 1560 291 non
1591 253 1750 293 habetur
1778 256 1819 294 in
1865 256 1943 294 sola
1972 257 2192 294 earumdem
2229 257 2481 308 suscipiendo-

1368 321 1456 347 rum
1485 306 1702 355 voluntate;
1731 309 1771 348 in
1793 309 2036 361 indulgentiis
2058 310 2277 359 lucrandis,
2305 309 2340 347 &
2370 308 2485 363 hujus

1369 360 1517 413 generis
1545 358 1632 398 aliis
1650 386 1660 399 .

1426 415 1491 466 59.
1519 413 1560 451 S.
1592 412 1759 454 Thomas
1788 414 1840 454 ita
1867 417 2115 468 quaestionem
2144 415 2295 455 resolvit
2322 429 2355 454 1.
2378 429 2414 454 2.
2444 427 2485 468 q.

1373 480 1436 509 ρο.
1467 475 1536 505 art.
1558 466 1597 511 Α.
1646 496 1672 515 ‚,
1702 467 1743 506 Si
1773 467 1978 520 loquamur
2006 470 2051 506 de
2096 470 2261 508 bonitate
2291 470 2486 508 exterioris
2533 489 2538 491 ·

1372 552 1398 572 ,‚
1428 530 1561 567 actus,
1591 533 1708 573 quam
1740 519 1852 558 habet
1872 535 1915 560 ex
1932 522 2096 562 bonitate
2116 523 2231 572 finis,
2262 532 2350 561 tunc
2381 532 2485 562 actus

1365 606 1391 626 ‚‚
1422 574 1585 614 exterior
1615 572 1713 611 nihil
1744 575 1848 612 addit
1876 575 1924 614 ad
1951 575 2187 624 bonitatem,
2234 578 2307 615 nisi
2337 577 2485 614 contin-

1419 636 1480 680 gat
1510 627 1633 681 ipsam
1663 625 1899 666 voluntatem
1927 629 2137 667 secuudum
2167 629 2319 668 se'fieri
2349 627 2484 667 melio-

1423 695 1504 719 rem
1534 682 1572 718 in
1601 679 1738 728 bonis,
1770 679 1828 718 vel
1846 679 2016 733 pejorem
2046 681 2249 728 initialis,
2279 682 2380 734 quod
2400 681 2487 734 qui-

1422 736 1508 772 dem
1530 734 1681 772 videtur
1700 734 1916 784 contingere
1938 747 2042 785 posse
2059 733 2284 785 tripliciter:
2314 748 2385 772 uno
2406 747 2489 772 Πιο-

1421 789 1470 827 do
1498 787 1705 826 secundum
1736 800 1970 836 numerum,
2002 795 2092 838 puta
2122 800 2211 824 cum
2241 786 2382 840 aliquis
2403 786 2486 827 vult

1422 841 1572 895 aliquid
1593 841 1718 880 facere
1734 840 1833 879 bono
1864 840 1964 888 fine,
1995 839 2056 879 vel
2075 839 2177 880 malo
2194 869 2204 887 ,
2236 839 2270 877 8<
2291 849 2378 879 tunc
2399 842 2486 892 qui-

1421 896 1508 933 dem
1539 908 1615 933 non
1647 895 1765 941 facit,
1796 894 2038 946 postmodum
2071 902 2199 931 auten]
2230 892 2339 942 vult,
2369 891 2403 929 &
2433 894 2490 933 fa·

1420 951 1498 997 cit,
1528 947 1777 1000 duplicantur
1807 957 1910 985 actus
1940 946 2171 997 voluntatis,
2203 946 2236 983 8<
2266 948 2320 985 sic
2350 946 2392 985 fit
2420 947 2492 986 du-

1422 1001 1510 1055 plex
1540 1001 1684 1040 bonum
1703 1032 1713 1049 ,
1757 1000 1818 1039 vel
1848 999 1993 1051 duplex
2023 999 2171 1039 malum
2190 1025 2200 1037 .
2258 998 2349 1038 Alio
2379 1001 2491 1039 modo

1421 1065 1608 1108 quantum
1630 1055 1677 1093 ad
1708 1055 1961 1092 extensionem
1980 1084 1990 1102 ‚
2023 1063 2115 1107 puta
2131 1067 2220 1092 cum
2242 1051 2388 1107 aliquis
2410 1053 2492 1093 vult

1423 1111 1549 1146 facere
1578 1107 1725 1160 aliquid
1755 1107 1854 1146 bono
1883 1108 1988 1155 fine,
2019 1105 2080 1145 vel
2111 1106 2243 1155 malo,
2272 1106 2307 1143 ἃ
2337 1115 2491 1159 propter

1422 1162 1580 1214 aliquod
1601 1162 1919 1214 impedimentum
1936 1162 2104 1208 desistit,
2135 1160 2235 1199 alius
2251 1170 2378 1198 autem
2399 1174 2491 1199 con-

1422 1217 1544 1255 tinuat
1574 1224 1722 1254 motum
1753 1213 1979 1261 voluntatis,
2021 1226 2222 1266 quousque
2249 1226 2344 1266 opus
2374 1213 2490 1265 perfi-

1421 1270 1525 1316 ciat,
1557 1268 1804 1306 manifestum
1835 1275 1915 1314 est,
1945 1269 2046 1321 quod
2068 1265 2288 1317 hujusmodi
2318 1267 2495 1306 voluntas

1422 1332 1476 1359 est
1504 1322 1722 1360 diuturnior
1751 1321 1789 1357 iu
1810 1319 1940 1366 hono,
1972 1319 2032 1358 vel
2063 1319 2193 1366 malo,
2224 1319 2257 1354 8<
2278 1321 2494 1359 secundum

1423 1375 1492 1414 hoc
1523 1382 1574 1412 est
1604 1372 1712 1425 pej0r
1728 1402 1739 1419 ,
1770 1370 1830 1410 vel
1853 1371 1991 1410 melior
2008 1400 2017 1410 .
2052 1371 2182 1409 Tertio
2203 1372 2412 1410 secundum
2434 1374 2493 1412 in-

1423 1431 1659 1471 tensione1n3
1690 1435 1775 1464 sunt
1806 1426 1909 1464 enim
1941 1426 2099 1478 quidam
2129 1433 2235 1463 actus
2265 1426 2494 1475 exteriores,

1424 1483 1490 1535 qui
1523 1483 1750 1534 inquantum
1779 1489 1866 1518 sunt
1894 1478 2167 1528 delectabiles,
2215 1477 2275 1518 vel
2314 1480 2459 1530 poeuosi
2480 1508 2494 1527 ,

1423 1536 1502 1572 nati
1532 1543 1618 1573 sunt
1647 1533 1840 1571 intendere
1872 1532 2104 1572 voluntatem
2126 1562 2136 1580 ‚
2176 1532 2237 1570 vel
2268 1533 2458 1571 remittere
2479 1557 2492 1571 .

1422 1589 1572 1627 Constat
1603 1595 1728 1624 autem
1748 1616 1758 1633 ‚
1797 1585 1898 1638 quod
1927 1595 2070 1637 quanto
2100 1583 2273 1626 voluntas
2303 1586 2490 1624 intensius

1423 1641 1540 1679 tendit
1570 1641 1609 1678 in
1631 1639 1800 1689 bonum,
1831 1637 1891 1678 vel
1921 1638 2097 1689 malum,
2127 1646 2228 1678 tanto
2247 1645 2301 1677 est
2329 1637 2490 1688 melior,

1424 1693 1484 1732 vel
1515 1691 1623 1746 pejor
1643 1695 1669 1715 “
1687 1717 1699 1731 .

1418 1746 1484 1786 60.
1515 1776 1541 1794 ,,
1570 1746 1613 1786 Si
1641 1755 1767 1784 autem
1790 1744 1996 1797 loquamur
2024 1745 2070 1783 de
2099 1744 2265 1784 bonitate
2294 1753 2397 1783 actus
2418 1757 2483 1783 ex-

1421 1800 1595 1848 terioris,
1642 1813 1762 1855 quarn
1791 1797 1904 1838 habet
1933 1799 2143 1838 secundum
2174 1799 2375 1837 materiam
2397 1828 2408 1847 ,
2451 1798 2487 1837 ἆ

1422 1854 1567 1892 debitas
1596 1854 1925 1901 circumstantias,
1973 1853 2027 1889 sic
2057 1862 2301 1904 comparatur
2343 1853 2389 1890 ad
2420 1865 2488 1891 vo-

1422 1907 1604 1945 luntatem
1624 1937 1634 1955 ‚
1683 1916 1722 1945 ut
1752 1909 1963 1954 terminus,
1994 1905 2027 1942 &
2058 1904 2169 1953 finis,
2212 1905 2245 1943 δε
2277 1904 2346 1942 hoc
2376 1905 2489 1945 modo

1363 1990 1388 2009 „
1420 1961 1524 1999 addit
1553 1960 1600 1999 ad
1630 1960 1835 2000 bonitatem
1854 1990 1864 2007 ,
1914 1959 1974 1998 vel
2018 1959 2208 1997 malitiam
2252 1957 2454 1997 voluntatis
2476 1990 2488 2008 ,

1363 2043 1390 2065 ‚,
1420 2015 1512 2068 quia
1540 2015 1660 2051 omnis
1690 2012 1913 2061 inclinatio,
1961 2011 2023 2051 vel
2054 2021 2176 2050 motus
2206 2011 2405 2065 perficitur
2447 2014 2487 2052 in

1367 2097 1392 2116 „
1422 2068 1492 2107 hoc
1514 2096 1524 2115 ,
1554 2067 1655 2121 quod
1684 2068 1929 2118 consequitur
1958 2066 2074 2105 finem
2092 2096 2102 2113 ,
2146 2065 2207 2104 vel
2237 2067 2384 2116 attingit
2413 2075 2487 2103 ter-

1421 2122 1571 2158 minum
1591 2146 1601 2158 .
1649 2120 1758 2158 Unde
1787 2133 1862 2157 non
1893 2128 1944 2156 est
1975 2119 2140 2171 perfecta
2169 2117 2370 2167 voluntas,
2401 2119 2489 2157 'uisi

1421 2176 1466 2212 sit
1496 2173 1606 2221 talis,
1645 2186 1733 2225 quae
1763 2173 2044 2224 opportunitate
2072 2172 2160 2210 data
2187 2181 2364 2223 operetur
2385 2198 2396 2211 .
2444 2170 2487 2211 Si

1424 2240 1513 2265 vero
1541 2225 1773 2279 possibilitas
1809 2227 1904 2263 desit
1932 2225 2125 2265 voluntate
2155 2226 2332 2264 existente
2362 2225 2487 2280 perse-

1423 2291 1509 2328 cta,
1558 2287 1599 2318 ut
1627 2288 1878 2331 operaretur,
1908 2279 1940 2316 si
1970 2287 2118 2331 posset,
2165 2279 2332 2317 defectus
2363 2279 2488 2330 perse-

1422 2334 1582 2381 ettonis,
1612 2347 1699 2384 quae
1730 2341 1782 2370 est
1812 2345 1855 2370 ex
1885 2341 1972 2370 actu
2004 2332 2209 2380 exteriori,
2256 2341 2309 2370 est
2338 2330 2489 2383 simpli-

1424 2390 1516 2425 citer
1548 2386 1852 2425 involuntarius.
1896 2385 2204 2426 involuntarium
2233 2395 2359 2424 autem
2390 2386 2487 2425 sicut

1423 2455 1497 2481 non
1527 2450 1692 2479 meretur
1722 2440 1929 2491 praemium
1947 2468 1957 2487 ,
1988 2437 2048 2477 vel
2070 2453 2228 2490 poenam
2258 2440 2296 2476 in
2323 2451 2487 2489 operan-

1421 2495 1468 2532 do
1498 2494 1643 2533 bonum
1662 2523 1671 2540 ‚
1720 2502 1785 2531 aut
1815 2492 1990 2540 malum,
2022 2493 2073 2530 ita
2103 2505 2176 2530 non
2206 2491 2307 2529 tollit
2335 2491 2487 2543 aliquid

1368 2578 1394 2598 „
1424 2549 1470 2586 de
1499 2548 1687 2600 praemiO,
1719 2546 1777 2584 vel
1807 2546 1854 2583 de
1882 2559 2027 2597 poena,
2065 2545 2096 2582 si
2127 2543 2239 2581 homo
2269 2543 2490 2583 involunta-

1368 2631 1393 2652 „
1425 2603 1480 2639 rie
1508 2600 1735 2653 simpliciter
1776 2599 1930 2639 deficiat
1959 2598 2006 2637 ad
2048 2597 2268 2636 faciendum
2307 2597 2453 2637 honum
2475 2627 2488 2648 ‚

1367 2685 1393 2705 ‚,
1424 2654 1484 2692 vel
1516 2654 1662 2692 malum
1679 2656 1705 2676 “
1723 2679 1733 2692 .

1419 2708 1486 2748 61.
1515 2708 1687 2746 Scotistae
1717 2704 1931 2753 subtiliter,
1962 2713 2002 2743 ut
2030 2703 2177 2752 solent,
2207 2703 2328 2742 multa
2356 2703 2487 2757 dispu-

1367 2770 1446 2800 tant
1463 2792 1474 2810 ‚
1505 2771 1544 2799 ut
1559 2761 1754 2799 ostendant
1770 2789 1780 2807 ‚
1812 2768 1940 2797 actum
1958 2759 2183 2796 exteriorem
2213 2758 2384 2812 aliquam
2403 2770 2484 2798 nio-

1364 2813 1553 2854 ralitatem
1584 2828 1650 2867 per
1679 2827 1717 2851 se
1735 2843 1745 2862 ,
1775 2812 1809 2850 &
1831 2813 1973 2851 ratione
2004 2813 2061 2850 sui
2091 2813 2192 2850 actui
2225 2812 2395 2852 interiori
2414 2812 2481 2853 ad-

1361 2866 1474 2918 dere,
1517 2869 1562 2906 de
1591 2867 1731 2920 quibus
1761 2866 1882 2904 videri
1912 2873 2063 2915 possunt
2093 2866 2243 2914 Gonet,
2285 2867 2484 2906 Contense-

1364 2925 1475 2971 nius,
1505 2922 1637 2968 Gotti,
1667 2918 1851 2966 Billuart,
1881 2918 2000 2955 Collet
2023 2918 2093 2959 Sec.
2123 2918 2254 2957 Unum
2285 2927 2338 2957 est
2367 2919 2482 2956 mini-

1363 2990 1426 3017 me
1454 2973 1792 3029 praetereundum,
1821 2971 1966 3011 scilicet
1987 2972 2081 3013 falso
2110 2987 2132 3012 a
2160 2971 2357 3012 nonnullis
2383 2983 2481 3030 asse-

2369 3035 2429 3071 rt,
2478 3042 2481 3044 ,

1365 659 1390 679 2³

1365 713 1392 732 9>

1365 767 1390 786 ’3

1365 821 1391 840 93

1365 875 1392 893 5>

1364 928 1392 947 9)

1363 981 1389 1003 ,9

1364 1034 1391 1054 3>

1365 1087 1390 1107 22

1365 1141 1392 1162 2>

1365 1195 1391 1215 ³>

1365 1248 1392 1267 ’7

1366 1301 1391 1320 >7

1367 1354 1392 1373 >9

1365 1407 1391 1426 2>

1365 1460 1392 1479 >9

1366 1513 1394 1532 ³>

1366 1566 1393 1586 2⁷

1367 1619 1393 1639 9>

1365 1671 1392 1691 2)

1367 1724 1393 1744 w

1365 1831 1390 1849 25

1365 1884 1391 1903 θ’

1363 1937 1389 1955 ἳ)

1365 2150 1391 2172 2³

1366 2204 1391 2224 3)

1366 2257 1392 2276 27

1366 2310 1392 2330 2)

1367 2365 1392 2383 2>

1368 2418 1394 2437 ἓ)

1367 2471 1393 2492 2>

1368 2525 1393 2544 2>

1367 3132 1397 3153 ι.
1423 3131 1557 3167 quaeres
1586 3119 1616 3152 5.
1646 3118 1681 3151 P.
1708 3118 1786 3151 Pius
1813 3118 1971 3152 Thomas
1988 3118 2134 3151 Milante
2160 3114 2319 3148 Exerctt.
2347 3116 2379 3147 ἰη
2393 3115 2482 3148 duas-

1363 3171 1530 3211 proposz'c.
1567 3167 1678 3200 (larun.
1715 3166 1755 3197 ab
1786 3166 1988 3200 Alercmdro
2016 3163 2109 3195 Vm.
2145 3160 2198 3192 tlte
2239 3159 2291 3202 24.
2330 3162 2480 3206 Augusti

1369 3215 1471 3257 1690.
1497 3225 1537 3247 ac
1565 3213 1601 3245 P.
1626 3213 1729 3244 Vinc-
1757 3210 1893 3243 l'atuzzi
1923 3213 1957 3243 in
1986 3210 2112 3243 ΕῑΙιίοιι
2139 3206 2273 3238 Christ.
2294 3206 2414 3239 ΤΙ-ἀοι.
2434 3209 2478 3240 Π.

1369 3273 1443 3305 cap.
1463 3271 1498 3302 q·
1525 3263 1555 3295 ὃς
1580 3271 1650 3303 seq.
1688 3256 1746 3290 ubi
1773 3257 1875 3301 plura
1900 3255 1995 3290 addit
2021 3255 2055 3289 in
2081 3253 2182 3300 praxi
2208 3251 2394 3299 diligenter
2417 3253 2484 3290 011-

1370 3305 1563 3343 servanda·
1706 3317 1709 3320 ·
