2570 3745
892 197 970 242 DE
1007 197 1240 243 GltATlA
1276 194 1557 241 SEMIPEL.

62 282 257 340 praeconio
270 281 435 322 veritatis
453 279 660 320 illustraret
676 291 688 326 3
716 289 791 317 non
819 286 947 318 autem
977 292 1064 333 quae
1084 291 1175 317 con-

62 352 212 380 sensum
242 335 406 375 efficeret
435 334 664 376 voluntatis.

120 390 207 431 128.
237 390 329 442 Ohj.
359 389 488 427 ultim.
517 387 759 427 Innocentius
788 385 862 434 X.,
901 386 933 423 8t
966 385 1177 424 Alexander

62 443 150 484 Vn.
178 452 355 498 quartam
392 443 563 482 Jansenii
606 441 903 493 propositionem
947 439 1064 478 veluti
1086 437 1177 490 sal-

61 509 155 537 sam
170 527 182 547 ,
211 499 260 540 (9¹
281 497 514 536 haereticam
531 495 829 547 proscripserunt
848 523 858 542 ,
888 507 975 545 qua:
997 493 1081 531 talis
1101 501 1176 530 est:

59 581 87 602 ,‚
115 550 415 604 Sennipelagiani
444 548 692 588 admittebant
719 548 849 600 gratiae
894 547 1078 585 interioris
1107 560 1172 583 ne-

58 639 87 660 „
116 606 325 647 cessitatem
355 604 402 642 ad
431 601 597 655 singulos
620 610 757 648 actus,
799 602 915 638 etiam
944 601 991 639 ad
1022 600 1174 637 initium

58 693 86 716 „
114 661 232 707 fidei;
274 658 307 695 ἃ
337 660 374 697 in
404 657 472 695 hoc
504 665 606 694 erant
636 654 833 702 hoerctici,
876 656 978 706 quod
1008 652 1172 698 vellent;

55 746 85 768 „
115 728 200 753 eam
228 714 388 766 gratiam
417 709 533 749 talem
564 722 666 756 esse,
696 709 757 746 cui
780 717 899 759 posset
922 708 1088 745 humana
1111 719 1174 743 vo-

55 800 84 820 „
114 768 234 807 luntas
265 767 456 812 resistere,
499 761 558 802 vel
588 762 850 812 obtemperare
872 764 924 798 “.
974 760 1086 798 Porro
1117 759 1171 796 sa-

55 821 133 863 cile
162 831 213 860 est
243 832 491 872 cognoscere,
522 826 719 854 censuram
736 812 940 863 ‘falsitatis
961 814 1094 852 cadere
1113 826 1175 850 su-

55 890 128 930 pra
157 876 324 928 primam
355 880 528 924 partem,
570 879 658 918 quae
689 874 740 903 est
769 865 973 911 historic-223
1016 867 1176 905 alteram

54 943 146 971 vero
174 928 338 967 haeresis
364 938 406 962 su
440 936 478 960 ra
497 919 702 958 secundam
720 947 732 965 ,
760 931 848 970 quae
868 928 921 955 est
941 920 1174 970 dogmatica,

115 995 202 1035 ¹29·
231 980 345 1030 Resp.
381 938 527 1016 Nl‘ultos
551 973 679 1023 reipsa
709 969 779 1008 hoc
808 981 1034 1022 argumento
1063 972 1176 1011 velie-

54 1045 200 1076 menter
229 1030 400 1077 turbat-i,
429 1026 493 1064 sed
520 1025 661 1064 frustra
679 1053 689 1072 ,
720 1032 759 1060 ut
789 1032 906 1076 puto;
949 1027 1173 1062 sententiam

47 1090 159 1128 enim
186 1094 350 1126 nostram
379 1079 486 1120 nullo
514 1079 627 1116 modo
653 1078 771 1115 fuisse
792 1075 1010 1128 Apostolico
1038 1077 1175 1115 fulmi-

50 1156 102 1183 ne
129 1148 292 1186 tactam,
333 1134 396 1176 vel
424 1146 472 1172 ex
500 1145 544 1170 eo
573 1131 651 1170 solo
688 1129 1000 1169 luculentissime·
1020 1128 1140 1182 liquet
1161 1160 1174 1180 ,

81 1193 152 1233 uod
182 1191 325 1244 ubique
354 1190 404 1228 iu·
424 1188 509 1226 sinu
532 1185 722 1225 ‘Ecclesiae
741 1211 752 1230 ,
794 1182 1010 1221 Pastoribus
1038 1197 1175 1236 appro-

49 1209 259 1294 ganttbus,
283 1245 404 1283 immo
427 1242 465 1280 in
483 1241 568 1293 ipso
580 1238 815 1278 *Christianae
836 1236 1066 1288 reipublicae
1089 1251 1176 1274 cen-

46 1307 108 1340 tro
145 1299 217 1339 sub
253 1295 374 1336 ocutis
408 1293 555 1334 scilicet
583 1292 737 1332 Summi
768 1289 990 1337 Pontificis,
1033 1290 1177 1328 nedum

48 1354 234 1406 impune,
276 1350 340 1389 sed
362 1347 616 1387 laudabiliter
644 1361 666 1384 a
687 1344 889 1397 ⁴plerisque
918 1344 1143 1382 defendatur
1161 1369 1173 1382 .

47 1406 148 1455 Quis
176 1413 304 1443 autem
334 1401 482 1450 credat,
512 1400 656 1452 ubique
677 1397 843 1436 Pastores
861 1397 1171 1445 Ecclesiasticos,

42 1471 259 1511 eorumque
300 1468 524 1508 supremum
560 1454 684 1504 Caput
723 1450 885 1488 Roman.
917 1449 1138 1487 Pontificem
1160 1480 1172 1498 ,

46 1512 105 1552 ita
126 1512 171 1550 'in
203 1519 401 1562 utramque
429 1520 562 1547 aurem
599 1505 833 1552 dormitare,
870 1512 910 1540 ut
947 1504 1170 1542 sententiam

47 1564 131 1616 jam
155 1563 385 1614 'fulgur-itam
414 1560 545 1613 palam
562 1558 747 1608 adoptari,
776 1556 810 1591 &
839 1556 990 1593 defendi
1014 1558 1171 1607 permit-

45 1615 196 1658 terent?
219 1615 341 1654 ‘Facto
369 1615 497 1665 itaque
526 1621 604 1648 tam
634 1609 820 1655 solemni,
851 1608 885 1643 &
914 1617 989 1645 tam
1011 1609 1170 1658 publico

43 1678 209 1718 constat,
238 1667 459 1706 seutentiam
488 1672 654 1702 nostram
683 1675 760 1700 non
791 1661 904 1699 fuisse
925 1660 975 1698 ab
995 1660 1169 1699 Ecclesia

38 1723 298 1778 proscriptam
313 1750 327 1770 ,
355 1719 466 1772 cnjus
485 1716 651 1770 judicio,
681 1715 764 1754 Deo
782 1714 990 1753 auxiliante
1007 1744 1017 1762 ,
1048 1728 1168 1767 usque

36 1777 94 1817 >ad
123 1784 281 1816 mortem
319 1773 583 1824 obtemperare
624 1770 748 1823 parati
789 1781 947 1816 sumus,
990 1767 1024 1804 &
1066 1769 1168 1821 quod

47 1828 141 1879 hic,
176 1829 212 1866 Gr
240 1827 337 1868 alibi
366 1826 570 1865 scribimus
587 1854 597 1872 ,
639 1838 683 1862 ea
711 1822 866 1874 jubente
884 1852 894 1869 ,
938 1820 1164 1870 humiliter,

44 1891 87 1922 ut
115 1895 184 1935 par
202 1890 280 1930 est,
309 1889 538 1919 retractare.
568 1877 615 1916 Et
644 1876 716 1916 hoc
744 1875 791 1915 ad
819 1877 1034 1928 argumenti
1063 1874 1164 1914 solu·

39 1936 184 1976 cionem
213 1935 299 1974 satis
326 1947 404 1972 esse
431 1931 597 1972 arbitror
613 1957 624 1970 .
946 1964 949 1966 .

106 1988 193 2028 150.
221 1987 340 2026 Porro
366 1999 441 2026 non
472 1999 545 2024 una
573 1994 627 2023 est
655 1983 937 2036 T'heologorum
967 1985 1029 2023 via
1047 2014 1057 2032 ,
1086 1998 1164 2036 qua

39 2051 209 2083 nostram
239 2042 463 2081 sententiam
477 2048 582 2077 extra
604 2037 812 2090 'Apostolici
841 2037 905 2076 teli
934 2037 1079 2088 jactum
1100 2051 1164 2089 po-

41 2097 154 2136 sitam
183 2109 260 2135 esse
283 2103 447 2148 putant.
497 2091 632 2145 Aliqui
662 2093 830 2143 primam
857 2090 965 2130 illius
995 2092 1164 2143 proposi-

44 2150 160 2190 tionis
188 2158 334 2202 partem
359 2147 582 2186 'historicam
611 2159 688 2184 esse
717 2145 920 2184 observant
937 2175 948 2193 ,
977 2144 1009 2181 ἃ
1027 2145 1073 2183 ad
1095 2158 1165 2197 pu-

45 2215 136 2242 rum
162 2203 310 2240 factum
366 2203 550 2249 ertiuere,
591 2200 638 2238 de
665 2213 742 2251 quo
771 2198 1023 2251 dijudicando
1053 2198 1164 2236 Rom.

46 2253 272 2294 Pontificem
302 2253 508 2294 solicitum
538 2254 701 2292 minime
731 2253 845 2291 fuisse
874 2254 1059 2298 credunt3
1095 2266 1165 2291 un·

46 2307 97 2348 de
124 2309 320 2356 inferunt,
358 2316 559 2360 utramque
588 2320 788 2345 censuram
818 2320 932 2358 supra
961 2306 1165 2346 secundam

47 2368 195 2414 partem
221 2361 385 2407 cadere,
426 2373 514 2411 quae
545 2359 577 2396 &
608 2359 702 2398 falsa
730 2360 809 2398 dici
840 2369 982 2412 potest,
1025 2359 1059 2397 8<
1088 2359 1169 2398 hae-

49 2414 169 2453 retica
198 2412 262 2464 (a)
280 2438 290 2450 .
330 2411 408 2449 Alii
437 2423 528 2449 vero
554 2412 804 2462 respondent,
835 2415 1001 2463 primam
1031 2425 1169 2465 propo-

45 2466 192 2505 ssitionis
220 2474 367 2518 partem
396 2464 531 2501 merito
559 2463 674 2501 fuisse
716 2464 890 2503 falsitatis
928 2480 1084 2504 censura
1113 2467 1170 2504 as-

49 2519 191 2558 sectam
209 2547 220 2566 ,
248 2519 341 2570 quia
368 2515 700 2568 semipelagiani,
729 2530 967 2569 quamquam
997 2518 1172 2571 aliquam

49 2572 213 2626 gratiam
241 2571 290 2609 ad
319 2570 473 2608 initium
503 2568 593 2607 fidei
623 2569 899 2618 admittebant,
943 2584 1073 2609 veram
1113 2580 1172 2611 ta-

48 2638 140 2665 men
166 2637 240 2662 non
268 2622 540 2670 admittebant,
612 2636 671 2660 uae
702 2622 844 2660 scilicet
878 2624 1006 2676 ipsum
1037 2624 1172 2664 volun-

51 2680 141 2718 tatis
168 2686 304 2716 nutum
332 2685 551 2731 operaretur
572 2676 651 2728 (ι).
683 2676 764 2714 Alii
793 2675 886 2715 alias
914 2680 1174 2729 responsiones

50 2732 234 2774 tradunt.

110 2785 199 2825 131.
228 2785 370 2824 Dices.
399 2784 445 2823 In
472 2797 549 2836 quo
577 2797 664 2835 ergo
693 2782 992 2835 Semipeiagiani
1021 2783 1174 2822 haereti-

55 2836 93 2876 ci
121 2846 252 2888 erant,
279 2839 311 2878 si
337 2838 454 2877 eriam
482 2837 532 2876 ad
561 2838 714 2876 initium
744 2837 836 2875 fidei
855 2839 1016 2888 gratiam
1037 2838 1172 2876 admit-

52 2889 210 2930 rebant?

114 2943 204 2983 152.
230 2941 436 2997 Responsio
462 2946 505 2984 in
533 2953 712 2998 promptu
733 2953 786 2982 est
803 2974 813 2992 ,
843 2945 936 2997 quia
953 2943 1068 2982 talem
1090 2957 1174 2995 gra·

50 2997 149 3037 fiam
179 2997 450 3047 admittebant,
495 2998 567 3038 suh
608 3011 685 3051 qua
713 2997 959 3047 fatebantur,
1001 3000 1174 3052 primum

49 3158 56 3163 ‘
93 3155 146 3192 (a)
170 3154 223 3186 Ita
247 3151 339 3186 inter
364 3152 449 3187 alios
473 3152 602 3187 multos
625 3154 681 3187 vir
707 3150 864 3186 doctrina
881 3175 892 3194 ‚
920 3156 950 3186 &
970 3154 1096 3198 pietate
1118 3164 1172 3185 ce-

52 3195 166 3232 >lehi-is
191 3199 228 3232 P.
254 3199 429 3233 Antonius
454 3200 624 3233 Massnli'e
649 3201 684 3233 in
713 3212 775 3233 suo
797 3211 899 3245 opere
925 3201 1030 3234 semel
1047 3218 1060 3240 ·‚
1085 3202 1117 3232 ἃ
1144 3200 1172 3231 i·

57 3247 172 3277 terum
197 3246 315 3280 Romae
339 3246 504 3290 vulgato,
541 3247 596 3278 cni
621 3247 745 3280 titulus
773 3248 920 3280 Sanctus
946 3245 1092 3280 Thomas
1120 3249 1170 3278 sui

54 3290 227 3333 interpres
252 3295 315 3325 &c-
342 3292 445 3325 'Pom-
461 3293 500 3326 ll.
528 3292 675 3325 Dissert.
692 3293 750 3325 lv.
777 3295 881 3339 qu.3.
908 3302 974 3326 art.
992 3304 1023 3337 7.
1039 3315 1050 3333 ‚
1075 3293 1172 3337 Hya-

56 3333 201 3414 gurgi-ns
225 3337 330 3382 Ser-ry
355 3338 458 3373 Tem.
478 3339 505 3372 i.
532 3337 673 3373 Praecel.
690 3340 838 3374 Dissert.
864 3340 1082 3385 1V.prae10c.
1113 3351 1144 3385 7·
1160 3360 1172 3380 2

118 3393 137 3414 a
155 3392 177 3413 11
190 3403 202 3413 .

165 3425 401 3484 Gazzaniga
433 3430 563 3472 Theoi.
593 3431 708 3472 Tom.
737 3431 805 3472 Vt.

2261 206 2314 246 25

1245 278 1364 325 fidei,
1394 277 1427 313 8<
1456 276 1588 315 salutis
1619 275 1772 313 initium
1804 275 1977 316 a'nostra
2006 280 2229 330 voluntate,
2259 282 2293 319 dt
2324 284 2372 321 li-

1244 332 1387 370 bertate
1419 331 1528 368 unice
1559 330 1750 382 pendere,
1780 342 1869 381 quae
1901 343 1969 381 pro
1997 344 2091 370 nutu
2123 347 2188 372 suo
2207 338 2370 388 gratiam

1245 384 1502 423 indifferenter
1529 383 1710 421 omnibus
1739 383 1984 420 distributam
2015 386 2054 421 in
2083 387 2225 426 bouum
2253 402 2370 428 usum

1246 446 1428 477 verteret.
1460 436 1571 474 Unde
1600 438 1716 474 etiam
1739 435 1984 483 inferebant,
2014 438 2280 480 discretionem
2297 443 2371 481 sal.

1245 491 1486 538 vandorum,
1515 503 1588 527 non
1619 505 1641 528 a
1669 490 1801 527 divina
1832 489 2116 537 misericordia,
2147 494 2210 529 sed
2229 495 2276 532 ab
2299 496 2370 534 hu..

1240 559 1353 583 mana
1371 543 1534 596 pendere
1550 542 1740 580 voluntate
1757 573 1767 590 ‚
1798 552 1926 580 contra
1946 543 2192 594 Apostolum:
2226 575 2252 594 ‚‚
2269 550 2367 595 Qui,

1243 627 1269 647 „
1294 606 1332 635 te
1361 595 1574 636 discernit?
1603 596 1709 644 Quid
1739 604 1865 632 autem
1896 593 2011 633 habes
2033 626 2042 643 ,
2072 598 2173 648 quod
2206 612 2278 636 nou
2307 617 2368 640 ac-

1243 681 1269 701 „
1299 648 1460 704 cepisti?
1490 650 1529 688 Si
1551 659 1678 688 autem
1699 649 1876 699 accepisti
1896 678 1906 696 ,
1928 650 2021 700 quid
2042 649 2219 700 gloriaris
2238 681 2248 700 ,
2271 666 2369 704 qua-

1242 734 1269 754 ,‚
1296 706 1329 743 si
1358 716 1430 743 non
1450 701 1717 755 acceperis“?
1746 702 1869 754 Epist.
1899 702 1947 740 ad
1966 702 2143 743 Corinth.
2164 704 2236 743 1V.
2254 720 2291 757 7.
2321 707 2371 747 Et

1241 760 1287 797 de
1317 758 1375 796 his
1405 758 1612 796 hactenus.

1565 861 1969 907 DtSSEtt‘rA'rlo
2002 864 2058 906 1-1.

1246 971 1309 1009 De
1339 973 1576 1009 necessitate
1604 972 1751 1021 gratioe
1779 969 1836 1007 ad
1862 983 1957 1020 opus
1978 969 2149 1020 bonum,
2178 980 2263 1009 tum
2283 985 2369 1022 per.

1287 1025 1540 1075 Jiciemliim,
1569 1033 1652 1060 tutti
1683 1023 1978 1074 incipiendum,
2008 1033 2152 1064 contra.
2182 1025 2371 1080 Pelagia-

1298 1089 1394 1124 nos,
1425 1079 1475 1117 ὅ]
1503 1077 1872 1128 Semipelagianos.

1691 1181 1864 1220 CA-PUT
1894 1183 1925 1221 Ι.

1356 1287 1662 1327 Proemittuntur
1690 1286 1882 1339 quaedam
1909 1292 2057 1339 gratioe
2089 1293 2262 1331 actualis

1501 1341 1708 1380 divisiones
1724 1371 1734 1389 ,
1765 1342 1814 1383 Θ·
1843 1345 2096 1393 acceptiones
2115 1368 2126 1381 .

1303 1425 1434 1493 hIJt
1463 1450 1537 1498 iis,
1579 1461 1667 1500 quae
1698 1456 1829 1487 contra
1861 1447 2108 1500 Pelagianos,
2153 1449 2368 1504 Semipela-

1242 1502 1445 1554 gianosque
1465 1502 1605 1540 dicturi
1624 1515 1777 1550 sumus,
1809 1500 1934 1552 major
1949 1502 2016 1540 lux
2033 1503 2212 1554 effulgeat
2231 1534 2241 1552 ,
2273 1520 2368 1555 pau-

1240 1568 1285 1593 ca
1313 1555 1360 1592 de
1391 1556 1505 1593 variis
1541 1555 1671 1606 gratiae
1702 1554 1843 1592 Clu-isti
1885 1554 2144 1594 divisionibus
2187 1556 2220 1593 ὃς
2259 1572 2367 1597 acce-

1240 1608 1436 1658 ptionibus
1456 1607 1720 1658 praemittenda
1741 1616 1826 1646 sunt
1841 1633 1852 1645 .
1875 1607 2101 1646 &Thomas
2124 1623 2156 1647 ι.
2177 1623 2213 1648 2.
2230 1621 2367 1662 quaest.

1244 1673 1331 1697 ιιι.
1362 1669 1433 1698 art.
1458 1673 1492 1697 1.
1521 1659 1723 1708 observat,
1766 1662 1894 1711 primo
1930 1660 2049 1699 aliam
2091 1675 2168 1699 esse
2205 1666 2366 1714 gratiam

1237 1722 1401 1771 gratum
1417 1711 1673 1763 facientem,
1702 1726 1771 1765 per
1790 1725 1909 1764 quain
1934 1714 2015 1765 ipse
2037 1713 2152 1752 homo
2172 1715 2254 1752 Deo
2275 1730 2370 1755 cou-

1236 1767 1437 1819 Jungitur3
1479 1780 1556 1820 quo
1585 1767 1737 1804 nomine
1764 1780 2004 1819 quamquam
2035 1769 2191 1820 proprie
2221 1769 2369 1809 iutelli-

1237 1822 1339 1872 gitur
1366 1821 1488 1872 gratia
1518 1819 1756 1859 sanctificans
1775 1850 1784 1867 ,
1828 1819 1962 1872 aliqua
1991 1830 2121 1860 tamen
2152 1823 2295 1861 ratione
2324 1838 2364 1862 e-

1233 1875 1327 1912 tiam
1357 1875 1491 1912 omnia
1520 1874 1589 1912 illa
1620 1874 1692 1911 Dei
1723 1872 1870 1912 auxilia
1900 1875 2164 1923 continentur,
2199 1890 2289 1929 quae
2320 1889 2363 1914 eo

1232 1929 1403 1966 ordinata
1425 1936 1534 1975 sunt,
1566 1936 1604 1965 ut
1625 1925 1824 1966 hominem
1835 1927 1917 1965 Deo
1937 1926 2197 1980 conjungant,
2228 1945 2366 1983 quam-

1232 1983 1290 2021 vis
1318 1980 1475 2020 effeetus
1504 1983 1571 2019 iste
1601 1994 1674 2019 non
1704 1993 1854 2033 semper
1883 1981 2120 2028 obtineatur3
2151 1982 2271 2021 aliam
2302 1997 2366 2022 ve-

1232 2047 1275 2072 ro
1304 2048 1405 2084 esse,
1434 2048 1524 2087 quae
1553 2035 1693 2073 dicitur
1716 2038 1843 2085 gratis
1863 2034 1990 2081 d‹zta,
2021 2048 2089 2087 per
2118 2050 2237 2088 quam
2268 2050 2366 2074 unus

1233 2087 1348 2126 homo
1376 2097 1601 2140 cooperatur
1628 2087 1765 2135 alteri,
1813 2096 1870 2125 ut-
1894 2088 1942 2125 ad
1972 2087 2102 2126 Deum
2132 2089 2334 2128 reducatur
2352 2115 2364 2130 .

1234 2141 1354 2180 Varia
1386 2141 1501 2192 liujus
1542 2141 1676 2190 gratiae
1720 2152 1859 2189 genera
1903 2149 2102 2178 enumerat
2131 2141 2363 2193 Apostolus,

1232 2195 1361 2233 dicens
1391 2195 1526 2233 l.Cor.
1543 2192 1632 2231 Xll.
1653 2207 1688 2244 7.
1710 2192 1744 2228 ἃ
1764 2205 1843 2244 seq.
1878 2190 2096 2242 Unicuique
2125 2193 2245 2232 <latur
2274 2209 2364 2233 ma-

1233 2248 1440 2299 nifestatio
1460 2251 1617 2299 spiritus
1637 2245 1690 2284 aff.
1706 2246 1918 2283 utilitatem
1941 2249 1956 2296 (
1977 2246 2124 2284 scilicet
2138 2246 2305 2286 aliorum
2323 2249 2361 2297 ):

1235 2303 1308 2340 alii
1331 2302 1495 2353 quidem
1522 2314 1592 2351 per
1612 2299 1803 2350 Spiritum
1831 2298 1951 2336 datur
1978 2311 2112 2337 sermo
2141 2299 2363 2351 Sapientiae

1236 2356 1324 2397 &c-
1354 2356 1401 2394 Et
1422 2356 1462 2394 S.
1484 2354 1614 2393 Petrus
1634 2354 1742 2405 epist.
1763 2353 1793 2390 1.
1815 2366 1850 2390 c.
1867 2351 1938 2390 lV.
1961 2365 2020 2390 to.
2070 2350 2367 2405 Unusquisque,

1237 2414 1336 2448 sicut
1365 2413 1518 2459 accepit
1538 2411 1719 2461 gratiam
1736 2436 1746 2455 ,
1775 2409 1819 2443 in
1839 2405 2078 2444 alterutrum
2099 2407 2213 2445 illam
2233 2408 2366 2448 admi,

1238 2466 1457 2502 nistrantes
1477 2462 1565 2504 &c-

1293 2530 1332 2555 2.
1361 2516 1434 2554 Sed
1462 2516 1585 2568 gratia
1612 2513 1774 2553 actualis
1815 2514 1969 2565 proprie
2012 2514 2197 2553 dividitur
2239 2516 2365 2567 primo

1239 2573 1280 2610 in
1308 2574 1559 2608 excitantem
1578 2598 1589 2616 ,
1617 2568 1667 2608 <91
1697 2567 1959 2620 adjuvantem
1976 2593 1987 2604 .
2031 2567 2196 2604 Nomine
2223 2569 2358 2618 gratia:

1240 2627 1458 2662 excitantis
1488 2621 1714 2674 intelligitur
1749 2620 1940 2659 auxilium
1970 2619 2043 2655 Dei
2073 2620 2360 2670 supernaturale

1239 2678 1408 2716 excitans
1436 2677 1478 2714 in
1507 2675 1659 2714 homine
1688 2674 1871 2727 quosdam
1914 2670 2183 2710 indeliberatos
2211 2682 2362 2723 motus,

1241 2744 1381 2783 nempe
1411 2731 1493 2783 pias
1521 2729 1762 2780 cogitationes
1792 2728 1830 2762 in
1855 2723 2047 2761 voluntate
2066 2725 2114 2762 ad
2133 2724 2277 2764 bouum
2299 2740 2362 2766 co-

1240 2784 1499 2835 gnoscendum
1518 2813 1528 2830 ,
1559 2783 1592 2818 8<
1621 2779 1851 2818 amandum.
1882 2777 1976 2814 Haec
2004 2778 2126 2828 gratia
2156 2778 2248 2817 solet
2277 2795 2298 2818 a
2318 2781 2360 2819 S.

1241 2838 1422 2885 Litteris,
1451 2837 1665 2885 sanctisque
1695 2830 1892 2878 Patribus,
1922 2846 1943 2868 a
1972 2830 2160 2869 Conciliis
2190 2833 2362 2885 appella·

1241 2892 1274 2928 ri
1300 2895 1455 2929 vocatio
1472 2920 1482 2937 ‚
1511 2889 1679 2938 pulsatio
1697 2913 1707 2931 ,
1737 2884 1977 2921 illuminatio
1994 2913 2005 2930 ‚
2034 2887 2243 2934 inspiratio
2272 2889 2360 2928 ἕψε.

1241 2946 1418 2995 quamvis
1447 2951 1738 2989 nonnumquam
1768 2937 1903 2975 iisdem
1940 2938 2165 2976 nominibus
2203 2948 2361 2993 utraque

1241 2999 1363 3048 gratia
1382 2997 1558 3035 >excitans
1588 2989 1732 3040 simul,
1773 2989 1808 3026 &
1839 2989 2025 3044 adjuvans
2052 2992 2361 3044 comprehenda-

2218 3055 2306 3087 tur.

1290 3151 1337 3189 (ὁ)
1368 3151 1419 3184 lta
1459 3146 1640 3191 respondet
1675 3145 1780 3191 piuS,
1817 3147 1849 3178 &
1886 3142 2008 3178 doctus
2034 3145 2286 3180 Contensonius
2321 3147 2356 3179 in

1240 3194 1357 3230 Theol-
1384 3196 1526 3234 mentis,
1552 3197 1594 3226 (9¹
1616 3195 1737 3226 cordis
1765 3193 1872 3226 Libro
1885 3192 1980 3225 Vlll.
2007 3191 2157 3224 Dissert.
2181 3193 2237 3224 ΙΙΙ.
2267 3193 2356 3225 Hist-

1239 3256 1361 3286 quares
1387 3245 1493 3284 primo
1514 3263 1522 3272 .
1547 3238 1628 3272 Vid.
1654 3240 1760 3272 etiam
1788 3239 1822 3272 Ρ.
1851 3239 1975 3272 Viator
2001 3250 2019 3271 a
2047 3238 2214 3271 Coccaleo
2239 3237 2353 3270 adnot.

1241 3291 1295 3330 24.
1324 3289 1357 3320 in
1383 3290 1500 3321 Sanct.
1527 3286 1733 3331 Prosper-um
1749 3307 1760 3325 ,
1785 3285 1887 3331 cujus
1913 3286 2024 3319 altera
2050 3282 2158 3318 editio
2182 3286 2274 3318 facta
2300 3292 2351 3317 est

1240 3335 1414 3369 Brixianis
1440 3334 1534 3380 typis
1558 3345 1650 3367 aune
1680 3333 1782 3376 1762.

1772 3422 1799 3471 4
