<?xml version="1.0" encoding="UTF-8"?>
<!DOCTYPE html PUBLIC "-//W3C//DTD XHTML 1.0 Transitional//EN"
    "http://www.w3.org/TR/xhtml1/DTD/xhtml1-transitional.dtd">
<html xmlns="http://www.w3.org/1999/xhtml" xml:lang="en" lang="en">
 <head>
  <title>
</title>
<meta http-equiv="Content-Type" content="text/html;charset=utf-8" />
  <meta name='ocr-system' content='tesseract 3.04.00' />
  <meta name='ocr-capabilities' content='ocr_page ocr_carea ocr_par ocr_line ocrx_word'/>
</head>
<body>
  <div class='ocr_page' id='page_1' title='image "./fratrispetrimari06gazzuoft/fratrispetrimari06gazzuoft_0092.png"; bbox 0 0 2570 3745; ppageno 0'>
   <div class='ocr_carea' id='block_1_1' title="bbox 284 183 340 222">
    <p class='ocr_par' dir='ltr' id='par_1_1' title="bbox 284 183 340 222">
     <span class='ocr_line' id='line_1_1' title="bbox 284 183 340 222; baseline -0.054 0"><span class='ocrx_word' id='word_1_1' title='bbox 284 183 340 222; x_wconf 83' lang='lat'>80</span> 
     </span>
    </p>
   </div>
   <div class='ocr_carea' id='block_1_2' title="bbox 215 248 1339 2914">
    <p class='ocr_par' dir='ltr' id='par_1_2' title="bbox 216 248 1333 1688">
     <span class='ocr_line' id='line_1_2' title="bbox 223 248 1330 307; baseline -0.013 -11"><span class='ocrx_word' id='word_1_2' title='bbox 223 257 308 298; x_wconf 79' lang='lat' dir='ltr'>arb.</span> <span class='ocrx_word' id='word_1_3' title='bbox 337 269 421 307; x_wconf 85' lang='lat' dir='ltr'>cap.</span> <span class='ocrx_word' id='word_1_4' title='bbox 443 252 505 292; x_wconf 85' lang='lat'>15.</span> <span class='ocrx_word' id='word_1_5' title='bbox 548 253 575 274; x_wconf 84' lang='lat'>“</span> <span class='ocrx_word' id='word_1_6' title='bbox 604 250 674 289; x_wconf 86' lang='lat' dir='ltr'>Per</span> <span class='ocrx_word' id='word_1_7' title='bbox 703 249 798 289; x_wconf 78' lang='lat' dir='ltr'>lianc</span> <span class='ocrx_word' id='word_1_8' title='bbox 820 281 831 298; x_wconf 92' lang='lat'>‚</span> <span class='ocrx_word' id='word_1_9' title='bbox 870 255 1019 300; x_wconf 79' lang='lat' dir='ltr'>inquit,</span> <span class='ocrx_word' id='word_1_10' title='bbox 1049 251 1160 287; x_wconf 79' lang='lat' dir='ltr'>etiam</span> <span class='ocrx_word' id='word_1_11' title='bbox 1190 248 1259 295; x_wconf 82' lang='lat' dir='ltr'>fit,</span> <span class='ocrx_word' id='word_1_12' title='bbox 1291 253 1330 283; x_wconf 88' lang='lat' dir='ltr'>ut</span> 
     </span>
     <span class='ocr_line' id='line_1_3' title="bbox 224 304 1328 361; baseline -0.011 -13"><span class='ocrx_word' id='word_1_13' title='bbox 224 341 250 360; x_wconf 83' lang='lat'>‚‚</span> <span class='ocrx_word' id='word_1_14' title='bbox 280 313 362 361; x_wconf 81' lang='lat' dir='ltr'>ipsa</span> <span class='ocrx_word' id='word_1_15' title='bbox 391 310 491 346; x_wconf 83' lang='lat' dir='ltr'>bona</span> <span class='ocrx_word' id='word_1_16' title='bbox 520 304 718 352; x_wconf 84' lang='lat' dir='ltr'>voluntas,</span> <span class='ocrx_word' id='word_1_17' title='bbox 747 318 834 356; x_wconf 81' lang='lat' dir='ltr'>quae</span> <span class='ocrx_word' id='word_1_18' title='bbox 854 304 933 355; x_wconf 84' lang='lat' dir='ltr'>jam</span> <span class='ocrx_word' id='word_1_19' title='bbox 955 304 1097 355; x_wconf 81' lang='lat' dir='ltr'>caepit,</span> <span class='ocrx_word' id='word_1_20' title='bbox 1127 310 1328 352; x_wconf 81' lang='lat' dir='ltr'>augeatur,</span> 
     </span>
     <span class='ocr_line' id='line_1_4' title="bbox 223 356 1329 413; baseline -0.01 -12"><span class='ocrx_word' id='word_1_21' title='bbox 223 393 248 413; x_wconf 80' lang='lat'><strong>„</strong></span> <span class='ocrx_word' id='word_1_22' title='bbox 279 363 313 399; x_wconf 99' lang='grc'>8(</span> <span class='ocrx_word' id='word_1_23' title='bbox 340 372 417 400; x_wconf 86' lang='lat' dir='ltr'>tam</span> <span class='ocrx_word' id='word_1_24' title='bbox 438 374 576 412; x_wconf 81' lang='lat' dir='ltr'>magna</span> <span class='ocrx_word' id='word_1_25' title='bbox 592 359 680 406; x_wconf 79' lang='lat' dir='ltr'>fiat,</span> <span class='ocrx_word' id='word_1_26' title='bbox 711 367 748 396; x_wconf 89' lang='lat' dir='ltr'>ut</span> <span class='ocrx_word' id='word_1_27' title='bbox 774 360 885 409; x_wconf 79' lang='lat' dir='ltr'>possit</span> <span class='ocrx_word' id='word_1_28' title='bbox 901 356 1063 409; x_wconf 86' lang='lat' dir='ltr'>implere</span> <span class='ocrx_word' id='word_1_29' title='bbox 1079 356 1206 393; x_wconf 84' lang='lat' dir='ltr'>divina</span> <span class='ocrx_word' id='word_1_30' title='bbox 1220 367 1329 391; x_wconf 86' lang='lat' dir='ltr'>man-</span> 
     </span>
     <span class='ocr_line' id='line_1_5' title="bbox 222 410 1329 466; baseline -0.012 -11"><span class='ocrx_word' id='word_1_31' title='bbox 222 446 248 466; x_wconf 90' lang='lat'><strong>„</strong></span> <span class='ocrx_word' id='word_1_32' title='bbox 277 417 363 454; x_wconf 90' lang='lat' dir='ltr'>data</span> <span class='ocrx_word' id='word_1_33' title='bbox 379 446 390 464; x_wconf 85' lang='lat'>,</span> <span class='ocrx_word' id='word_1_34' title='bbox 419 427 507 466; x_wconf 78' lang='lat' dir='ltr'>quae</span> <span class='ocrx_word' id='word_1_35' title='bbox 526 413 708 460; x_wconf 88' lang='lat' dir='ltr'>voluerit,</span> <span class='ocrx_word' id='word_1_36' title='bbox 738 425 826 449; x_wconf 87' lang='lat' dir='ltr'>cum</span> <span class='ocrx_word' id='word_1_37' title='bbox 849 411 957 449; x_wconf 85' lang='lat' dir='ltr'>valde</span> <span class='ocrx_word' id='word_1_38' title='bbox 974 441 984 458; x_wconf 87' lang='lat'>,</span> <span class='ocrx_word' id='word_1_39' title='bbox 1007 410 1245 462; x_wconf 84' lang='lat' dir='ltr'>perfecteque</span> <span class='ocrx_word' id='word_1_40' title='bbox 1266 418 1329 443; x_wconf 86' lang='lat' dir='ltr'>vo-</span> 
     </span>
     <span class='ocr_line' id='line_1_6' title="bbox 220 460 1330 520; baseline -0.012 -13"><span class='ocrx_word' id='word_1_41' title='bbox 220 499 248 520; x_wconf 82' lang='lat'>„</span> <span class='ocrx_word' id='word_1_42' title='bbox 276 469 430 517; x_wconf 89' lang='lat' dir='ltr'>luerit„</span> <span class='ocrx_word' id='word_1_43' title='bbox 453 494 465 506; x_wconf 85' lang='grc'><strong>.</strong></span> <span class='ocrx_word' id='word_1_44' title='bbox 493 468 623 506; x_wconf 84' lang='lat' dir='ltr'>Tertio</span> <span class='ocrx_word' id='word_1_45' title='bbox 651 479 724 503; x_wconf 86' lang='lat' dir='ltr'>nou</span> <span class='ocrx_word' id='word_1_46' title='bbox 756 478 892 516; x_wconf 81' lang='lat' dir='ltr'>parum</span> <span class='ocrx_word' id='word_1_47' title='bbox 922 476 1073 515; x_wconf 88' lang='lat' dir='ltr'>quoque</span> <span class='ocrx_word' id='word_1_48' title='bbox 1094 460 1330 498; x_wconf 87' lang='lat' dir='ltr'>emolumen-</span> 
     </span>
     <span class='ocr_line' id='line_1_7' title="bbox 223 515 1329 576; baseline -0.014 -14"><span class='ocrx_word' id='word_1_49' title='bbox 223 533 302 562; x_wconf 88' lang='lat' dir='ltr'>tum</span> <span class='ocrx_word' id='word_1_50' title='bbox 333 524 467 576; x_wconf 80' lang='lat' dir='ltr'>gratiae</span> <span class='ocrx_word' id='word_1_51' title='bbox 498 520 719 560; x_wconf 85' lang='lat' dir='ltr'>sufficientis</span> <span class='ocrx_word' id='word_1_52' title='bbox 747 527 826 565; x_wconf 85' lang='lat' dir='ltr'>est,</span> <span class='ocrx_word' id='word_1_53' title='bbox 867 517 969 569; x_wconf 88' lang='lat' dir='ltr'>quod</span> <span class='ocrx_word' id='word_1_54' title='bbox 999 515 1111 551; x_wconf 85' lang='lat' dir='ltr'>homo</span> <span class='ocrx_word' id='word_1_55' title='bbox 1147 526 1216 565; x_wconf 90' lang='lat' dir='ltr'>per</span> <span class='ocrx_word' id='word_1_56' title='bbox 1245 525 1329 572; x_wconf 83' lang='lat' dir='ltr'>eam</span> 
     </span>
     <span class='ocr_line' id='line_1_8' title="bbox 221 567 1331 626; baseline -0.014 -10"><span class='ocrx_word' id='word_1_57' title='bbox 221 578 269 616; x_wconf 85' lang='lat' dir='ltr'>ad</span> <span class='ocrx_word' id='word_1_58' title='bbox 297 577 442 615; x_wconf 80' lang='lat' dir='ltr'>boumn</span> <span class='ocrx_word' id='word_1_59' title='bbox 472 575 712 626; x_wconf 85' lang='lat' dir='ltr'>aliquatenus</span> <span class='ocrx_word' id='word_1_60' title='bbox 740 570 968 613; x_wconf 84' lang='lat' dir='ltr'>inclinatus,</span> <span class='ocrx_word' id='word_1_61' title='bbox 998 567 1331 623; x_wconf 69' lang='lat' dir='ltr'>minoriconcupi-</span> 
     </span>
     <span class='ocr_line' id='line_1_9' title="bbox 221 619 1333 672; baseline -0.013 -3"><span class='ocrx_word' id='word_1_62' title='bbox 221 631 363 669; x_wconf 83' lang='lat' dir='ltr'>scentia</span> <span class='ocrx_word' id='word_1_63' title='bbox 393 630 538 667; x_wconf 87' lang='lat' dir='ltr'>feratur</span> <span class='ocrx_word' id='word_1_64' title='bbox 567 628 604 664; x_wconf 88' lang='lat' dir='ltr'>in</span> <span class='ocrx_word' id='word_1_65' title='bbox 634 624 808 670; x_wconf 64' lang='lat' dir='ltr'>malum,</span> <span class='ocrx_word' id='word_1_66' title='bbox 855 637 898 660; x_wconf 84' lang='lat' dir='ltr'>ac</span> <span class='ocrx_word' id='word_1_67' title='bbox 936 621 1062 659; x_wconf 83' lang='lat' dir='ltr'>minor</span> <span class='ocrx_word' id='word_1_68' title='bbox 1097 619 1257 672; x_wconf 81' lang='lat' dir='ltr'>proinde</span> <span class='ocrx_word' id='word_1_69' title='bbox 1286 625 1333 655; x_wconf 79' lang='lat' dir='ltr'>sit</span> 
     </span>
     <span class='ocr_line' id='line_1_10' title="bbox 219 670 1327 737; baseline -0.014 -14"><span class='ocrx_word' id='word_1_70' title='bbox 219 684 368 737; x_wconf 80' lang='lat' dir='ltr'>peccati</span> <span class='ocrx_word' id='word_1_71' title='bbox 398 681 572 727; x_wconf 83' lang='lat' dir='ltr'>malitia,</span> <span class='ocrx_word' id='word_1_72' title='bbox 602 680 635 716; x_wconf 85' lang='lat'>&amp;</span> <span class='ocrx_word' id='word_1_73' title='bbox 664 679 847 731; x_wconf 81' lang='lat' dir='ltr'>gravitas.</span> <span class='ocrx_word' id='word_1_74' title='bbox 876 675 1090 712; x_wconf 80' lang='lat' dir='ltr'>Peccatores</span> <span class='ocrx_word' id='word_1_75' title='bbox 1110 681 1241 710; x_wconf 86' lang='lat' dir='ltr'>contra</span> <span class='ocrx_word' id='word_1_76' title='bbox 1259 670 1327 708; x_wconf 89' lang='lat' dir='ltr'>ob-</span> 
     </span>
     <span class='ocr_line' id='line_1_11' title="bbox 223 724 1328 784; baseline -0.014 -8"><span class='ocrx_word' id='word_1_77' title='bbox 223 737 387 784; x_wconf 63' lang='lat' dir='ltr'>coecafi,</span> <span class='ocrx_word' id='word_1_78' title='bbox 416 735 476 774; x_wconf 86' lang='lat' dir='ltr'>vel</span> <span class='ocrx_word' id='word_1_79' title='bbox 508 732 648 781; x_wconf 86' lang='lat' dir='ltr'>nullis,</span> <span class='ocrx_word' id='word_1_80' title='bbox 692 730 751 769; x_wconf 83' lang='lat' dir='ltr'>vel</span> <span class='ocrx_word' id='word_1_81' title='bbox 781 728 986 766; x_wconf 83' lang='lat' dir='ltr'><strong>admodum</strong></span> <span class='ocrx_word' id='word_1_82' title='bbox 1017 724 1166 763; x_wconf 84' lang='lat' dir='ltr'>levibus</span> <span class='ocrx_word' id='word_1_83' title='bbox 1194 725 1328 776; x_wconf 80' lang='lat' dir='ltr'>gratiae</span> 
     </span>
     <span class='ocr_line' id='line_1_12' title="bbox 221 777 1327 834; baseline -0.013 -5"><span class='ocrx_word' id='word_1_84' title='bbox 221 790 386 829; x_wconf 87' lang='lat' dir='ltr'>stimulis</span> <span class='ocrx_word' id='word_1_85' title='bbox 416 787 617 834; x_wconf 79' lang='lat' dir='ltr'>retardati,</span> <span class='ocrx_word' id='word_1_86' title='bbox 647 782 763 823; x_wconf 87' lang='lat' dir='ltr'>veluti</span> <span class='ocrx_word' id='word_1_87' title='bbox 793 782 882 833; x_wconf 85' lang='lat' dir='ltr'>eqni</span> <span class='ocrx_word' id='word_1_88' title='bbox 911 779 1112 818; x_wconf 80' lang='lat' dir='ltr'>confractis</span> <span class='ocrx_word' id='word_1_89' title='bbox 1141 777 1327 826; x_wconf 76' lang='lat' dir='ltr'>habenis,</span> 
     </span>
     <span class='ocr_line' id='line_1_13' title="bbox 220 832 1329 895; baseline -0.014 -13"><span class='ocrx_word' id='word_1_90' title='bbox 220 843 360 895; x_wconf 79' lang='lat' dir='ltr'>majori</span> <span class='ocrx_word' id='word_1_91' title='bbox 390 843 534 892; x_wconf 84' lang='lat' dir='ltr'>impetu</span> <span class='ocrx_word' id='word_1_92' title='bbox 566 839 739 875; x_wconf 84' lang='lat' dir='ltr'>feruntur</span> <span class='ocrx_word' id='word_1_93' title='bbox 767 835 814 872; x_wconf 90' lang='lat' dir='ltr'>ad</span> <span class='ocrx_word' id='word_1_94' title='bbox 844 832 991 872; x_wconf 88' lang='lat' dir='ltr'>malum</span> <span class='ocrx_word' id='word_1_95' title='bbox 1009 863 1020 881; x_wconf 92' lang='lat'><strong><em>‚</em></strong></span> <span class='ocrx_word' id='word_1_96' title='bbox 1049 833 1088 870; x_wconf 88' lang='lat' dir='ltr'>in</span> <span class='ocrx_word' id='word_1_97' title='bbox 1102 844 1223 884; x_wconf 89' lang='lat' dir='ltr'>eoque</span> <span class='ocrx_word' id='word_1_98' title='bbox 1243 843 1329 883; x_wconf 88' lang='lat' dir='ltr'>per-</span> 
     </span>
     <span class='ocr_line' id='line_1_14' title="bbox 221 886 1329 940; baseline -0.014 -4"><span class='ocrx_word' id='word_1_99' title='bbox 221 897 391 935; x_wconf 81' lang='lat' dir='ltr'>vicacius</span> <span class='ocrx_word' id='word_1_100' title='bbox 426 893 686 932; x_wconf 69' lang='lat' dir='ltr'>obdurantur.</span> <span class='ocrx_word' id='word_1_101' title='bbox 730 888 830 926; x_wconf 90' lang='lat' dir='ltr'>Hinc</span> <span class='ocrx_word' id='word_1_102' title='bbox 859 894 989 940; x_wconf 85' lang='lat' dir='ltr'>patet,</span> <span class='ocrx_word' id='word_1_103' title='bbox 1032 898 1150 938; x_wconf 88' lang='lat' dir='ltr'>quam</span> <span class='ocrx_word' id='word_1_104' title='bbox 1192 886 1329 923; x_wconf 87' lang='lat' dir='ltr'>merito</span> 
     </span>
     <span class='ocr_line' id='line_1_15' title="bbox 220 937 1331 994; baseline -0.011 -7"><span class='ocrx_word' id='word_1_105' title='bbox 220 950 335 988; x_wconf 82' lang='lat' dir='ltr'>fuerit</span> <span class='ocrx_word' id='word_1_106' title='bbox 363 947 432 985; x_wconf 85' lang='lat' dir='ltr'>sub</span> <span class='ocrx_word' id='word_1_107' title='bbox 463 943 675 984; x_wconf 85' lang='lat' dir='ltr'>Alexandro</span> <span class='ocrx_word' id='word_1_108' title='bbox 704 941 809 980; x_wconf 87' lang='lat' dir='ltr'>Vlll.</span> <span class='ocrx_word' id='word_1_109' title='bbox 839 939 1097 994; x_wconf 75' lang='lat' dir='ltr'>inquisitionis</span> <span class='ocrx_word' id='word_1_110' title='bbox 1125 937 1271 988; x_wconf 81' lang='lat' dir='ltr'>judicio</span> <span class='ocrx_word' id='word_1_111' title='bbox 1286 952 1331 976; x_wconf 84' lang='lat' dir='ltr'>ea</span> 
     </span>
     <span class='ocr_line' id='line_1_16' title="bbox 219 991 1329 1055; baseline -0.011 -14"><span class='ocrx_word' id='word_1_112' title='bbox 219 1001 548 1055; x_wconf 86' lang='lat' dir='ltr'>impudentissima</span> <span class='ocrx_word' id='word_1_113' title='bbox 578 995 783 1049; x_wconf 83' lang='lat' dir='ltr'>propositio</span> <span class='ocrx_word' id='word_1_114' title='bbox 812 995 1023 1047; x_wconf 84' lang='lat' dir='ltr'>proscripta</span> <span class='ocrx_word' id='word_1_115' title='bbox 1055 1007 1091 1044; x_wconf 86' lang='lat'>7.</span> <span class='ocrx_word' id='word_1_116' title='bbox 1121 991 1329 1030; x_wconf 89' lang='lat' dir='ltr'>Decembr.</span> 
     </span>
     <span class='ocr_line' id='line_1_17' title="bbox 219 1047 1332 1104; baseline -0.01 -11"><span class='ocrx_word' id='word_1_117' title='bbox 219 1069 283 1093; x_wconf 83' lang='lat' dir='ltr'>an.</span> <span class='ocrx_word' id='word_1_118' title='bbox 318 1053 442 1104; x_wconf 78' lang='lat'>1690:</span> <span class='ocrx_word' id='word_1_119' title='bbox 491 1050 641 1089; x_wconf 77' lang='lat' dir='ltr'><em>Gratia</em></span> <span class='ocrx_word' id='word_1_120' title='bbox 683 1047 884 1097; x_wconf 78' lang='lat' dir='ltr'>sufficiens</span> <span class='ocrx_word' id='word_1_121' title='bbox 925 1049 1047 1085; x_wconf 79' lang='lat' dir='ltr'>statui</span> <span class='ocrx_word' id='word_1_122' title='bbox 1087 1053 1221 1084; x_wconf 83' lang='lat' dir='ltr'>nostro</span> <span class='ocrx_word' id='word_1_123' title='bbox 1249 1057 1332 1082; x_wconf 82' lang='lat' dir='ltr'>non</span> 
     </span>
     <span class='ocr_line' id='line_1_18' title="bbox 217 1102 1332 1156; baseline -0.009 -11"><span class='ocrx_word' id='word_1_124' title='bbox 217 1117 305 1146; x_wconf 81' lang='lat' dir='ltr'>tam</span> <span class='ocrx_word' id='word_1_125' title='bbox 335 1106 439 1144; x_wconf 80' lang='lat' dir='ltr'>utilis</span> <span class='ocrx_word' id='word_1_126' title='bbox 459 1134 470 1154; x_wconf 86' lang='lat'>,</span> <span class='ocrx_word' id='word_1_127' title='bbox 506 1118 628 1156; x_wconf 78' lang='lat' dir='ltr'>quam</span> <span class='ocrx_word' id='word_1_128' title='bbox 657 1106 884 1155; x_wconf 82' lang='lat' dir='ltr'>perniciosa</span> <span class='ocrx_word' id='word_1_129' title='bbox 913 1110 970 1139; x_wconf 81' lang='lat' dir='ltr'>est</span> <span class='ocrx_word' id='word_1_130' title='bbox 990 1115 1006 1145; x_wconf 89' lang='lat'><em>;</em></span> <span class='ocrx_word' id='word_1_131' title='bbox 1034 1103 1091 1138; x_wconf 78' lang='lat' dir='ltr'>sic</span> <span class='ocrx_word' id='word_1_132' title='bbox 1119 1107 1160 1136; x_wconf 81' lang='lat' dir='ltr'>ut</span> <span class='ocrx_word' id='word_1_133' title='bbox 1187 1102 1332 1136; x_wconf 79' lang='lat' dir='ltr'>merito</span> 
     </span>
     <span class='ocr_line' id='line_1_19' title="bbox 217 1151 1332 1212; baseline -0.009 -13"><span class='ocrx_word' id='word_1_134' title='bbox 217 1164 412 1212; x_wconf 79' lang='lat' dir='ltr'>possimus</span> <span class='ocrx_word' id='word_1_135' title='bbox 440 1167 601 1211; x_wconf 80' lang='lat' dir='ltr'>petere:</span> <span class='ocrx_word' id='word_1_136' title='bbox 649 1170 677 1195; x_wconf 82' lang='lat' dir='ltr'>a</span> <span class='ocrx_word' id='word_1_137' title='bbox 703 1160 840 1208; x_wconf 80' lang='lat' dir='ltr'>gratia</span> <span class='ocrx_word' id='word_1_138' title='bbox 868 1154 1081 1203; x_wconf 80' lang='lat' dir='ltr'>sufficienti</span> <span class='ocrx_word' id='word_1_139' title='bbox 1108 1151 1232 1190; x_wconf 81' lang='lat' dir='ltr'>libera</span> <span class='ocrx_word' id='word_1_140' title='bbox 1260 1165 1332 1190; x_wconf 84' lang='lat' dir='ltr'>nos</span> 
     </span>
     <span class='ocr_line' id='line_1_20' title="bbox 217 1208 1331 1259; baseline -0.009 -6"><span class='ocrx_word' id='word_1_141' title='bbox 217 1214 422 1253; x_wconf 85' lang='lat' dir='ltr'>Domine.</span> <span class='ocrx_word' id='word_1_142' title='bbox 468 1212 518 1250; x_wconf 91' lang='lat' dir='ltr'>Et</span> <span class='ocrx_word' id='word_1_143' title='bbox 559 1210 660 1250; x_wconf 88' lang='lat' dir='ltr'>nihil</span> <span class='ocrx_word' id='word_1_144' title='bbox 689 1209 890 1248; x_wconf 82' lang='lat' dir='ltr'>absurdius</span> <span class='ocrx_word' id='word_1_145' title='bbox 918 1208 996 1246; x_wconf 90' lang='lat' dir='ltr'>dici</span> <span class='ocrx_word' id='word_1_146' title='bbox 1026 1215 1170 1259; x_wconf 83' lang='lat' dir='ltr'>potest,</span> <span class='ocrx_word' id='word_1_147' title='bbox 1213 1219 1331 1258; x_wconf 86' lang='lat' dir='ltr'>quam</span> 
     </span>
     <span class='ocr_line' id='line_1_21' title="bbox 217 1264 1331 1320; baseline -0.009 -14"><span class='ocrx_word' id='word_1_148' title='bbox 217 1269 380 1320; x_wconf 82' lang='lat' dir='ltr'>gratiam</span> <span class='ocrx_word' id='word_1_149' title='bbox 411 1264 667 1304; x_wconf 83' lang='lat' dir='ltr'>sufficientem</span> <span class='ocrx_word' id='word_1_150' title='bbox 697 1276 774 1300; x_wconf 90' lang='lat' dir='ltr'>esse</span> <span class='ocrx_word' id='word_1_151' title='bbox 802 1275 986 1309; x_wconf 86' lang='lat' dir='ltr'>causam,</span> <span class='ocrx_word' id='word_1_152' title='bbox 1015 1273 1084 1299; x_wconf 88' lang='lat' dir='ltr'>cur</span> <span class='ocrx_word' id='word_1_153' title='bbox 1106 1272 1331 1313; x_wconf 83' lang='lat' dir='ltr'>peccemus;</span> 
     </span>
     <span class='ocr_line' id='line_1_22' title="bbox 219 1313 1332 1374; baseline -0.01 -15"><span class='ocrx_word' id='word_1_154' title='bbox 219 1321 369 1374; x_wconf 87' lang='lat' dir='ltr'>peccati</span> <span class='ocrx_word' id='word_1_155' title='bbox 398 1320 499 1357; x_wconf 86' lang='lat' dir='ltr'>enim</span> <span class='ocrx_word' id='word_1_156' title='bbox 528 1331 668 1366; x_wconf 88' lang='lat' dir='ltr'>causa,</span> <span class='ocrx_word' id='word_1_157' title='bbox 697 1315 732 1353; x_wconf 82' lang='grc'>8(</span> <span class='ocrx_word' id='word_1_158' title='bbox 760 1317 867 1367; x_wconf 84' lang='lat' dir='ltr'>origo</span> <span class='ocrx_word' id='word_1_159' title='bbox 895 1327 968 1353; x_wconf 88' lang='lat' dir='ltr'>non</span> <span class='ocrx_word' id='word_1_160' title='bbox 998 1313 1120 1362; x_wconf 89' lang='lat' dir='ltr'>alibi,</span> <span class='ocrx_word' id='word_1_161' title='bbox 1149 1326 1268 1365; x_wconf 88' lang='lat' dir='ltr'>quam</span> <span class='ocrx_word' id='word_1_162' title='bbox 1290 1313 1332 1349; x_wconf 89' lang='lat' dir='ltr'>in</span> 
     </span>
     <span class='ocr_line' id='line_1_23' title="bbox 219 1365 1332 1426; baseline -0.01 -14"><span class='ocrx_word' id='word_1_163' title='bbox 219 1384 341 1412; x_wconf 83' lang='lat' dir='ltr'>nostra</span> <span class='ocrx_word' id='word_1_164' title='bbox 371 1372 616 1426; x_wconf 80' lang='lat' dir='ltr'>perversitate</span> <span class='ocrx_word' id='word_1_165' title='bbox 643 1370 852 1423; x_wconf 84' lang='lat' dir='ltr'>quaereuda</span> <span class='ocrx_word' id='word_1_166' title='bbox 881 1377 961 1415; x_wconf 87' lang='lat' dir='ltr'>est,</span> <span class='ocrx_word' id='word_1_167' title='bbox 990 1380 1078 1419; x_wconf 79' lang='lat' dir='ltr'>quas</span> <span class='ocrx_word' id='word_1_168' title='bbox 1108 1368 1190 1417; x_wconf 90' lang='lat' dir='ltr'>pios</span> <span class='ocrx_word' id='word_1_169' title='bbox 1220 1365 1254 1401; x_wconf 84' lang='lat'>&amp;</span> <span class='ocrx_word' id='word_1_170' title='bbox 1274 1378 1332 1402; x_wconf 89' lang='lat' dir='ltr'>sa-</span> 
     </span>
     <span class='ocr_line' id='line_1_24' title="bbox 218 1417 1332 1478; baseline -0.009 -14"><span class='ocrx_word' id='word_1_171' title='bbox 218 1426 361 1465; x_wconf 87' lang='lat' dir='ltr'>lutares</span> <span class='ocrx_word' id='word_1_172' title='bbox 381 1427 514 1478; x_wconf 79' lang='lat' dir='ltr'>gratiae</span> <span class='ocrx_word' id='word_1_173' title='bbox 535 1433 656 1462; x_wconf 81' lang='lat' dir='ltr'>motus</span> <span class='ocrx_word' id='word_1_174' title='bbox 675 1423 885 1473; x_wconf 87' lang='lat' dir='ltr'>extinguit.</span> <span class='ocrx_word' id='word_1_175' title='bbox 917 1420 1030 1457; x_wconf 76' lang='lat' dir='ltr'>Recte</span> <span class='ocrx_word' id='word_1_176' title='bbox 1045 1427 1174 1457; x_wconf 89' lang='lat' dir='ltr'>autem</span> <span class='ocrx_word' id='word_1_177' title='bbox 1196 1417 1235 1455; x_wconf 87' lang='lat' dir='ltr'>S.</span> <span class='ocrx_word' id='word_1_178' title='bbox 1253 1418 1332 1455; x_wconf 86' lang='lat' dir='ltr'>Au-</span> 
     </span>
     <span class='ocr_line' id='line_1_25' title="bbox 216 1472 1333 1531; baseline -0.009 -15"><span class='ocrx_word' id='word_1_179' title='bbox 216 1481 384 1531; x_wconf 82' lang='lat' dir='ltr'>gustinus</span> <span class='ocrx_word' id='word_1_180' title='bbox 412 1481 487 1516; x_wconf 88' lang='lat' dir='ltr'>ait:</span> <span class='ocrx_word' id='word_1_181' title='bbox 520 1476 626 1527; x_wconf 78' lang='lat' dir='ltr'>Quid</span> <span class='ocrx_word' id='word_1_182' title='bbox 650 1474 830 1527; x_wconf 77' lang='lat' dir='ltr'>prodest,</span> <span class='ocrx_word' id='word_1_183' title='bbox 860 1477 893 1511; x_wconf 85' lang='lat' dir='ltr'>si</span> <span class='ocrx_word' id='word_1_184' title='bbox 912 1472 1013 1523; x_wconf 70' lang='lat' dir='ltr'>quoti</span> <span class='ocrx_word' id='word_1_185' title='bbox 1029 1485 1109 1509; x_wconf 85' lang='lat' dir='ltr'>non</span> <span class='ocrx_word' id='word_1_186' title='bbox 1125 1482 1333 1523; x_wconf 77' lang='lat' dir='ltr'>possumus</span> 
     </span>
     <span class='ocr_line' id='line_1_26' title="bbox 218 1521 1332 1579; baseline -0.011 -7"><span class='ocrx_word' id='word_1_187' title='bbox 218 1533 395 1572; x_wconf 70' lang='lat' dir='ltr'>volumus</span> <span class='ocrx_word' id='word_1_188' title='bbox 414 1546 430 1577; x_wconf 90' lang='lat'><em>;</em></span> <span class='ocrx_word' id='word_1_189' title='bbox 460 1538 529 1569; x_wconf 83' lang='lat' dir='ltr'>aut</span> <span class='ocrx_word' id='word_1_190' title='bbox 558 1533 593 1566; x_wconf 77' lang='lat' dir='ltr'>si</span> <span class='ocrx_word' id='word_1_191' title='bbox 620 1527 724 1579; x_wconf 82' lang='lat' dir='ltr'>quod</span> <span class='ocrx_word' id='word_1_192' title='bbox 741 1539 977 1577; x_wconf 81' lang='lat' dir='ltr'>possumus,</span> <span class='ocrx_word' id='word_1_193' title='bbox 1006 1522 1224 1563; x_wconf 83' lang='lat' dir='ltr'>nolumus?</span> <span class='ocrx_word' id='word_1_194' title='bbox 1253 1521 1332 1561; x_wconf 90' lang='lat' dir='ltr'>Ve-</span> 
     </span>
     <span class='ocr_line' id='line_1_27' title="bbox 216 1578 1332 1635; baseline -0.008 -11"><span class='ocrx_word' id='word_1_195' title='bbox 216 1594 423 1624; x_wconf 81' lang='lat' dir='ltr'>runtamen</span> <span class='ocrx_word' id='word_1_196' title='bbox 453 1592 528 1622; x_wconf 88' lang='lat' dir='ltr'>tota</span> <span class='ocrx_word' id='word_1_197' title='bbox 556 1581 673 1635; x_wconf 81' lang='lat' dir='ltr'>hujus</span> <span class='ocrx_word' id='word_1_198' title='bbox 701 1580 919 1619; x_wconf 78' lang='lat' dir='ltr'>inutilitatis</span> <span class='ocrx_word' id='word_1_199' title='bbox 945 1593 1062 1618; x_wconf 84' lang='lat' dir='ltr'>causa</span> <span class='ocrx_word' id='word_1_200' title='bbox 1103 1592 1182 1618; x_wconf 86' lang='lat' dir='ltr'>non</span> <span class='ocrx_word' id='word_1_201' title='bbox 1209 1578 1332 1630; x_wconf 86' lang='lat' dir='ltr'>gratia</span> 
     </span>
     <span class='ocr_line' id='line_1_28' title="bbox 216 1634 1199 1688; baseline -0.012 -9"><span class='ocrx_word' id='word_1_202' title='bbox 216 1648 296 1688; x_wconf 81' lang='lat' dir='ltr'>est,</span> <span class='ocrx_word' id='word_1_203' title='bbox 327 1639 390 1677; x_wconf 88' lang='lat' dir='ltr'>sed</span> <span class='ocrx_word' id='word_1_204' title='bbox 419 1637 591 1675; x_wconf 81' lang='lat' dir='ltr'>humana</span> <span class='ocrx_word' id='word_1_205' title='bbox 619 1634 819 1676; x_wconf 85' lang='lat' dir='ltr'>voluntas.</span> <span class='ocrx_word' id='word_1_206' title='bbox 1192 1683 1199 1688; x_wconf 93' lang='lat'><em>.</em></span> 
     </span>
    </p>

    <p class='ocr_par' dir='ltr' id='par_1_3' title="bbox 215 1684 1339 2914">
     <span class='ocr_line' id='line_1_29' title="bbox 271 1684 1333 1742; baseline -0.01 -11"><span class='ocrx_word' id='word_1_207' title='bbox 271 1692 337 1730; x_wconf 78' lang='lat'>28.</span> <span class='ocrx_word' id='word_1_208' title='bbox 366 1690 500 1742; x_wconf 82' lang='lat' dir='ltr'>Neque</span> <span class='ocrx_word' id='word_1_209' title='bbox 521 1702 610 1727; x_wconf 87' lang='lat' dir='ltr'>vero</span> <span class='ocrx_word' id='word_1_210' title='bbox 625 1688 886 1726; x_wconf 86' lang='lat' dir='ltr'>commentitia</span> <span class='ocrx_word' id='word_1_211' title='bbox 904 1687 982 1725; x_wconf 89' lang='lat' dir='ltr'>dici</span> <span class='ocrx_word' id='word_1_212' title='bbox 1003 1685 1113 1724; x_wconf 86' lang='lat' dir='ltr'>debet</span> <span class='ocrx_word' id='word_1_213' title='bbox 1133 1684 1333 1735; x_wconf 71' lang='lat' dir='ltr'>hujusmo-</span> 
     </span>
     <span class='ocr_line' id='line_1_30' title="bbox 215 1739 1333 1797; baseline -0.007 -13"><span class='ocrx_word' id='word_1_214' title='bbox 215 1745 257 1784; x_wconf 81' lang='lat' dir='ltr'>di</span> <span class='ocrx_word' id='word_1_215' title='bbox 284 1745 404 1797; x_wconf 85' lang='lat' dir='ltr'>gratia</span> <span class='ocrx_word' id='word_1_216' title='bbox 422 1742 623 1790; x_wconf 82' lang='lat' dir='ltr'>inefficax,</span> <span class='ocrx_word' id='word_1_217' title='bbox 654 1739 688 1776; x_wconf 88' lang='grc'>8(</span> <span class='ocrx_word' id='word_1_218' title='bbox 707 1740 896 1778; x_wconf 84' lang='lat' dir='ltr'>sufficiens</span> <span class='ocrx_word' id='word_1_219' title='bbox 912 1770 921 1787; x_wconf 87' lang='lat'>,</span> <span class='ocrx_word' id='word_1_220' title='bbox 953 1753 995 1776; x_wconf 88' lang='lat' dir='ltr'>eo</span> <span class='ocrx_word' id='word_1_221' title='bbox 1015 1740 1116 1791; x_wconf 89' lang='lat' dir='ltr'>quod</span> <span class='ocrx_word' id='word_1_222' title='bbox 1135 1751 1333 1789; x_wconf 86' lang='lat' dir='ltr'>nunquam</span> 
     </span>
     <span class='ocr_line' id='line_1_31' title="bbox 216 1792 1332 1845; baseline -0.009 -8"><span class='ocrx_word' id='word_1_223' title='bbox 216 1799 420 1837; x_wconf 83' lang='lat' dir='ltr'>reducatur</span> <span class='ocrx_word' id='word_1_224' title='bbox 448 1797 496 1835; x_wconf 80' lang='lat' dir='ltr'>ad</span> <span class='ocrx_word' id='word_1_225' title='bbox 525 1804 652 1834; x_wconf 88' lang='lat' dir='ltr'>actum</span> <span class='ocrx_word' id='word_1_226' title='bbox 671 1824 681 1842; x_wconf 89' lang='lat'>,</span> <span class='ocrx_word' id='word_1_227' title='bbox 723 1803 763 1832; x_wconf 89' lang='lat' dir='ltr'>ut</span> <span class='ocrx_word' id='word_1_228' title='bbox 803 1793 926 1845; x_wconf 79' lang='lat' dir='ltr'>aliqui</span> <span class='ocrx_word' id='word_1_229' title='bbox 970 1802 1053 1830; x_wconf 89' lang='lat' dir='ltr'>tum</span> <span class='ocrx_word' id='word_1_230' title='bbox 1081 1792 1298 1830; x_wconf 85' lang='lat' dir='ltr'>Janseuiani</span> <span class='ocrx_word' id='word_1_231' title='bbox 1320 1820 1332 1838; x_wconf 87' lang='lat'>,</span> 
     </span>
     <span class='ocr_line' id='line_1_32' title="bbox 216 1845 1331 1899; baseline -0.007 -9"><span class='ocrx_word' id='word_1_232' title='bbox 216 1859 302 1890; x_wconf 80' lang='lat' dir='ltr'>tum</span> <span class='ocrx_word' id='word_1_233' title='bbox 332 1851 540 1890; x_wconf 83' lang='lat' dir='ltr'>Molinistae</span> <span class='ocrx_word' id='word_1_234' title='bbox 570 1850 617 1886; x_wconf 85' lang='lat' dir='ltr'>ad</span> <span class='ocrx_word' id='word_1_235' title='bbox 647 1861 827 1886; x_wconf 83' lang='lat' dir='ltr'>nauseam</span> <span class='ocrx_word' id='word_1_236' title='bbox 848 1861 965 1899; x_wconf 81' lang='lat' dir='ltr'>usque</span> <span class='ocrx_word' id='word_1_237' title='bbox 987 1846 1094 1883; x_wconf 87' lang='lat' dir='ltr'>nobis</span> <span class='ocrx_word' id='word_1_238' title='bbox 1114 1845 1303 1898; x_wconf 67' lang='lat' dir='ltr'>objiciunt</span> <span class='ocrx_word' id='word_1_239' title='bbox 1320 1870 1331 1882; x_wconf 89' lang='grc'><strong>.</strong></span> 
     </span>
     <span class='ocr_line' id='line_1_33' title="bbox 217 1898 1332 1957; baseline -0.01 -12"><span class='ocrx_word' id='word_1_240' title='bbox 217 1904 318 1944; x_wconf 82' lang='lat' dir='ltr'>Nam</span> <span class='ocrx_word' id='word_1_241' title='bbox 349 1906 475 1957; x_wconf 88' lang='lat' dir='ltr'>primo</span> <span class='ocrx_word' id='word_1_242' title='bbox 504 1902 642 1941; x_wconf 71' lang='lat' dir='ltr'>falsum</span> <span class='ocrx_word' id='word_1_243' title='bbox 672 1909 749 1949; x_wconf 84' lang='lat' dir='ltr'>est,</span> <span class='ocrx_word' id='word_1_244' title='bbox 778 1900 876 1940; x_wconf 79' lang='lat' dir='ltr'>lianc</span> <span class='ocrx_word' id='word_1_245' title='bbox 897 1902 1058 1952; x_wconf 75' lang='lat' dir='ltr'>gratiam</span> <span class='ocrx_word' id='word_1_246' title='bbox 1080 1898 1332 1936; x_wconf 83' lang='lat' dir='ltr'>sufficientem</span> 
     </span>
     <span class='ocr_line' id='line_1_34' title="bbox 218 1953 1332 2011; baseline -0.01 -13"><span class='ocrx_word' id='word_1_247' title='bbox 218 1972 417 2011; x_wconf 84' lang='lat' dir='ltr'>nunquam</span> <span class='ocrx_word' id='word_1_248' title='bbox 446 1957 495 1997; x_wconf 88' lang='lat' dir='ltr'>ad</span> <span class='ocrx_word' id='word_1_249' title='bbox 523 1965 650 1995; x_wconf 88' lang='lat' dir='ltr'>actum</span> <span class='ocrx_word' id='word_1_250' title='bbox 681 1955 838 2000; x_wconf 80' lang='lat' dir='ltr'>rednci3</span> <span class='ocrx_word' id='word_1_251' title='bbox 867 1954 1052 2004; x_wconf 82' lang='lat' dir='ltr'>contingit</span> <span class='ocrx_word' id='word_1_252' title='bbox 1073 1953 1175 1990; x_wconf 89' lang='lat' dir='ltr'>enim</span> <span class='ocrx_word' id='word_1_253' title='bbox 1197 1964 1332 2004; x_wconf 86' lang='lat' dir='ltr'>quam-</span> 
     </span>
     <span class='ocr_line' id='line_1_35' title="bbox 217 2003 1334 2062; baseline -0.008 -12"><span class='ocrx_word' id='word_1_254' title='bbox 217 2013 457 2062; x_wconf 71' lang='lat' dir='ltr'>saepissime‚</span> <span class='ocrx_word' id='word_1_255' title='bbox 498 2019 540 2048; x_wconf 83' lang='lat' dir='ltr'>ut</span> <span class='ocrx_word' id='word_1_256' title='bbox 570 2010 624 2060; x_wconf 88' lang='lat' dir='ltr'>pii</span> <span class='ocrx_word' id='word_1_257' title='bbox 666 2007 870 2046; x_wconf 87' lang='lat' dir='ltr'>voluntatis</span> <span class='ocrx_word' id='word_1_258' title='bbox 898 2017 1022 2044; x_wconf 86' lang='lat' dir='ltr'>motus</span> <span class='ocrx_word' id='word_1_259' title='bbox 1040 2036 1050 2053; x_wconf 88' lang='lat'>‚</span> <span class='ocrx_word' id='word_1_260' title='bbox 1092 2006 1161 2058; x_wconf 89' lang='lat' dir='ltr'>qui</span> <span class='ocrx_word' id='word_1_261' title='bbox 1189 2003 1334 2042; x_wconf 81' lang='lat' dir='ltr'>debiles</span> 
     </span>
     <span class='ocr_line' id='line_1_36' title="bbox 217 2058 1335 2117; baseline -0.006 -15"><span class='ocrx_word' id='word_1_262' title='bbox 217 2065 388 2117; x_wconf 89' lang='lat' dir='ltr'>primum</span> <span class='ocrx_word' id='word_1_263' title='bbox 406 2093 417 2111; x_wconf 93' lang='lat'>,</span> <span class='ocrx_word' id='word_1_264' title='bbox 458 2062 494 2099; x_wconf 83' lang='lat'>&amp;</span> <span class='ocrx_word' id='word_1_265' title='bbox 526 2061 740 2100; x_wconf 83' lang='lat' dir='ltr'>inefficaces</span> <span class='ocrx_word' id='word_1_266' title='bbox 768 2068 885 2108; x_wconf 86' lang='lat' dir='ltr'>sunt,</span> <span class='ocrx_word' id='word_1_267' title='bbox 929 2061 1094 2107; x_wconf 85' lang='lat' dir='ltr'>sensim,</span> <span class='ocrx_word' id='word_1_268' title='bbox 1123 2073 1167 2096; x_wconf 88' lang='lat' dir='ltr'>ac</span> <span class='ocrx_word' id='word_1_269' title='bbox 1196 2058 1335 2096; x_wconf 87' lang='lat' dir='ltr'>sensim</span> 
     </span>
     <span class='ocr_line' id='line_1_37' title="bbox 218 2113 1336 2168; baseline -0.006 -13"><span class='ocrx_word' id='word_1_270' title='bbox 218 2121 274 2156; x_wconf 83' lang='lat' dir='ltr'>ita</span> <span class='ocrx_word' id='word_1_271' title='bbox 301 2125 537 2168; x_wconf 82' lang='lat' dir='ltr'>augeantur,</span> <span class='ocrx_word' id='word_1_272' title='bbox 576 2114 614 2151; x_wconf 85' lang='grc'>8(</span> <span class='ocrx_word' id='word_1_273' title='bbox 643 2122 845 2162; x_wconf 86' lang='lat' dir='ltr'>crescant,</span> <span class='ocrx_word' id='word_1_274' title='bbox 889 2121 929 2151; x_wconf 88' lang='lat' dir='ltr'>ut</span> <span class='ocrx_word' id='word_1_275' title='bbox 958 2113 1108 2151; x_wconf 86' lang='lat' dir='ltr'>tandem</span> <span class='ocrx_word' id='word_1_276' title='bbox 1138 2114 1179 2150; x_wconf 88' lang='lat' dir='ltr'>in</span> <span class='ocrx_word' id='word_1_277' title='bbox 1208 2120 1336 2150; x_wconf 84' lang='lat' dir='ltr'>actum</span> 
     </span>
     <span class='ocr_line' id='line_1_38' title="bbox 218 2167 1336 2223; baseline -0.006 -14"><span class='ocrx_word' id='word_1_278' title='bbox 218 2171 433 2223; x_wconf 86' lang='lat' dir='ltr'>perfectum</span> <span class='ocrx_word' id='word_1_279' title='bbox 462 2177 689 2221; x_wconf 86' lang='lat' dir='ltr'>erumpant.</span> <span class='ocrx_word' id='word_1_280' title='bbox 721 2167 762 2205; x_wconf 84' lang='lat' dir='ltr'>Id</span> <span class='ocrx_word' id='word_1_281' title='bbox 784 2167 995 2219; x_wconf 81' lang='lat' dir='ltr'>Augustino</span> <span class='ocrx_word' id='word_1_282' title='bbox 1022 2168 1061 2204; x_wconf 89' lang='lat' dir='ltr'>in</span> <span class='ocrx_word' id='word_1_283' title='bbox 1088 2180 1157 2204; x_wconf 81' lang='lat' dir='ltr'>sua</span> <span class='ocrx_word' id='word_1_284' title='bbox 1178 2178 1336 2204; x_wconf 88' lang='lat' dir='ltr'>conver-</span> 
     </span>
     <span class='ocr_line' id='line_1_39' title="bbox 218 2217 1336 2274; baseline -0.006 -12"><span class='ocrx_word' id='word_1_285' title='bbox 218 2225 323 2262; x_wconf 82' lang='lat' dir='ltr'>sione</span> <span class='ocrx_word' id='word_1_286' title='bbox 349 2223 533 2274; x_wconf 81' lang='lat' dir='ltr'>contigit,</span> <span class='ocrx_word' id='word_1_287' title='bbox 564 2222 744 2274; x_wconf 80' lang='lat' dir='ltr'>idemque</span> <span class='ocrx_word' id='word_1_288' title='bbox 772 2219 857 2258; x_wconf 85' lang='lat' dir='ltr'>aliis</span> <span class='ocrx_word' id='word_1_289' title='bbox 887 2220 1152 2272; x_wconf 84' lang='lat' dir='ltr'>peccatoribus</span> <span class='ocrx_word' id='word_1_290' title='bbox 1180 2228 1220 2257; x_wconf 89' lang='lat' dir='ltr'>ut</span> <span class='ocrx_word' id='word_1_291' title='bbox 1248 2217 1336 2271; x_wconf 83' lang='lat' dir='ltr'>plu-</span> 
     </span>
     <span class='ocr_line' id='line_1_40' title="bbox 219 2273 1335 2320; baseline -0.006 -5"><span class='ocrx_word' id='word_1_292' title='bbox 219 2277 366 2315; x_wconf 68' lang='lat' dir='ltr'>rimum</span> <span class='ocrx_word' id='word_1_293' title='bbox 394 2277 598 2314; x_wconf 80' lang='lat' dir='ltr'>usuvenire</span> <span class='ocrx_word' id='word_1_294' title='bbox 628 2275 720 2313; x_wconf 81' lang='lat' dir='ltr'>solet</span> <span class='ocrx_word' id='word_1_295' title='bbox 736 2289 747 2320; x_wconf 82' lang='lat'>3</span> <span class='ocrx_word' id='word_1_296' title='bbox 775 2287 861 2312; x_wconf 84' lang='lat' dir='ltr'>raro</span> <span class='ocrx_word' id='word_1_297' title='bbox 878 2275 985 2312; x_wconf 87' lang='lat' dir='ltr'>enim</span> <span class='ocrx_word' id='word_1_298' title='bbox 1006 2286 1084 2311; x_wconf 89' lang='lat' dir='ltr'>uuo</span> <span class='ocrx_word' id='word_1_299' title='bbox 1103 2273 1219 2310; x_wconf 85' lang='lat' dir='ltr'>veluti</span> <span class='ocrx_word' id='word_1_300' title='bbox 1237 2273 1335 2320; x_wconf 87' lang='lat' dir='ltr'>ictu,</span> 
     </span>
     <span class='ocr_line' id='line_1_41' title="bbox 220 2326 1337 2368; baseline -0.004 -1"><span class='ocrx_word' id='word_1_301' title='bbox 220 2330 342 2368; x_wconf 78' lang='lat' dir='ltr'>instar</span> <span class='ocrx_word' id='word_1_302' title='bbox 369 2329 411 2367; x_wconf 89' lang='lat' dir='ltr'>S.</span> <span class='ocrx_word' id='word_1_303' title='bbox 439 2327 548 2366; x_wconf 84' lang='lat' dir='ltr'>Pauli</span> <span class='ocrx_word' id='word_1_304' title='bbox 575 2327 776 2366; x_wconf 80' lang='lat' dir='ltr'>trahuntur</span> <span class='ocrx_word' id='word_1_305' title='bbox 817 2327 866 2364; x_wconf 83' lang='lat' dir='ltr'>ad</span> <span class='ocrx_word' id='word_1_306' title='bbox 896 2327 1023 2366; x_wconf 85' lang='lat' dir='ltr'>Deum</span> <span class='ocrx_word' id='word_1_307' title='bbox 1046 2354 1056 2365; x_wconf 88' lang='lat'><strong>.</strong></span> <span class='ocrx_word' id='word_1_308' title='bbox 1100 2326 1261 2365; x_wconf 83' lang='lat' dir='ltr'>Deinde</span> <span class='ocrx_word' id='word_1_309' title='bbox 1283 2333 1337 2363; x_wconf 89' lang='lat' dir='ltr'>et-</span> 
     </span>
     <span class='ocr_line' id='line_1_42' title="bbox 222 2381 1335 2433; baseline -0.004 -12"><span class='ocrx_word' id='word_1_310' title='bbox 222 2383 336 2421; x_wconf 87' lang='lat' dir='ltr'>iamsi</span> <span class='ocrx_word' id='word_1_311' title='bbox 365 2381 450 2420; x_wconf 81' lang='lat' dir='ltr'>haec</span> <span class='ocrx_word' id='word_1_312' title='bbox 480 2383 640 2433; x_wconf 83' lang='lat' dir='ltr'>potentia</span> <span class='ocrx_word' id='word_1_313' title='bbox 670 2394 866 2432; x_wconf 82' lang='lat' dir='ltr'>nunquam</span> <span class='ocrx_word' id='word_1_314' title='bbox 889 2382 926 2418; x_wconf 89' lang='lat' dir='ltr'>in</span> <span class='ocrx_word' id='word_1_315' title='bbox 947 2389 1074 2419; x_wconf 88' lang='lat' dir='ltr'>actum</span> <span class='ocrx_word' id='word_1_316' title='bbox 1094 2387 1335 2432; x_wconf 86' lang='lat' dir='ltr'>erumperet,</span> 
     </span>
     <span class='ocr_line' id='line_1_43' title="bbox 221 2434 1335 2488; baseline -0.004 -13"><span class='ocrx_word' id='word_1_317' title='bbox 221 2448 296 2475; x_wconf 78' lang='lat' dir='ltr'>non</span> <span class='ocrx_word' id='word_1_318' title='bbox 324 2444 523 2488; x_wconf 83' lang='lat' dir='ltr'>propterea</span> <span class='ocrx_word' id='word_1_319' title='bbox 547 2435 807 2472; x_wconf 84' lang='lat' dir='ltr'>commentitia</span> <span class='ocrx_word' id='word_1_320' title='bbox 832 2434 995 2472; x_wconf 87' lang='lat' dir='ltr'>dicenda</span> <span class='ocrx_word' id='word_1_321' title='bbox 1028 2443 1123 2472; x_wconf 77' lang='lat' dir='ltr'>esset</span> <span class='ocrx_word' id='word_1_322' title='bbox 1144 2460 1155 2472; x_wconf 86' lang='grc'><strong>.</strong></span> <span class='ocrx_word' id='word_1_323' title='bbox 1198 2435 1307 2472; x_wconf 87' lang='lat' dir='ltr'>Anne</span> <span class='ocrx_word' id='word_1_324' title='bbox 1323 2462 1335 2481; x_wconf 92' lang='lat'>,</span> 
     </span>
     <span class='ocr_line' id='line_1_44' title="bbox 222 2487 1333 2538; baseline -0.004 -11"><span class='ocrx_word' id='word_1_325' title='bbox 222 2488 362 2527; x_wconf 85' lang='lat' dir='ltr'>amabo</span> <span class='ocrx_word' id='word_1_326' title='bbox 378 2518 389 2537; x_wconf 85' lang='lat'>,</span> <span class='ocrx_word' id='word_1_327' title='bbox 419 2487 554 2526; x_wconf 81' lang='lat' dir='ltr'>fictitia</span> <span class='ocrx_word' id='word_1_328' title='bbox 569 2497 621 2526; x_wconf 90' lang='lat' dir='ltr'>est</span> <span class='ocrx_word' id='word_1_329' title='bbox 640 2488 679 2525; x_wconf 86' lang='lat' dir='ltr'>in</span> <span class='ocrx_word' id='word_1_330' title='bbox 700 2487 972 2538; x_wconf 75' lang='lat' dir='ltr'>praedestinatis</span> <span class='ocrx_word' id='word_1_331' title='bbox 989 2517 999 2537; x_wconf 88' lang='lat'>,</span> <span class='ocrx_word' id='word_1_332' title='bbox 1021 2498 1060 2525; x_wconf 88' lang='lat' dir='ltr'>ut</span> <span class='ocrx_word' id='word_1_333' title='bbox 1078 2489 1308 2526; x_wconf 85' lang='lat' dir='ltr'>damnentur</span> <span class='ocrx_word' id='word_1_334' title='bbox 1323 2516 1333 2534; x_wconf 85' lang='lat'>,</span> 
     </span>
     <span class='ocr_line' id='line_1_45' title="bbox 223 2538 1335 2593; baseline 0 -15"><span class='ocrx_word' id='word_1_335' title='bbox 223 2540 257 2578; x_wconf 84' lang='grc'>8(</span> <span class='ocrx_word' id='word_1_336' title='bbox 287 2543 327 2580; x_wconf 87' lang='lat' dir='ltr'>in</span> <span class='ocrx_word' id='word_1_337' title='bbox 356 2541 529 2593; x_wconf 82' lang='lat' dir='ltr'>reprobis</span> <span class='ocrx_word' id='word_1_338' title='bbox 546 2570 558 2589; x_wconf 91' lang='lat'>,</span> <span class='ocrx_word' id='word_1_339' title='bbox 584 2549 625 2578; x_wconf 82' lang='lat' dir='ltr'>ut</span> <span class='ocrx_word' id='word_1_340' title='bbox 645 2538 864 2579; x_wconf 78' lang='lat' dir='ltr'>salventur?</span> <span class='ocrx_word' id='word_1_341' title='bbox 892 2539 942 2577; x_wconf 86' lang='lat' dir='ltr'>Et</span> <span class='ocrx_word' id='word_1_342' title='bbox 961 2549 1086 2579; x_wconf 87' lang='lat' dir='ltr'>tamen</span> <span class='ocrx_word' id='word_1_343' title='bbox 1105 2553 1216 2580; x_wconf 87' lang='lat' dir='ltr'>nemo</span> <span class='ocrx_word' id='word_1_344' title='bbox 1235 2554 1335 2578; x_wconf 86' lang='lat' dir='ltr'>unus</span> 
     </span>
     <span class='ocr_line' id='line_1_46' title="bbox 223 2593 1334 2647; baseline 0 -15"><span class='ocrx_word' id='word_1_345' title='bbox 223 2595 514 2647; x_wconf 68' lang='lat' dir='ltr'>praedestinatus</span> <span class='ocrx_word' id='word_1_346' title='bbox 542 2595 683 2646; x_wconf 88' lang='lat' dir='ltr'>periit,</span> <span class='ocrx_word' id='word_1_347' title='bbox 720 2602 783 2631; x_wconf 86' lang='lat' dir='ltr'>aut</span> <span class='ocrx_word' id='word_1_348' title='bbox 812 2593 1034 2644; x_wconf 84' lang='lat' dir='ltr'>reprobatus</span> <span class='ocrx_word' id='word_1_349' title='bbox 1061 2595 1226 2634; x_wconf 86' lang='lat' dir='ltr'>salvatus</span> <span class='ocrx_word' id='word_1_350' title='bbox 1255 2603 1334 2632; x_wconf 80' lang='lat' dir='ltr'>est.</span> 
     </span>
     <span class='ocr_line' id='line_1_47' title="bbox 222 2646 1336 2699; baseline 0 -14"><span class='ocrx_word' id='word_1_351' title='bbox 222 2648 358 2686; x_wconf 75' lang='lat' dir='ltr'>Nonne</span> <span class='ocrx_word' id='word_1_352' title='bbox 384 2656 531 2687; x_wconf 82' lang='lat' dir='ltr'>certum</span> <span class='ocrx_word' id='word_1_353' title='bbox 558 2657 639 2697; x_wconf 81' lang='lat' dir='ltr'>est,</span> <span class='ocrx_word' id='word_1_354' title='bbox 666 2661 727 2685; x_wconf 73' lang='lat' dir='ltr'>res</span> <span class='ocrx_word' id='word_1_355' title='bbox 754 2661 776 2684; x_wconf 86' lang='lat' dir='ltr'>a</span> <span class='ocrx_word' id='word_1_356' title='bbox 806 2646 888 2684; x_wconf 85' lang='lat' dir='ltr'>Deo</span> <span class='ocrx_word' id='word_1_357' title='bbox 917 2648 1118 2697; x_wconf 82' lang='lat' dir='ltr'>praevisas,</span> <span class='ocrx_word' id='word_1_358' title='bbox 1148 2648 1207 2686; x_wconf 89' lang='lat' dir='ltr'>vel</span> <span class='ocrx_word' id='word_1_359' title='bbox 1237 2660 1336 2699; x_wconf 81' lang='lat' dir='ltr'>prae-</span> 
     </span>
     <span class='ocr_line' id='line_1_48' title="bbox 225 2698 1337 2753; baseline 0 -15"><span class='ocrx_word' id='word_1_360' title='bbox 225 2700 429 2739; x_wconf 75' lang='lat' dir='ltr'>destinatas</span> <span class='ocrx_word' id='word_1_361' title='bbox 453 2704 563 2753; x_wconf 69' lang='lat' dir='ltr'>‘posse</span> <span class='ocrx_word' id='word_1_362' title='bbox 590 2699 702 2739; x_wconf 84' lang='lat' dir='ltr'>aliter</span> <span class='ocrx_word' id='word_1_363' title='bbox 730 2698 911 2738; x_wconf 77' lang='lat' dir='ltr'>evenire?</span> <span class='ocrx_word' id='word_1_364' title='bbox 940 2701 980 2738; x_wconf 87' lang='lat' dir='ltr'>Id</span> <span class='ocrx_word' id='word_1_365' title='bbox 995 2710 1121 2738; x_wconf 86' lang='lat' dir='ltr'>tamen</span> <span class='ocrx_word' id='word_1_366' title='bbox 1138 2714 1337 2753; x_wconf 85' lang='lat' dir='ltr'>nunquam</span> 
     </span>
     <span class='ocr_line' id='line_1_49' title="bbox 227 2752 1338 2806; baseline 0.002 -16"><span class='ocrx_word' id='word_1_367' title='bbox 227 2752 374 2791; x_wconf 75' lang='lat' dir='ltr'>factum</span> <span class='ocrx_word' id='word_1_368' title='bbox 404 2763 481 2802; x_wconf 86' lang='lat' dir='ltr'>est,</span> <span class='ocrx_word' id='word_1_369' title='bbox 522 2763 586 2791; x_wconf 87' lang='lat' dir='ltr'>aut</span> <span class='ocrx_word' id='word_1_370' title='bbox 615 2754 708 2793; x_wconf 87' lang='lat' dir='ltr'>fiet.</span> <span class='ocrx_word' id='word_1_371' title='bbox 752 2752 807 2791; x_wconf 79' lang='grc' dir='ltr'>Εε</span> <span class='ocrx_word' id='word_1_372' title='bbox 835 2754 922 2791; x_wconf 72' lang='lat' dir='ltr'>alia</span> <span class='ocrx_word' id='word_1_373' title='bbox 950 2763 1171 2800; x_wconf 75' lang='lat' dir='ltr'>sexcenta,</span> <span class='ocrx_word' id='word_1_374' title='bbox 1213 2755 1338 2806; x_wconf 89' lang='lat' dir='ltr'>inquit</span> 
     </span>
     <span class='ocr_line' id='line_1_50' title="bbox 226 2804 1338 2858; baseline 0 -14"><span class='ocrx_word' id='word_1_375' title='bbox 226 2804 271 2844; x_wconf 84' lang='lat' dir='ltr'>S.</span> <span class='ocrx_word' id='word_1_376' title='bbox 303 2805 529 2857; x_wconf 71' lang='lat' dir='ltr'>Augustinus</span> <span class='ocrx_word' id='word_1_377' title='bbox 558 2806 605 2844; x_wconf 82' lang='lat' dir='ltr'>de</span> <span class='ocrx_word' id='word_1_378' title='bbox 633 2807 778 2858; x_wconf 76' lang='lat' dir='ltr'>Spiritu</span> <span class='ocrx_word' id='word_1_379' title='bbox 795 2838 806 2856; x_wconf 79' lang='lat'><strong>‚</strong></span> <span class='ocrx_word' id='word_1_380' title='bbox 834 2807 884 2848; x_wconf 63' lang='grc' dir='ltr'>(θ’</span> <span class='ocrx_word' id='word_1_381' title='bbox 914 2808 1045 2846; x_wconf 82' lang='lat' dir='ltr'>littera</span> <span class='ocrx_word' id='word_1_382' title='bbox 1064 2821 1102 2845; x_wconf 86' lang='lat' dir='ltr'>c.</span> <span class='ocrx_word' id='word_1_383' title='bbox 1123 2821 1156 2846; x_wconf 85' lang='lat'>1.</span> <span class='ocrx_word' id='word_1_384' title='bbox 1176 2815 1338 2858; x_wconf 80' lang='lat' dir='ltr'>possunt</span> 
     </span>
     <span class='ocr_line' id='line_1_51' title="bbox 226 2859 1339 2914; baseline 0.002 -17"><span class='ocrx_word' id='word_1_385' title='bbox 226 2870 461 2908; x_wconf 67' lang='lat' dir='ltr'>occurrere,</span> <span class='ocrx_word' id='word_1_386' title='bbox 502 2872 591 2911; x_wconf 76' lang='lat' dir='ltr'>quae</span> <span class='ocrx_word' id='word_1_387' title='bbox 607 2861 706 2913; x_wconf 84' lang='lat' dir='ltr'>fieri</span> <span class='ocrx_word' id='word_1_388' title='bbox 733 2861 791 2901; x_wconf 68' lang='lat' dir='ltr'>vel</span> <span class='ocrx_word' id='word_1_389' title='bbox 817 2864 1016 2914; x_wconf 69' lang='lat' dir='ltr'>potuisse,</span> <span class='ocrx_word' id='word_1_390' title='bbox 1044 2861 1102 2901; x_wconf 72' lang='lat' dir='ltr'>vel</span> <span class='ocrx_word' id='word_1_391' title='bbox 1133 2874 1247 2914; x_wconf 83' lang='lat' dir='ltr'>posse</span> <span class='ocrx_word' id='word_1_392' title='bbox 1261 2859 1339 2913; x_wconf 81' lang='lat' dir='ltr'>fa-</span> 
     </span>
    </p>
   </div>
   <div class='ocr_carea' id='block_1_3' title="bbox 233 3024 1341 3168">
    <p class='ocr_par' dir='ltr' id='par_1_4' title="bbox 233 3024 1341 3168">
     <span class='ocr_line' id='line_1_52' title="bbox 281 3024 1341 3075; baseline 0.005 -16"><span class='ocrx_word' id='word_1_393' title='bbox 281 3029 331 3064; x_wconf 82' lang='lat' dir='ltr'>(a)</span> <span class='ocrx_word' id='word_1_394' title='bbox 353 3024 433 3058; x_wconf 78' lang='lat' dir='ltr'>Non</span> <span class='ocrx_word' id='word_1_395' title='bbox 456 3035 587 3070; x_wconf 80' lang='lat' dir='ltr'>pancos</span> <span class='ocrx_word' id='word_1_396' title='bbox 613 3034 727 3062; x_wconf 80' lang='lat' dir='ltr'>tamen</span> <span class='ocrx_word' id='word_1_397' title='bbox 754 3039 876 3064; x_wconf 78' lang='lat' dir='ltr'>contra</span> <span class='ocrx_word' id='word_1_398' title='bbox 902 3029 1088 3064; x_wconf 75' lang='lat' dir='ltr'>sentientes</span> <span class='ocrx_word' id='word_1_399' title='bbox 1116 3029 1244 3075; x_wconf 77' lang='lat' dir='ltr'>allegat</span> <span class='ocrx_word' id='word_1_400' title='bbox 1271 3031 1341 3064; x_wconf 84' lang='lat' dir='ltr'>Ar-</span> 
     </span>
     <span class='ocr_line' id='line_1_53' title="bbox 233 3071 1339 3123; baseline 0.002 -17"><span class='ocrx_word' id='word_1_401' title='bbox 233 3071 357 3106; x_wconf 81' lang='lat' dir='ltr'>naldus</span> <span class='ocrx_word' id='word_1_402' title='bbox 384 3073 420 3104; x_wconf 90' lang='lat' dir='ltr'>in</span> <span class='ocrx_word' id='word_1_403' title='bbox 448 3072 490 3103; x_wconf 84' lang='lat' dir='ltr'>ll·</span> <span class='ocrx_word' id='word_1_404' title='bbox 526 3073 672 3123; x_wconf 59' lang='lat' dir='ltr'>Apolog.</span> <span class='ocrx_word' id='word_1_405' title='bbox 706 3078 750 3108; x_wconf 78' lang='lat' dir='ltr'>de</span> <span class='ocrx_word' id='word_1_406' title='bbox 773 3078 898 3120; x_wconf 75' lang='lat' dir='ltr'>Quaest.</span> <span class='ocrx_word' id='word_1_407' title='bbox 929 3078 1026 3123; x_wconf 81' lang='lat' dir='ltr'>juris</span> <span class='ocrx_word' id='word_1_408' title='bbox 1052 3077 1252 3110; x_wconf 82' lang='lat' dir='ltr'>Demonstr.</span> <span class='ocrx_word' id='word_1_409' title='bbox 1277 3077 1339 3110; x_wconf 85' lang='lat' dir='ltr'>VI.</span> 
     </span>
     <span class='ocr_line' id='line_1_54' title="bbox 234 3118 1341 3168; baseline 0.005 -17"><span class='ocrx_word' id='word_1_410' title='bbox 234 3120 336 3152; x_wconf 85' lang='lat' dir='ltr'>Certe</span> <span class='ocrx_word' id='word_1_411' title='bbox 362 3118 397 3150; x_wconf 84' lang='lat' dir='ltr'>P.</span> <span class='ocrx_word' id='word_1_412' title='bbox 424 3120 590 3151; x_wconf 76' lang='lat' dir='ltr'>Antonin·</span> <span class='ocrx_word' id='word_1_413' title='bbox 619 3120 804 3154; x_wconf 70' lang='lat' dir='ltr'>Massoulie</span> <span class='ocrx_word' id='word_1_414' title='bbox 831 3124 874 3156; x_wconf 78' lang='lat' dir='ltr'>T.</span> <span class='ocrx_word' id='word_1_415' title='bbox 892 3125 936 3157; x_wconf 89' lang='lat' dir='ltr'>ll.</span> <span class='ocrx_word' id='word_1_416' title='bbox 961 3124 1135 3157; x_wconf 69' lang='lat' dir='ltr'>mss-111.</span> <span class='ocrx_word' id='word_1_417' title='bbox 1161 3136 1196 3168; x_wconf 81' lang='lat' dir='ltr'>q.</span> <span class='ocrx_word' id='word_1_418' title='bbox 1212 3125 1341 3168; x_wconf 83' lang='lat' dir='ltr'>3.pro-</span> 
     </span>
    </p>
   </div>
   <div class='ocr_carea' id='block_1_4' title="bbox 231 3163 1343 3254">
    <p class='ocr_par' dir='ltr' id='par_1_5' title="bbox 231 3163 1343 3254">
     <span class='ocr_line' id='line_1_55' title="bbox 231 3163 1343 3215; baseline 0.003 -17"><span class='ocrx_word' id='word_1_419' title='bbox 231 3163 294 3199; x_wconf 69' lang='lat' dir='ltr'>bat</span> <span class='ocrx_word' id='word_1_420' title='bbox 320 3177 360 3197; x_wconf 85' lang='lat' dir='ltr'>ex</span> <span class='ocrx_word' id='word_1_421' title='bbox 388 3163 432 3196; x_wconf 83' lang='lat' dir='ltr'>D.</span> <span class='ocrx_word' id='word_1_422' title='bbox 457 3163 550 3205; x_wconf 59' lang='lat' dir='ltr'>&#39;l‘h.,</span> <span class='ocrx_word' id='word_1_423' title='bbox 582 3166 735 3208; x_wconf 74' lang='lat' dir='ltr'>gratiam</span> <span class='ocrx_word' id='word_1_424' title='bbox 758 3169 931 3204; x_wconf 80' lang='lat' dir='ltr'>efficacem</span> <span class='ocrx_word' id='word_1_425' title='bbox 963 3183 1042 3205; x_wconf 79' lang='lat' dir='ltr'>esse</span> <span class='ocrx_word' id='word_1_426' title='bbox 1067 3172 1343 3215; x_wconf 82' lang='lat' dir='ltr'>complementum</span> 
     </span>
     <span class='ocr_line' id='line_1_56' title="bbox 232 3212 724 3254; baseline 0 -12"><span class='ocrx_word' id='word_1_427' title='bbox 232 3213 371 3247; x_wconf 59' lang='lat' dir='ltr'>virtutis</span> <span class='ocrx_word' id='word_1_428' title='bbox 396 3214 534 3254; x_wconf 75' lang='lat' dir='ltr'>agentis</span> <span class='ocrx_word' id='word_1_429' title='bbox 563 3212 724 3244; x_wconf 78' lang='lat' dir='ltr'>secundi.</span> 
     </span>
    </p>
   </div>
   <div class='ocr_carea' id='block_1_5' title="bbox 232 3254 1352 3443">
    <p class='ocr_par' dir='ltr' id='par_1_6' title="bbox 232 3254 1352 3443">
     <span class='ocr_line' id='line_1_57' title="bbox 283 3254 1342 3309; baseline 0.008 -22"><span class='ocrx_word' id='word_1_430' title='bbox 283 3259 331 3294; x_wconf 79' lang='lat' dir='ltr'>(b)</span> <span class='ocrx_word' id='word_1_431' title='bbox 355 3255 458 3290; x_wconf 68' lang='lat' dir='ltr'>uni-d.</span> <span class='ocrx_word' id='word_1_432' title='bbox 483 3254 526 3288; x_wconf 81' lang='lat' dir='ltr'>de</span> <span class='ocrx_word' id='word_1_433' title='bbox 552 3256 684 3289; x_wconf 82' lang='lat' dir='ltr'>Laurea</span> <span class='ocrx_word' id='word_1_434' title='bbox 708 3258 836 3301; x_wconf 74' lang='lat' dir='ltr'>Opusc.</span> <span class='ocrx_word' id='word_1_435' title='bbox 858 3262 915 3294; x_wconf 81' lang='grc' dir='ltr'><strong>ΙΙΙ.</strong></span> <span class='ocrx_word' id='word_1_436' title='bbox 938 3274 1016 3309; x_wconf 79' lang='lat' dir='ltr'>cap.</span> <span class='ocrx_word' id='word_1_437' title='bbox 1037 3262 1071 3306; x_wconf 77' lang='grc'>4.</span> <span class='ocrx_word' id='word_1_438' title='bbox 1111 3285 1137 3304; x_wconf 87' lang='lat'>,‚</span> <span class='ocrx_word' id='word_1_439' title='bbox 1161 3273 1251 3307; x_wconf 83' lang='lat' dir='ltr'>saepe</span> <span class='ocrx_word' id='word_1_440' title='bbox 1275 3261 1342 3295; x_wconf 89' lang='lat' dir='ltr'>mi-</span> 
     </span>
     <span class='ocr_line' id='line_1_58' title="bbox 233 3304 1342 3352; baseline 0.008 -21"><span class='ocrx_word' id='word_1_441' title='bbox 233 3322 260 3344; x_wconf 87' lang='lat'>„</span> <span class='ocrx_word' id='word_1_442' title='bbox 284 3311 381 3335; x_wconf 72' lang='lat' dir='ltr'>ratus</span> <span class='ocrx_word' id='word_1_443' title='bbox 406 3314 509 3342; x_wconf 82' lang='lat' dir='ltr'>snm,</span> <span class='ocrx_word' id='word_1_444' title='bbox 550 3304 682 3348; x_wconf 79' lang='lat' dir='ltr'>inquit,</span> <span class='ocrx_word' id='word_1_445' title='bbox 717 3315 780 3335; x_wconf 77' lang='lat' dir='ltr'>cur</span> <span class='ocrx_word' id='word_1_446' title='bbox 807 3304 970 3352; x_wconf 79' lang='lat' dir='ltr'>Theologi</span> <span class='ocrx_word' id='word_1_447' title='bbox 1009 3308 1167 3343; x_wconf 79' lang='lat' dir='ltr'>moderni</span> <span class='ocrx_word' id='word_1_448' title='bbox 1192 3308 1342 3352; x_wconf 81' lang='lat' dir='ltr'>gratiam</span> 
     </span>
     <span class='ocr_line' id='line_1_59' title="bbox 232 3347 1343 3395; baseline 0.005 -15"><span class='ocrx_word' id='word_1_449' title='bbox 232 3368 261 3390; x_wconf 73' lang='lat'>22</span> <span class='ocrx_word' id='word_1_450' title='bbox 287 3348 381 3381; x_wconf 80' lang='lat' dir='ltr'>illam</span> <span class='ocrx_word' id='word_1_451' title='bbox 398 3369 408 3388; x_wconf 88' lang='lat'>‚</span> <span class='ocrx_word' id='word_1_452' title='bbox 433 3360 502 3392; x_wconf 77' lang='lat' dir='ltr'>qua</span> <span class='ocrx_word' id='word_1_453' title='bbox 528 3347 631 3382; x_wconf 82' lang='lat' dir='ltr'>homo</span> <span class='ocrx_word' id='word_1_454' title='bbox 655 3350 830 3382; x_wconf 79' lang='lat' dir='ltr'>excitatur</span> <span class='ocrx_word' id='word_1_455' title='bbox 856 3350 898 3383; x_wconf 82' lang='lat' dir='ltr'>ad</span> <span class='ocrx_word' id='word_1_456' title='bbox 915 3352 1044 3388; x_wconf 86' lang='lat' dir='ltr'>bonum</span> <span class='ocrx_word' id='word_1_457' title='bbox 1062 3353 1286 3395; x_wconf 74' lang='lat' dir='ltr'>faciendum,</span> <span class='ocrx_word' id='word_1_458' title='bbox 1311 3355 1343 3385; x_wconf 83' lang='lat'>&amp;</span> 
     </span>
     <span class='ocr_line' id='line_1_60' title="bbox 233 3394 1352 3443; baseline 0.005 -16"><span class='ocrx_word' id='word_1_459' title='bbox 233 3413 263 3435; x_wconf 69' lang='lat'>2,</span> <span class='ocrx_word' id='word_1_460' title='bbox 285 3394 446 3429; x_wconf 66' lang='lat' dir='ltr'>eflectum</span> <span class='ocrx_word' id='word_1_461' title='bbox 459 3406 529 3430; x_wconf 82' lang='lat' dir='ltr'>non</span> <span class='ocrx_word' id='word_1_462' title='bbox 545 3395 704 3438; x_wconf 73' lang='lat' dir='ltr'>obtinet,</span> <span class='ocrx_word' id='word_1_463' title='bbox 728 3406 852 3431; x_wconf 82' lang='lat' dir='ltr'>vocare</span> <span class='ocrx_word' id='word_1_464' title='bbox 870 3401 1036 3443; x_wconf 75' lang='lat' dir='ltr'>coeperint</span> <span class='ocrx_word' id='word_1_465' title='bbox 1054 3401 1284 3437; x_wconf 77' lang='lat' dir='ltr'>sufficientem</span> <span class='ocrx_word' id='word_1_466' title='bbox 1293 3401 1321 3424; x_wconf 74' lang='lat'>‘⁶</span> <span class='ocrx_word' id='word_1_467' title='bbox 1333 3414 1352 3433; x_wconf 76' lang='grc'>.-</span> 
     </span>
    </p>
   </div>
   <div class='ocr_carea' id='block_1_6' title="bbox 765 161 1895 215">
    <p class='ocr_par' dir='ltr' id='par_1_7' title="bbox 765 161 1895 215">
     <span class='ocr_line' id='line_1_61' title="bbox 765 161 1895 215; baseline -0.009 0"><span class='ocrx_word' id='word_1_468' title='bbox 765 170 846 215; x_wconf 89' lang='lat' dir='ltr'>DE</span> <span class='ocrx_word' id='word_1_469' title='bbox 880 168 1114 214; x_wconf 77' lang='lat' dir='ltr'><strong>GRATIA</strong></span> <span class='ocrx_word' id='word_1_470' title='bbox 1148 168 1194 211; x_wconf 91' lang='lat' dir='ltr'>P.</span> <span class='ocrx_word' id='word_1_471' title='bbox 1226 167 1260 210; x_wconf 87' lang='grc' dir='ltr'>Ι.</span> <span class='ocrx_word' id='word_1_472' title='bbox 1292 162 1558 210; x_wconf 82' lang='lat' dir='ltr'><strong>DISSER&#39;I&#39;.</strong></span> <span class='ocrx_word' id='word_1_473' title='bbox 1589 161 1669 206; x_wconf 90' lang='lat' dir='ltr'>IV.</span> <span class='ocrx_word' id='word_1_474' title='bbox 1704 163 1832 208; x_wconf 81' lang='lat' dir='ltr'><strong>CAP.</strong></span> <span class='ocrx_word' id='word_1_475' title='bbox 1863 163 1895 206; x_wconf 88' lang='grc' dir='ltr'>Ι.</span> 
     </span>
    </p>
   </div>
   <div class='ocr_carea' id='block_1_7' title="bbox 1395 237 2524 2216">
    <p class='ocr_par' dir='ltr' id='par_1_8' title="bbox 1395 237 2518 346">
     <span class='ocr_line' id='line_1_62' title="bbox 1395 237 2518 294; baseline 0 -14"><span class='ocrx_word' id='word_1_476' title='bbox 1395 254 1582 288; x_wconf 68' lang='lat' dir='ltr'>reamur,</span> <span class='ocrx_word' id='word_1_477' title='bbox 1611 242 1660 282; x_wconf 59' lang='grc' dir='ltr'>ἔθ’</span> <span class='ocrx_word' id='word_1_478' title='bbox 1688 256 1825 281; x_wconf 77' lang='lat' dir='ltr'>eorum</span> <span class='ocrx_word' id='word_1_479' title='bbox 1853 253 1991 280; x_wconf 76' lang='lat' dir='ltr'>tamen</span> <span class='ocrx_word' id='word_1_480' title='bbox 2021 239 2210 293; x_wconf 72' lang='lat' dir='ltr'>exempla</span> <span class='ocrx_word' id='word_1_481' title='bbox 2227 269 2238 290; x_wconf 90' lang='lat'>‚</span> <span class='ocrx_word' id='word_1_482' title='bbox 2267 237 2518 294; x_wconf 57' lang='lat' dir='ltr'>quoifrzctoe</span> 
     </span>
     <span class='ocr_line' id='line_1_63' title="bbox 1396 294 2074 346; baseline 0.001 -13"><span class='ocrx_word' id='word_1_483' title='bbox 1396 299 1496 343; x_wconf 82' lang='lat' dir='ltr'>sint,</span> <span class='ocrx_word' id='word_1_484' title='bbox 1527 294 1704 346; x_wconf 72' lang='lat' dir='ltr'>proferre</span> <span class='ocrx_word' id='word_1_485' title='bbox 1731 310 1811 334; x_wconf 73' lang='lat' dir='ltr'>non</span> <span class='ocrx_word' id='word_1_486' title='bbox 1839 297 2074 335; x_wconf 69' lang='lat' dir='ltr'>valeamus.</span> 
     </span>
    </p>

    <p class='ocr_par' dir='ltr' id='par_1_9' title="bbox 1396 345 2520 814">
     <span class='ocr_line' id='line_1_64' title="bbox 1444 345 2520 399; baseline -0.006 -12"><span class='ocrx_word' id='word_1_487' title='bbox 1444 361 1515 399; x_wconf 72' lang='lat'>29.</span> <span class='ocrx_word' id='word_1_488' title='bbox 1545 348 1687 386; x_wconf 85' lang='lat' dir='ltr'>Coroll.</span> <span class='ocrx_word' id='word_1_489' title='bbox 1729 350 2010 388; x_wconf 82' lang='lat' dir='ltr'>Consueverunt</span> <span class='ocrx_word' id='word_1_490' title='bbox 2049 349 2147 387; x_wconf 86' lang='lat' dir='ltr'>bene</span> <span class='ocrx_word' id='word_1_491' title='bbox 2177 347 2289 387; x_wconf 82' lang='lat' dir='ltr'>multi</span> <span class='ocrx_word' id='word_1_492' title='bbox 2320 345 2520 397; x_wconf 81' lang='lat' dir='ltr'>Theologi.</span> 
     </span>
     <span class='ocr_line' id='line_1_65' title="bbox 1398 401 2509 453; baseline -0.003 -13"><span class='ocrx_word' id='word_1_493' title='bbox 1398 402 1497 440; x_wconf 83' lang='lat' dir='ltr'>hanc</span> <span class='ocrx_word' id='word_1_494' title='bbox 1527 402 1687 453; x_wconf 81' lang='lat' dir='ltr'>gratiam</span> <span class='ocrx_word' id='word_1_495' title='bbox 1707 402 1944 442; x_wconf 85' lang='lat' dir='ltr'>inefficacem</span> <span class='ocrx_word' id='word_1_496' title='bbox 1965 416 2008 441; x_wconf 91' lang='lat' dir='ltr'>eo</span> <span class='ocrx_word' id='word_1_497' title='bbox 2026 408 2135 441; x_wconf 69' lang='lat' dir='ltr'>sensu</span> <span class='ocrx_word' id='word_1_498' title='bbox 2157 401 2417 450; x_wconf 73' lang='lat' dir='ltr'>sufficientem</span> <span class='ocrx_word' id='word_1_499' title='bbox 2439 414 2509 452; x_wconf 87' lang='lat' dir='ltr'>ap-</span> 
     </span>
     <span class='ocr_line' id='line_1_66' title="bbox 1399 454 2508 508; baseline 0.001 -17"><span class='ocrx_word' id='word_1_500' title='bbox 1399 454 1568 508; x_wconf 87' lang='lat' dir='ltr'>pellare,</span> <span class='ocrx_word' id='word_1_501' title='bbox 1600 464 1640 491; x_wconf 88' lang='lat' dir='ltr'>ut</span> <span class='ocrx_word' id='word_1_502' title='bbox 1668 458 1873 506; x_wconf 84' lang='lat' dir='ltr'>potentiam</span> <span class='ocrx_word' id='word_1_503' title='bbox 1902 460 2070 496; x_wconf 80' lang='lat' dir='ltr'>conferat</span> <span class='ocrx_word' id='word_1_504' title='bbox 2099 455 2349 508; x_wconf 68' lang='lat' dir='ltr'>completam,</span> <span class='ocrx_word' id='word_1_505' title='bbox 2381 455 2508 507; x_wconf 82' lang='lat' dir='ltr'>proxi-</span> 
     </span>
     <span class='ocr_line' id='line_1_67' title="bbox 1399 507 2509 562; baseline 0 -17"><span class='ocrx_word' id='word_1_506' title='bbox 1399 523 1502 546; x_wconf 78' lang='lat' dir='ltr'>mam</span> <span class='ocrx_word' id='word_1_507' title='bbox 1521 538 1530 555; x_wconf 88' lang='lat'>,</span> <span class='ocrx_word' id='word_1_508' title='bbox 1562 507 1595 542; x_wconf 83' lang='grc'>8(</span> <span class='ocrx_word' id='word_1_509' title='bbox 1626 510 1838 559; x_wconf 82' lang='lat' dir='ltr'>expeditam</span> <span class='ocrx_word' id='word_1_510' title='bbox 1866 510 1914 547; x_wconf 85' lang='lat' dir='ltr'>ad</span> <span class='ocrx_word' id='word_1_511' title='bbox 1943 511 2040 549; x_wconf 86' lang='lat' dir='ltr'>bene</span> <span class='ocrx_word' id='word_1_512' title='bbox 2069 510 2304 562; x_wconf 82' lang='lat' dir='ltr'>operandum</span> <span class='ocrx_word' id='word_1_513' title='bbox 2325 534 2336 546; x_wconf 86' lang='lat'><strong>.</strong></span> <span class='ocrx_word' id='word_1_514' title='bbox 2379 509 2509 556; x_wconf 84' lang='lat' dir='ltr'>Quem</span> 
     </span>
     <span class='ocr_line' id='line_1_68' title="bbox 1399 560 2518 614; baseline 0.002 -17"><span class='ocrx_word' id='word_1_515' title='bbox 1399 560 1582 614; x_wconf 77' lang='lat' dir='ltr'>loquendi</span> <span class='ocrx_word' id='word_1_516' title='bbox 1612 561 1769 598; x_wconf 83' lang='lat' dir='ltr'>modum</span> <span class='ocrx_word' id='word_1_517' title='bbox 1799 564 1914 600; x_wconf 88' lang='lat' dir='ltr'>etiam</span> <span class='ocrx_word' id='word_1_518' title='bbox 1943 563 2227 602; x_wconf 76' lang='lat' dir='ltr'>&#39;Phoinistaruin</span> <span class='ocrx_word' id='word_1_519' title='bbox 2265 561 2385 613; x_wconf 70' lang='lat' dir='ltr'>aliqui</span> <span class='ocrx_word' id='word_1_520' title='bbox 2427 569 2518 612; x_wconf 12' lang='lat' dir='ltr'>post?</span> 
     </span>
     <span class='ocr_line' id='line_1_69' title="bbox 1400 613 2520 666; baseline 0.002 -15"><span class='ocrx_word' id='word_1_521' title='bbox 1400 614 1641 653; x_wconf 69' lang='lat' dir='ltr'>Alvereiium</span> <span class='ocrx_word' id='word_1_522' title='bbox 1671 613 1841 665; x_wconf 82' lang='lat' dir='ltr'>amplexi</span> <span class='ocrx_word' id='word_1_523' title='bbox 1870 624 1954 652; x_wconf 87' lang='lat' dir='ltr'>sunt</span> <span class='ocrx_word' id='word_1_524' title='bbox 1983 617 2071 666; x_wconf 76' lang='lat' dir='ltr'>(a),</span> <span class='ocrx_word' id='word_1_525' title='bbox 2102 619 2151 654; x_wconf 82' lang='lat' dir='ltr'>ita</span> <span class='ocrx_word' id='word_1_526' title='bbox 2172 626 2297 654; x_wconf 87' lang='lat' dir='ltr'>tamen</span> <span class='ocrx_word' id='word_1_527' title='bbox 2320 624 2360 651; x_wconf 89' lang='lat' dir='ltr'>ut</span> <span class='ocrx_word' id='word_1_528' title='bbox 2379 626 2520 653; x_wconf 76' lang='lat' dir='ltr'>omnes·</span> 
     </span>
     <span class='ocr_line' id='line_1_70' title="bbox 1398 667 2513 720; baseline 0 -14"><span class='ocrx_word' id='word_1_529' title='bbox 1398 681 1473 706; x_wconf 85' lang='lat' dir='ltr'>uno</span> <span class='ocrx_word' id='word_1_530' title='bbox 1501 681 1566 705; x_wconf 87' lang='lat' dir='ltr'>ore</span> <span class='ocrx_word' id='word_1_531' title='bbox 1596 667 1785 705; x_wconf 75' lang='lat' dir='ltr'>fateantur</span> <span class='ocrx_word' id='word_1_532' title='bbox 1806 697 1817 714; x_wconf 88' lang='lat'>‚</span> <span class='ocrx_word' id='word_1_533' title='bbox 1859 668 1906 704; x_wconf 83' lang='lat' dir='ltr'>ad</span> <span class='ocrx_word' id='word_1_534' title='bbox 1947 678 2074 706; x_wconf 84' lang='lat' dir='ltr'>actum</span> <span class='ocrx_word' id='word_1_535' title='bbox 2104 670 2213 720; x_wconf 88' lang='lat' dir='ltr'>pium</span> <span class='ocrx_word' id='word_1_536' title='bbox 2244 669 2277 705; x_wconf 86' lang='grc'>8(</span> <span class='ocrx_word' id='word_1_537' title='bbox 2306 668 2513 706; x_wconf 68' lang='lat' dir='ltr'>salutarem</span> 
     </span>
     <span class='ocr_line' id='line_1_71' title="bbox 1396 720 2513 773; baseline 0.001 -14"><span class='ocrx_word' id='word_1_538' title='bbox 1396 722 1514 759; x_wconf 86' lang='lat' dir='ltr'>aliam</span> <span class='ocrx_word' id='word_1_539' title='bbox 1542 721 1706 773; x_wconf 82' lang='lat' dir='ltr'>gratiam</span> <span class='ocrx_word' id='word_1_540' title='bbox 1736 720 1952 772; x_wconf 85' lang='lat' dir='ltr'>majorem,</span> <span class='ocrx_word' id='word_1_541' title='bbox 1990 720 2025 756; x_wconf 89' lang='grc'>8(</span> <span class='ocrx_word' id='word_1_542' title='bbox 2053 721 2246 761; x_wconf 85' lang='lat' dir='ltr'>efficacem</span> <span class='ocrx_word' id='word_1_543' title='bbox 2278 736 2355 760; x_wconf 85' lang='lat' dir='ltr'>esse</span> <span class='ocrx_word' id='word_1_544' title='bbox 2383 735 2513 760; x_wconf 84' lang='lat' dir='ltr'>neces-</span> 
     </span>
     <span class='ocr_line' id='line_1_72' title="bbox 1396 788 1566 814; baseline -0.012 0"><span class='ocrx_word' id='word_1_545' title='bbox 1396 788 1536 814; x_wconf 77' lang='lat' dir='ltr'>sariam</span> <span class='ocrx_word' id='word_1_546' title='bbox 1555 801 1566 812; x_wconf 88' lang='lat'><strong>.</strong></span> 
     </span>
    </p>

    <p class='ocr_par' dir='ltr' id='par_1_10' title="bbox 1398 827 2524 1838">
     <span class='ocr_line' id='line_1_73' title="bbox 1451 827 2514 876; baseline 0.001 -9"><span class='ocrx_word' id='word_1_547' title='bbox 1451 828 1517 867; x_wconf 82' lang='lat'>50.</span> <span class='ocrx_word' id='word_1_548' title='bbox 1548 827 1778 866; x_wconf 74' lang='lat' dir='ltr'>Tournelius</span> <span class='ocrx_word' id='word_1_549' title='bbox 1806 837 1933 865; x_wconf 86' lang='lat' dir='ltr'>autem</span> <span class='ocrx_word' id='word_1_550' title='bbox 1963 835 2059 866; x_wconf 77' lang='lat' dir='ltr'>tetus</span> <span class='ocrx_word' id='word_1_551' title='bbox 2087 836 2139 865; x_wconf 88' lang='lat' dir='ltr'>est</span> <span class='ocrx_word' id='word_1_552' title='bbox 2166 828 2312 876; x_wconf 79' lang='lat' dir='ltr'>Quaest.</span> <span class='ocrx_word' id='word_1_553' title='bbox 2333 828 2419 868; x_wconf 84' lang='lat' dir='ltr'>Vll.</span> <span class='ocrx_word' id='word_1_554' title='bbox 2450 829 2514 868; x_wconf 80' lang='lat' dir='ltr'>De</span> 
     </span>
     <span class='ocr_line' id='line_1_74' title="bbox 1399 880 2514 929; baseline 0.003 -10"><span class='ocrx_word' id='word_1_555' title='bbox 1399 880 1549 920; x_wconf 76' lang='lat' dir='ltr'>Gratia</span> <span class='ocrx_word' id='word_1_556' title='bbox 1578 880 1797 929; x_wconf 77' lang='lat' dir='ltr'>sufficiente</span> <span class='ocrx_word' id='word_1_557' title='bbox 1826 891 1895 920; x_wconf 88' lang='lat' dir='ltr'>art.</span> <span class='ocrx_word' id='word_1_558' title='bbox 1924 896 1956 919; x_wconf 84' lang='grc' dir='ltr'>ι.</span> <span class='ocrx_word' id='word_1_559' title='bbox 1987 889 2027 919; x_wconf 91' lang='lat' dir='ltr'>ut</span> <span class='ocrx_word' id='word_1_560' title='bbox 2056 881 2306 919; x_wconf 86' lang='lat' dir='ltr'>demonstret:</span> <span class='ocrx_word' id='word_1_561' title='bbox 2337 911 2362 929; x_wconf 92' lang='lat'>„</span> <span class='ocrx_word' id='word_1_562' title='bbox 2394 885 2514 922; x_wconf 76' lang='lat' dir='ltr'>numi-</span> 
     </span>
     <span class='ocr_line' id='line_1_75' title="bbox 1399 934 2516 987; baseline 0.002 -15"><span class='ocrx_word' id='word_1_563' title='bbox 1399 965 1425 985; x_wconf 82' lang='lat'><strong>„</strong></span> <span class='ocrx_word' id='word_1_564' title='bbox 1455 950 1503 973; x_wconf 87' lang='lat' dir='ltr'>ne</span> <span class='ocrx_word' id='word_1_565' title='bbox 1530 937 1664 987; x_wconf 76' lang='lat' dir='ltr'>gratiae</span> <span class='ocrx_word' id='word_1_566' title='bbox 1694 934 1916 973; x_wconf 84' lang='lat' dir='ltr'>sufficientis</span> <span class='ocrx_word' id='word_1_567' title='bbox 1944 935 1994 973; x_wconf 86' lang='lat' dir='ltr'>ab</span> <span class='ocrx_word' id='word_1_568' title='bbox 2015 934 2187 973; x_wconf 82' lang='lat' dir='ltr'>Ecclesia</span> <span class='ocrx_word' id='word_1_569' title='bbox 2216 949 2300 973; x_wconf 84' lang='lat' dir='ltr'>eam</span> <span class='ocrx_word' id='word_1_570' title='bbox 2331 935 2516 987; x_wconf 86' lang='lat' dir='ltr'>intelligi,</span> 
     </span>
     <span class='ocr_line' id='line_1_76' title="bbox 1399 987 2517 1042; baseline 0.003 -16"><span class='ocrx_word' id='word_1_571' title='bbox 1399 1019 1427 1038; x_wconf 84' lang='lat'>,‚</span> <span class='ocrx_word' id='word_1_572' title='bbox 1456 1002 1546 1042; x_wconf 82' lang='lat' dir='ltr'>quae</span> <span class='ocrx_word' id='word_1_573' title='bbox 1576 988 1818 1040; x_wconf 84' lang='lat' dir='ltr'>expeditam,</span> <span class='ocrx_word' id='word_1_574' title='bbox 1857 988 2204 1041; x_wconf 82' lang='lat' dir='ltr'>proportionatam,</span> <span class='ocrx_word' id='word_1_575' title='bbox 2249 988 2283 1024; x_wconf 85' lang='grc'>8(</span> <span class='ocrx_word' id='word_1_576' title='bbox 2312 987 2517 1029; x_wconf 80' lang='lat' dir='ltr'>relativam</span> 
     </span>
     <span class='ocr_line' id='line_1_77' title="bbox 1398 1041 2518 1095; baseline 0 -16"><span class='ocrx_word' id='word_1_577' title='bbox 1398 1072 1426 1092; x_wconf 78' lang='lat'>,‚</span> <span class='ocrx_word' id='word_1_578' title='bbox 1456 1043 1503 1080; x_wconf 89' lang='lat' dir='ltr'>ad</span> <span class='ocrx_word' id='word_1_579' title='bbox 1533 1051 1737 1095; x_wconf 75' lang='lat' dir='ltr'>praesentes</span> <span class='ocrx_word' id='word_1_580' title='bbox 1766 1041 1926 1092; x_wconf 84' lang='lat' dir='ltr'>subjecti</span> <span class='ocrx_word' id='word_1_581' title='bbox 1957 1043 2256 1081; x_wconf 70' lang='lat' dir='ltr'>circumstantias</span> <span class='ocrx_word' id='word_1_582' title='bbox 2277 1042 2423 1080; x_wconf 82' lang='lat' dir='ltr'>confert</span> <span class='ocrx_word' id='word_1_583' title='bbox 2453 1055 2518 1081; x_wconf 81' lang='lat' dir='ltr'>vo-</span> 
     </span>
     <span class='ocr_line' id='line_1_78' title="bbox 1399 1094 2518 1148; baseline 0.001 -16"><span class='ocrx_word' id='word_1_584' title='bbox 1399 1125 1427 1146; x_wconf 89' lang='lat'><strong>„</strong></span> <span class='ocrx_word' id='word_1_585' title='bbox 1456 1094 1592 1134; x_wconf 86' lang='lat' dir='ltr'>luntati</span> <span class='ocrx_word' id='word_1_586' title='bbox 1622 1095 1670 1133; x_wconf 88' lang='lat' dir='ltr'>ad</span> <span class='ocrx_word' id='word_1_587' title='bbox 1696 1108 1791 1147; x_wconf 90' lang='lat' dir='ltr'>opus</span> <span class='ocrx_word' id='word_1_588' title='bbox 1818 1095 1964 1134; x_wconf 83' lang='lat' dir='ltr'>bonum</span> <span class='ocrx_word' id='word_1_589' title='bbox 1993 1097 2198 1148; x_wconf 83' lang='lat' dir='ltr'>potentiam</span> <span class='ocrx_word' id='word_1_590' title='bbox 2217 1126 2227 1144; x_wconf 87' lang='lat'>,</span> <span class='ocrx_word' id='word_1_591' title='bbox 2257 1109 2301 1134; x_wconf 87' lang='lat' dir='ltr'>ac</span> <span class='ocrx_word' id='word_1_592' title='bbox 2323 1096 2422 1134; x_wconf 83' lang='lat' dir='ltr'>vires</span> <span class='ocrx_word' id='word_1_593' title='bbox 2451 1110 2518 1148; x_wconf 85' lang='lat' dir='ltr'>pa-</span> 
     </span>
     <span class='ocr_line' id='line_1_79' title="bbox 1400 1148 2518 1202; baseline 0 -16"><span class='ocrx_word' id='word_1_594' title='bbox 1400 1178 1427 1197; x_wconf 85' lang='lat'>„</span> <span class='ocrx_word' id='word_1_595' title='bbox 1456 1163 1515 1187; x_wconf 88' lang='lat' dir='ltr'>res</span> <span class='ocrx_word' id='word_1_596' title='bbox 1536 1180 1546 1198; x_wconf 89' lang='lat'>,</span> <span class='ocrx_word' id='word_1_597' title='bbox 1590 1148 1624 1185; x_wconf 89' lang='grc'>8(</span> <span class='ocrx_word' id='word_1_598' title='bbox 1654 1149 1821 1202; x_wconf 74' lang='lat' dir='ltr'>aequales</span> <span class='ocrx_word' id='word_1_599' title='bbox 1849 1150 2075 1200; x_wconf 71' lang='lat' dir='ltr'>superandae</span> <span class='ocrx_word' id='word_1_600' title='bbox 2103 1150 2424 1201; x_wconf 68' lang='lat' dir='ltr'>concupiscentias</span> <span class='ocrx_word' id='word_1_601' title='bbox 2454 1152 2480 1171; x_wconf 85' lang='lat'><strong>“</strong></span> <span class='ocrx_word' id='word_1_602' title='bbox 2503 1175 2518 1190; x_wconf 83' lang='lat'><strong>.</strong></span> 
     </span>
     <span class='ocr_line' id='line_1_80' title="bbox 1401 1201 2520 1255; baseline -0.001 -14"><span class='ocrx_word' id='word_1_603' title='bbox 1401 1201 1661 1241; x_wconf 85' lang='lat' dir='ltr'>Veruntamen</span> <span class='ocrx_word' id='word_1_604' title='bbox 1692 1204 1938 1255; x_wconf 87' lang='lat' dir='ltr'>perspicuum</span> <span class='ocrx_word' id='word_1_605' title='bbox 1977 1212 2054 1251; x_wconf 79' lang='lat' dir='ltr'>est,</span> <span class='ocrx_word' id='word_1_606' title='bbox 2098 1202 2282 1241; x_wconf 85' lang='lat' dir='ltr'>Ecclesiae</span> <span class='ocrx_word' id='word_1_607' title='bbox 2325 1202 2520 1241; x_wconf 85' lang='lat' dir='ltr'>defiuitio-</span> 
     </span>
     <span class='ocr_line' id='line_1_81' title="bbox 1399 1255 2519 1308; baseline 0.002 -15"><span class='ocrx_word' id='word_1_608' title='bbox 1399 1269 1488 1293; x_wconf 86' lang='lat' dir='ltr'>nem</span> <span class='ocrx_word' id='word_1_609' title='bbox 1518 1257 1566 1294; x_wconf 87' lang='lat' dir='ltr'>ad</span> <span class='ocrx_word' id='word_1_610' title='bbox 1596 1256 1696 1294; x_wconf 88' lang='lat' dir='ltr'>illud</span> <span class='ocrx_word' id='word_1_611' title='bbox 1726 1255 1848 1293; x_wconf 87' lang='lat' dir='ltr'>solum</span> <span class='ocrx_word' id='word_1_612' title='bbox 1879 1257 2073 1308; x_wconf 86' lang='lat' dir='ltr'>restringi,</span> <span class='ocrx_word' id='word_1_613' title='bbox 2094 1257 2195 1308; x_wconf 88' lang='lat' dir='ltr'>quod</span> <span class='ocrx_word' id='word_1_614' title='bbox 2225 1260 2262 1294; x_wconf 87' lang='lat' dir='ltr'>in</span> <span class='ocrx_word' id='word_1_615' title='bbox 2292 1265 2388 1295; x_wconf 88' lang='lat' dir='ltr'>statu</span> <span class='ocrx_word' id='word_1_616' title='bbox 2409 1265 2519 1295; x_wconf 81' lang='lat' dir='ltr'>natu·</span> 
     </span>
     <span class='ocr_line' id='line_1_82' title="bbox 1399 1309 2520 1361; baseline 0.002 -15"><span class='ocrx_word' id='word_1_617' title='bbox 1399 1322 1453 1346; x_wconf 78' lang='lat' dir='ltr'>rae</span> <span class='ocrx_word' id='word_1_618' title='bbox 1484 1309 1602 1361; x_wconf 75' lang='lat' dir='ltr'>lapsae</span> <span class='ocrx_word' id='word_1_619' title='bbox 1630 1310 1762 1360; x_wconf 83' lang='lat' dir='ltr'>gratiae</span> <span class='ocrx_word' id='word_1_620' title='bbox 1792 1311 1964 1346; x_wconf 86' lang='lat' dir='ltr'>interiori</span> <span class='ocrx_word' id='word_1_621' title='bbox 1993 1310 2200 1360; x_wconf 86' lang='lat' dir='ltr'>aliquando</span> <span class='ocrx_word' id='word_1_622' title='bbox 2218 1312 2429 1348; x_wconf 83' lang='lat' dir='ltr'>resistatur.</span> <span class='ocrx_word' id='word_1_623' title='bbox 2462 1312 2520 1348; x_wconf 84' lang='lat' dir='ltr'>An</span> 
     </span>
     <span class='ocr_line' id='line_1_83' title="bbox 1398 1362 2520 1412; baseline -0.001 -12"><span class='ocrx_word' id='word_1_624' title='bbox 1398 1374 1490 1400; x_wconf 83' lang='lat' dir='ltr'>vero</span> <span class='ocrx_word' id='word_1_625' title='bbox 1519 1362 1604 1399; x_wconf 82' lang='lat' dir='ltr'>haec</span> <span class='ocrx_word' id='word_1_626' title='bbox 1631 1363 1753 1412; x_wconf 85' lang='lat' dir='ltr'>gratia</span> <span class='ocrx_word' id='word_1_627' title='bbox 1783 1363 1938 1399; x_wconf 85' lang='lat' dir='ltr'>interior</span> <span class='ocrx_word' id='word_1_628' title='bbox 1957 1362 2034 1399; x_wconf 83' lang='lat' dir='ltr'>dici</span> <span class='ocrx_word' id='word_1_629' title='bbox 2055 1362 2188 1399; x_wconf 87' lang='lat' dir='ltr'>debeat</span> <span class='ocrx_word' id='word_1_630' title='bbox 2207 1363 2405 1410; x_wconf 78' lang='lat' dir='ltr'>sufficiens</span> <span class='ocrx_word' id='word_1_631' title='bbox 2426 1362 2520 1412; x_wconf 80' lang='lat' dir='ltr'><em>(b)?</em></span> 
     </span>
     <span class='ocr_line' id='line_1_84' title="bbox 1398 1413 2524 1467; baseline 0.003 -17"><span class='ocrx_word' id='word_1_632' title='bbox 1398 1414 1435 1450; x_wconf 71' lang='lat'>8&lt;</span> <span class='ocrx_word' id='word_1_633' title='bbox 1464 1416 1502 1451; x_wconf 89' lang='lat' dir='ltr'>in</span> <span class='ocrx_word' id='word_1_634' title='bbox 1524 1427 1600 1466; x_wconf 90' lang='lat' dir='ltr'>quo</span> <span class='ocrx_word' id='word_1_635' title='bbox 1620 1428 1726 1452; x_wconf 86' lang='lat' dir='ltr'>sensu</span> <span class='ocrx_word' id='word_1_636' title='bbox 1748 1414 1939 1452; x_wconf 85' lang='lat' dir='ltr'>sufficiens</span> <span class='ocrx_word' id='word_1_637' title='bbox 1954 1413 2025 1452; x_wconf 80' lang='lat' dir='ltr'>sit?</span> <span class='ocrx_word' id='word_1_638' title='bbox 2056 1414 2213 1466; x_wconf 76' lang='lat' dir='ltr'>insuper</span> <span class='ocrx_word' id='word_1_639' title='bbox 2241 1429 2289 1452; x_wconf 85' lang='lat' dir='ltr'>an</span> <span class='ocrx_word' id='word_1_640' title='bbox 2312 1416 2524 1467; x_wconf 84' lang='lat' dir='ltr'>potentiam-</span> 
     </span>
     <span class='ocr_line' id='line_1_85' title="bbox 1400 1467 2519 1519; baseline 0.002 -14"><span class='ocrx_word' id='word_1_641' title='bbox 1400 1467 1660 1519; x_wconf 82' lang='lat' dir='ltr'>completam,</span> <span class='ocrx_word' id='word_1_642' title='bbox 1704 1469 1951 1519; x_wconf 85' lang='lat' dir='ltr'>proximam,</span> <span class='ocrx_word' id='word_1_643' title='bbox 1994 1467 2028 1504; x_wconf 84' lang='grc'>8(</span> <span class='ocrx_word' id='word_1_644' title='bbox 2070 1468 2284 1519; x_wconf 81' lang='lat' dir='ltr'>expeditam</span> <span class='ocrx_word' id='word_1_645' title='bbox 2315 1467 2519 1507; x_wconf 76' lang='lat' dir='ltr'>conferat?</span> 
     </span>
     <span class='ocr_line' id='line_1_86' title="bbox 1398 1519 2518 1573; baseline 0.001 -14"><span class='ocrx_word' id='word_1_646' title='bbox 1398 1534 1449 1559; x_wconf 85' lang='lat' dir='ltr'>an</span> <span class='ocrx_word' id='word_1_647' title='bbox 1479 1523 1575 1559; x_wconf 87' lang='lat' dir='ltr'>vires</span> <span class='ocrx_word' id='word_1_648' title='bbox 1604 1521 1759 1558; x_wconf 87' lang='lat' dir='ltr'>omnino</span> <span class='ocrx_word' id='word_1_649' title='bbox 1788 1535 1924 1572; x_wconf 86' lang='lat' dir='ltr'>pares,</span> <span class='ocrx_word' id='word_1_650' title='bbox 1967 1519 2002 1557; x_wconf 87' lang='grc'>8(</span> <span class='ocrx_word' id='word_1_651' title='bbox 2040 1522 2207 1573; x_wconf 79' lang='lat' dir='ltr'>aequales</span> <span class='ocrx_word' id='word_1_652' title='bbox 2235 1522 2378 1560; x_wconf 84' lang='lat' dir='ltr'>tribuat</span> <span class='ocrx_word' id='word_1_653' title='bbox 2408 1523 2446 1559; x_wconf 91' lang='lat' dir='ltr'>in</span> <span class='ocrx_word' id='word_1_654' title='bbox 2475 1535 2518 1560; x_wconf 88' lang='lat' dir='ltr'>o·</span> 
     </span>
     <span class='ocr_line' id='line_1_87' title="bbox 1400 1575 2521 1628; baseline 0.003 -17"><span class='ocrx_word' id='word_1_655' title='bbox 1400 1575 1554 1613; x_wconf 87' lang='lat' dir='ltr'>mnibus</span> <span class='ocrx_word' id='word_1_656' title='bbox 1582 1576 1876 1612; x_wconf 84' lang='lat' dir='ltr'>circumstantiis</span> <span class='ocrx_word' id='word_1_657' title='bbox 1919 1575 1965 1612; x_wconf 90' lang='lat' dir='ltr'>ad</span> <span class='ocrx_word' id='word_1_658' title='bbox 1994 1577 2207 1627; x_wconf 88' lang='lat' dir='ltr'>oppositam</span> <span class='ocrx_word' id='word_1_659' title='bbox 2244 1576 2521 1628; x_wconf 88' lang='lat' dir='ltr'>concupiscen-</span> 
     </span>
     <span class='ocr_line' id='line_1_88' title="bbox 1398 1626 2520 1680; baseline 0.003 -16"><span class='ocrx_word' id='word_1_660' title='bbox 1398 1629 1494 1664; x_wconf 82' lang='lat' dir='ltr'>tiam</span> <span class='ocrx_word' id='word_1_661' title='bbox 1523 1627 1801 1680; x_wconf 79' lang='lat' dir='ltr'>superandam,</span> <span class='ocrx_word' id='word_1_662' title='bbox 1832 1626 1943 1665; x_wconf 89' lang='lat' dir='ltr'>nullo</span> <span class='ocrx_word' id='word_1_663' title='bbox 1969 1628 2232 1666; x_wconf 79' lang='lat' dir='ltr'>conciliorum</span> <span class='ocrx_word' id='word_1_664' title='bbox 2250 1659 2261 1676; x_wconf 92' lang='lat'>,</span> <span class='ocrx_word' id='word_1_665' title='bbox 2299 1639 2363 1667; x_wconf 90' lang='lat' dir='ltr'>aut</span> <span class='ocrx_word' id='word_1_666' title='bbox 2392 1628 2520 1667; x_wconf 83' lang='lat' dir='ltr'>Ponti-</span> 
     </span>
     <span class='ocr_line' id='line_1_89' title="bbox 1398 1679 2520 1732; baseline 0.002 -14"><span class='ocrx_word' id='word_1_667' title='bbox 1398 1680 1520 1718; x_wconf 90' lang='lat' dir='ltr'>ficum</span> <span class='ocrx_word' id='word_1_668' title='bbox 1548 1679 1704 1718; x_wconf 85' lang='lat' dir='ltr'>oraculo</span> <span class='ocrx_word' id='word_1_669' title='bbox 1733 1693 1906 1732; x_wconf 84' lang='lat' dir='ltr'>expresse</span> <span class='ocrx_word' id='word_1_670' title='bbox 1934 1680 2136 1718; x_wconf 88' lang='lat' dir='ltr'>definitum</span> <span class='ocrx_word' id='word_1_671' title='bbox 2180 1690 2258 1729; x_wconf 83' lang='lat' dir='ltr'>est,</span> <span class='ocrx_word' id='word_1_672' title='bbox 2303 1681 2337 1717; x_wconf 86' lang='lat'>&amp;</span> <span class='ocrx_word' id='word_1_673' title='bbox 2365 1683 2520 1721; x_wconf 86' lang='lat' dir='ltr'>nonnisi</span> 
     </span>
     <span class='ocr_line' id='line_1_90' title="bbox 1401 1733 2520 1774; baseline 0.001 -2"><span class='ocrx_word' id='word_1_674' title='bbox 1401 1734 1663 1772; x_wconf 85' lang='lat' dir='ltr'>ratiocinando</span> <span class='ocrx_word' id='word_1_675' title='bbox 1693 1733 1776 1771; x_wconf 85' lang='lat' dir='ltr'>haec</span> <span class='ocrx_word' id='word_1_676' title='bbox 1807 1747 1852 1771; x_wconf 88' lang='lat' dir='ltr'>ex</span> <span class='ocrx_word' id='word_1_677' title='bbox 1872 1733 2056 1772; x_wconf 75' lang='lat' dir='ltr'>Ecclesiae</span> <span class='ocrx_word' id='word_1_678' title='bbox 2076 1734 2367 1774; x_wconf 75' lang='lat' dir='ltr'>definitionibus</span> <span class='ocrx_word' id='word_1_679' title='bbox 2381 1735 2520 1773; x_wconf 80' lang='lat' dir='ltr'>deduci</span> 
     </span>
     <span class='ocr_line' id='line_1_91' title="bbox 1400 1787 1637 1838; baseline 0 -13"><span class='ocrx_word' id='word_1_680' title='bbox 1400 1787 1521 1825; x_wconf 88' lang='lat' dir='ltr'>solent</span> <span class='ocrx_word' id='word_1_681' title='bbox 1551 1787 1637 1838; x_wconf 86' lang='lat' dir='ltr'>(c).</span> 
     </span>
    </p>

    <p class='ocr_par' dir='ltr' id='par_1_11' title="bbox 1400 1839 2524 2216">
     <span class='ocr_line' id='line_1_92' title="bbox 1457 1839 2523 1893; baseline -0.001 -13"><span class='ocrx_word' id='word_1_682' title='bbox 1457 1841 1521 1880; x_wconf 84' lang='lat'>51.</span> <span class='ocrx_word' id='word_1_683' title='bbox 1553 1841 1687 1887; x_wconf 86' lang='lat' dir='ltr'>Addo,</span> <span class='ocrx_word' id='word_1_684' title='bbox 1716 1839 1843 1878; x_wconf 85' lang='lat' dir='ltr'>adhuc</span> <span class='ocrx_word' id='word_1_685' title='bbox 1872 1840 2086 1892; x_wconf 86' lang='lat' dir='ltr'>disputari,</span> <span class='ocrx_word' id='word_1_686' title='bbox 2114 1840 2209 1893; x_wconf 85' lang='lat' dir='ltr'>quid</span> <span class='ocrx_word' id='word_1_687' title='bbox 2239 1841 2367 1879; x_wconf 75' lang='lat' dir='ltr'>veniat</span> <span class='ocrx_word' id='word_1_688' title='bbox 2395 1841 2523 1879; x_wconf 84' lang='lat' dir='ltr'>uomi-</span> 
     </span>
     <span class='ocr_line' id='line_1_93' title="bbox 1400 1893 2524 1946; baseline -0.001 -14"><span class='ocrx_word' id='word_1_689' title='bbox 1400 1909 1448 1932; x_wconf 90' lang='lat' dir='ltr'>ne</span> <span class='ocrx_word' id='word_1_690' title='bbox 1476 1896 1608 1945; x_wconf 83' lang='lat' dir='ltr'>gratiae</span> <span class='ocrx_word' id='word_1_691' title='bbox 1641 1893 1890 1943; x_wconf 81' lang='lat' dir='ltr'>sufficientis,</span> <span class='ocrx_word' id='word_1_692' title='bbox 1919 1895 2015 1946; x_wconf 87' lang='lat' dir='ltr'>quid</span> <span class='ocrx_word' id='word_1_693' title='bbox 2043 1898 2199 1933; x_wconf 90' lang='lat' dir='ltr'>nomine</span> <span class='ocrx_word' id='word_1_694' title='bbox 2228 1897 2402 1946; x_wconf 77' lang='lat' dir='ltr'>potentiae</span> <span class='ocrx_word' id='word_1_695' title='bbox 2418 1908 2524 1933; x_wconf 84' lang='lat' dir='ltr'>com-</span> 
     </span>
     <span class='ocr_line' id='line_1_94' title="bbox 1400 1947 2524 2001; baseline 0.001 -16"><span class='ocrx_word' id='word_1_696' title='bbox 1400 1948 1544 2001; x_wconf 76' lang='lat' dir='ltr'>pletas,</span> <span class='ocrx_word' id='word_1_697' title='bbox 1577 1949 1788 1999; x_wconf 68' lang='lat' dir='ltr'>proximas,</span> <span class='ocrx_word' id='word_1_698' title='bbox 1832 1947 1865 1983; x_wconf 90' lang='grc'>8(</span> <span class='ocrx_word' id='word_1_699' title='bbox 1894 1948 2081 1999; x_wconf 64' lang='lat' dir='ltr'>expeditae</span> <span class='ocrx_word' id='word_1_700' title='bbox 2100 1978 2110 1995; x_wconf 92' lang='lat'>,</span> <span class='ocrx_word' id='word_1_701' title='bbox 2140 1949 2174 1985; x_wconf 85' lang='lat'>&amp;</span> <span class='ocrx_word' id='word_1_702' title='bbox 2203 1949 2297 2001; x_wconf 90' lang='lat' dir='ltr'>quid</span> <span class='ocrx_word' id='word_1_703' title='bbox 2325 1961 2394 2000; x_wconf 85' lang='lat' dir='ltr'>per</span> <span class='ocrx_word' id='word_1_704' title='bbox 2422 1949 2524 1987; x_wconf 77' lang='lat' dir='ltr'>vires</span> 
     </span>
     <span class='ocr_line' id='line_1_95' title="bbox 1401 2000 2522 2054; baseline 0 -15"><span class='ocrx_word' id='word_1_705' title='bbox 1401 2015 1511 2054; x_wconf 85' lang='lat' dir='ltr'>pares</span> <span class='ocrx_word' id='word_1_706' title='bbox 1531 2031 1543 2050; x_wconf 86' lang='lat'>,</span> <span class='ocrx_word' id='word_1_707' title='bbox 1574 2000 1608 2036; x_wconf 85' lang='grc'>8(</span> <span class='ocrx_word' id='word_1_708' title='bbox 1637 2000 1807 2054; x_wconf 85' lang='lat' dir='ltr'>aequales</span> <span class='ocrx_word' id='word_1_709' title='bbox 1836 2000 2099 2053; x_wconf 87' lang='lat' dir='ltr'>intelligatur.</span> <span class='ocrx_word' id='word_1_710' title='bbox 2142 2001 2226 2040; x_wconf 88' lang='lat' dir='ltr'>Nisi</span> <span class='ocrx_word' id='word_1_711' title='bbox 2256 2001 2295 2039; x_wconf 87' lang='lat' dir='ltr'>id</span> <span class='ocrx_word' id='word_1_712' title='bbox 2326 2004 2429 2053; x_wconf 88' lang='lat' dir='ltr'>prius</span> <span class='ocrx_word' id='word_1_713' title='bbox 2458 2001 2522 2040; x_wconf 76' lang='lat' dir='ltr'>vei</span> 
     </span>
     <span class='ocr_line' id='line_1_96' title="bbox 1402 2054 2523 2106; baseline -0.001 -12"><span class='ocrx_word' id='word_1_714' title='bbox 1402 2063 1546 2094; x_wconf 88' lang='lat' dir='ltr'>constet</span> <span class='ocrx_word' id='word_1_715' title='bbox 1572 2055 1670 2093; x_wconf 88' lang='lat' dir='ltr'>inter</span> <span class='ocrx_word' id='word_1_716' title='bbox 1700 2054 1910 2106; x_wconf 84' lang='lat' dir='ltr'>Theologos</span> <span class='ocrx_word' id='word_1_717' title='bbox 1931 2083 1942 2102; x_wconf 91' lang='lat'>,</span> <span class='ocrx_word' id='word_1_718' title='bbox 1971 2054 2033 2092; x_wconf 90' lang='lat' dir='ltr'>vel</span> <span class='ocrx_word' id='word_1_719' title='bbox 2062 2055 2113 2092; x_wconf 84' lang='lat' dir='ltr'>ab</span> <span class='ocrx_word' id='word_1_720' title='bbox 2140 2055 2315 2093; x_wconf 86' lang='lat' dir='ltr'>Ecclesia</span> <span class='ocrx_word' id='word_1_721' title='bbox 2344 2056 2523 2093; x_wconf 83' lang='lat' dir='ltr'>determi-</span> 
     </span>
     <span class='ocr_line' id='line_1_97' title="bbox 1403 2107 2521 2160; baseline -0.002 -12"><span class='ocrx_word' id='word_1_722' title='bbox 1403 2118 1540 2157; x_wconf 87' lang='lat' dir='ltr'>netur,</span> <span class='ocrx_word' id='word_1_723' title='bbox 1571 2107 1677 2147; x_wconf 84' lang='lat' dir='ltr'>nulla</span> <span class='ocrx_word' id='word_1_724' title='bbox 1703 2118 1806 2146; x_wconf 91' lang='lat' dir='ltr'>certa</span> <span class='ocrx_word' id='word_1_725' title='bbox 1826 2138 1838 2158; x_wconf 85' lang='lat'>,</span> <span class='ocrx_word' id='word_1_726' title='bbox 1880 2107 1916 2144; x_wconf 87' lang='grc'>8(</span> <span class='ocrx_word' id='word_1_727' title='bbox 1944 2108 2157 2160; x_wconf 83' lang='lat' dir='ltr'>dogmatica</span> <span class='ocrx_word' id='word_1_728' title='bbox 2183 2108 2357 2148; x_wconf 78' lang='lat' dir='ltr'>definitio</span> <span class='ocrx_word' id='word_1_729' title='bbox 2385 2108 2521 2148; x_wconf 80' lang='lat' dir='ltr'>haberi</span> 
     </span>
     <span class='ocr_line' id='line_1_98' title="bbox 1400 2171 1570 2216; baseline 0 -15"><span class='ocrx_word' id='word_1_730' title='bbox 1400 2171 1540 2216; x_wconf 79' lang='lat' dir='ltr'>poterit</span> <span class='ocrx_word' id='word_1_731' title='bbox 1559 2187 1570 2201; x_wconf 85' lang='grc'><strong>.</strong></span> 
     </span>
    </p>
   </div>
   <div class='ocr_carea' id='block_1_8' title="bbox 1837 2267 2091 2308">
    <p class='ocr_par' dir='ltr' id='par_1_12' title="bbox 1837 2267 2091 2308">
     <span class='ocr_line' id='line_1_99' title="bbox 1837 2267 2091 2308; baseline 0.004 -1"><span class='ocrx_word' id='word_1_732' title='bbox 1837 2267 2012 2308; x_wconf 83' lang='lat' dir='ltr'><strong>CAPUT</strong></span> <span class='ocrx_word' id='word_1_733' title='bbox 2041 2270 2091 2308; x_wconf 90' lang='grc' dir='ltr'>ΙΙ.</span> 
     </span>
    </p>
   </div>
   <div class='ocr_carea' id='block_1_9' title="bbox 1403 2375 2526 2537">
    <p class='ocr_par' dir='ltr' id='par_1_13' title="bbox 1403 2375 2526 2537">
     <span class='ocr_line' id='line_1_100' title="bbox 1403 2375 2526 2428; baseline -0.001 -13"><span class='ocrx_word' id='word_1_734' title='bbox 1403 2375 1640 2418; x_wconf 78' lang='lat' dir='ltr'>Ostenditur</span> <span class='ocrx_word' id='word_1_735' title='bbox 1655 2405 1666 2424; x_wconf 82' lang='lat'><strong>‚</strong></span> <span class='ocrx_word' id='word_1_736' title='bbox 1689 2376 1810 2428; x_wconf 79' lang='lat' dir='ltr'>justis</span> <span class='ocrx_word' id='word_1_737' title='bbox 1830 2375 2067 2414; x_wconf 77' lang='lat' dir='ltr'>conantibus</span> <span class='ocrx_word' id='word_1_738' title='bbox 2084 2406 2096 2425; x_wconf 90' lang='lat'>,</span> <span class='ocrx_word' id='word_1_739' title='bbox 2123 2376 2174 2418; x_wconf 57' lang='grc' dir='ltr'>(θ’</span> <span class='ocrx_word' id='word_1_740' title='bbox 2193 2375 2404 2416; x_wconf 65' lang='lat' dir='ltr'>volentibus</span> <span class='ocrx_word' id='word_1_741' title='bbox 2424 2390 2526 2414; x_wconf 84' lang='lat' dir='ltr'>nun-</span> 
     </span>
     <span class='ocr_line' id='line_1_101' title="bbox 1457 2429 2526 2484; baseline 0.003 -17"><span class='ocrx_word' id='word_1_742' title='bbox 1457 2445 1583 2482; x_wconf 81' lang='lat' dir='ltr'>quam</span> <span class='ocrx_word' id='word_1_743' title='bbox 1611 2429 1747 2467; x_wconf 82' lang='lat' dir='ltr'>deesse</span> <span class='ocrx_word' id='word_1_744' title='bbox 1788 2433 1995 2482; x_wconf 76' lang='lat' dir='ltr'>gratiam,</span> <span class='ocrx_word' id='word_1_745' title='bbox 2033 2443 2114 2482; x_wconf 82' lang='lat' dir='ltr'>qua</span> <span class='ocrx_word' id='word_1_746' title='bbox 2141 2441 2429 2484; x_wconf 78' lang='lat' dir='ltr'>praeceptorum</span> <span class='ocrx_word' id='word_1_747' title='bbox 2459 2430 2526 2470; x_wconf 81' lang='lat' dir='ltr'>ob-</span> 
     </span>
     <span class='ocr_line' id='line_1_102' title="bbox 1457 2482 2100 2537; baseline -0.002 -14"><span class='ocrx_word' id='word_1_748' title='bbox 1457 2486 1633 2523; x_wconf 77' lang='lat' dir='ltr'>servatio</span> <span class='ocrx_word' id='word_1_749' title='bbox 1661 2495 1750 2523; x_wconf 72' lang='lat' dir='ltr'>vere</span> <span class='ocrx_word' id='word_1_750' title='bbox 1778 2482 1968 2534; x_wconf 81' lang='lat' dir='ltr'>possibilis</span> <span class='ocrx_word' id='word_1_751' title='bbox 1983 2483 2100 2537; x_wconf 77' lang='lat' dir='ltr'>fiat.</span> 
     </span>
    </p>
   </div>
   <div class='ocr_carea' id='block_1_10' title="bbox 1403 2567 2527 2911">
    <p class='ocr_par' dir='ltr' id='par_1_14' title="bbox 1403 2567 2527 2911">
     <span class='ocr_line' id='line_1_103' title="bbox 1459 2567 2523 2636; baseline -0.003 -4"><span class='ocrx_word' id='word_1_752' title='bbox 1459 2567 1770 2636; x_wconf 79' lang='lat' dir='ltr'>52.Celebrem</span> <span class='ocrx_word' id='word_1_753' title='bbox 1813 2590 1911 2628; x_wconf 84' lang='lat' dir='ltr'>hanc</span> <span class='ocrx_word' id='word_1_754' title='bbox 1952 2590 2246 2628; x_wconf 88' lang='lat' dir='ltr'>controversiam</span> <span class='ocrx_word' id='word_1_755' title='bbox 2289 2603 2367 2628; x_wconf 90' lang='lat' dir='ltr'>non</span> <span class='ocrx_word' id='word_1_756' title='bbox 2396 2590 2523 2629; x_wconf 78' lang='lat' dir='ltr'>solum</span> 
     </span>
     <span class='ocr_line' id='line_1_104' title="bbox 1403 2643 2522 2696; baseline -0.002 -12"><span class='ocrx_word' id='word_1_757' title='bbox 1403 2646 1598 2684; x_wconf 86' lang='lat' dir='ltr'>damnatio</span> <span class='ocrx_word' id='word_1_758' title='bbox 1626 2646 1764 2696; x_wconf 80' lang='lat' dir='ltr'>primae</span> <span class='ocrx_word' id='word_1_759' title='bbox 1794 2644 2059 2696; x_wconf 87' lang='lat' dir='ltr'>propositionis</span> <span class='ocrx_word' id='word_1_760' title='bbox 2087 2643 2258 2681; x_wconf 83' lang='lat' dir='ltr'>Jansenii</span> <span class='ocrx_word' id='word_1_761' title='bbox 2297 2644 2386 2682; x_wconf 83' lang='lat' dir='ltr'>fecit</span> <span class='ocrx_word' id='word_1_762' title='bbox 2404 2674 2414 2692; x_wconf 89' lang='lat'>,</span> <span class='ocrx_word' id='word_1_763' title='bbox 2458 2645 2522 2682; x_wconf 83' lang='lat' dir='ltr'>sed</span> 
     </span>
     <span class='ocr_line' id='line_1_105' title="bbox 1405 2696 2522 2750; baseline -0.002 -13"><span class='ocrx_word' id='word_1_764' title='bbox 1405 2701 1520 2738; x_wconf 85' lang='lat' dir='ltr'>etiam</span> <span class='ocrx_word' id='word_1_765' title='bbox 1551 2698 1675 2737; x_wconf 87' lang='lat' dir='ltr'>turbae</span> <span class='ocrx_word' id='word_1_766' title='bbox 1705 2701 1745 2736; x_wconf 90' lang='lat' dir='ltr'>in</span> <span class='ocrx_word' id='word_1_767' title='bbox 1766 2710 1879 2735; x_wconf 87' lang='lat' dir='ltr'>causa</span> <span class='ocrx_word' id='word_1_768' title='bbox 1895 2696 2108 2734; x_wconf 84' lang='lat' dir='ltr'>Arnaldina</span> <span class='ocrx_word' id='word_1_769' title='bbox 2137 2699 2310 2735; x_wconf 78' lang='lat' dir='ltr'>excitatas</span> <span class='ocrx_word' id='word_1_770' title='bbox 2329 2729 2339 2746; x_wconf 82' lang='lat'>‚</span> <span class='ocrx_word' id='word_1_771' title='bbox 2370 2698 2418 2734; x_wconf 88' lang='lat' dir='ltr'>de</span> <span class='ocrx_word' id='word_1_772' title='bbox 2436 2700 2522 2750; x_wconf 84' lang='lat' dir='ltr'>qui-</span> 
     </span>
     <span class='ocr_line' id='line_1_106' title="bbox 1405 2749 2524 2804; baseline -0.002 -13"><span class='ocrx_word' id='word_1_773' title='bbox 1405 2752 1478 2791; x_wconf 84' lang='lat' dir='ltr'>bus</span> <span class='ocrx_word' id='word_1_774' title='bbox 1505 2765 1621 2804; x_wconf 89' lang='lat' dir='ltr'>supra</span> <span class='ocrx_word' id='word_1_775' title='bbox 1648 2753 1736 2790; x_wconf 86' lang='lat' dir='ltr'>satis</span> <span class='ocrx_word' id='word_1_776' title='bbox 1765 2751 1930 2787; x_wconf 89' lang='lat' dir='ltr'>diximus</span> <span class='ocrx_word' id='word_1_777' title='bbox 1960 2749 2150 2788; x_wconf 80' lang='lat' dir='ltr'>Diss.111.</span> <span class='ocrx_word' id='word_1_778' title='bbox 2180 2766 2218 2789; x_wconf 86' lang='lat' dir='ltr'>n.</span> <span class='ocrx_word' id='word_1_779' title='bbox 2245 2765 2307 2803; x_wconf 76' lang='lat'>79.</span> <span class='ocrx_word' id='word_1_780' title='bbox 2340 2765 2418 2803; x_wconf 88' lang='lat' dir='ltr'>seq.</span> <span class='ocrx_word' id='word_1_781' title='bbox 2448 2751 2524 2789; x_wconf 83' lang='lat' dir='ltr'>Sed</span> 
     </span>
     <span class='ocr_line' id='line_1_107' title="bbox 1405 2802 2522 2855; baseline -0.002 -11"><span class='ocrx_word' id='word_1_782' title='bbox 1405 2806 1472 2845; x_wconf 88' lang='lat' dir='ltr'>hic</span> <span class='ocrx_word' id='word_1_783' title='bbox 1499 2805 1779 2844; x_wconf 86' lang='lat' dir='ltr'>observandum</span> <span class='ocrx_word' id='word_1_784' title='bbox 1809 2810 1884 2850; x_wconf 83' lang='lat' dir='ltr'>est,</span> <span class='ocrx_word' id='word_1_785' title='bbox 1912 2802 2109 2852; x_wconf 81' lang='lat' dir='ltr'>duplicem</span> <span class='ocrx_word' id='word_1_786' title='bbox 2140 2817 2215 2842; x_wconf 87' lang='lat' dir='ltr'>esse</span> <span class='ocrx_word' id='word_1_787' title='bbox 2236 2806 2522 2855; x_wconf 84' lang='lat' dir='ltr'>impotentiam,</span> 
     </span>
     <span class='ocr_line' id='line_1_108' title="bbox 1407 2855 2527 2911; baseline -0.002 -12"><span class='ocrx_word' id='word_1_788' title='bbox 1407 2860 1526 2899; x_wconf 81' lang='lat' dir='ltr'>aliam</span> <span class='ocrx_word' id='word_1_789' title='bbox 1554 2858 1805 2905; x_wconf 78' lang='lat' dir='ltr'>naturalem,</span> <span class='ocrx_word' id='word_1_790' title='bbox 1847 2869 1911 2895; x_wconf 85' lang='lat' dir='ltr'>seu</span> <span class='ocrx_word' id='word_1_791' title='bbox 1938 2855 2153 2910; x_wconf 74' lang='lat' dir='ltr'>physicam</span> <span class='ocrx_word' id='word_1_792' title='bbox 2175 2888 2187 2907; x_wconf 86' lang='lat'>‚</span> <span class='ocrx_word' id='word_1_793' title='bbox 2229 2858 2355 2911; x_wconf 82' lang='lat' dir='ltr'>qualis</span> <span class='ocrx_word' id='word_1_794' title='bbox 2385 2867 2435 2896; x_wconf 82' lang='lat' dir='ltr'>est</span> <span class='ocrx_word' id='word_1_795' title='bbox 2464 2870 2527 2897; x_wconf 78' lang='lat' dir='ltr'>ex·</span> 
     </span>
    </p>
   </div>
   <div class='ocr_carea' id='block_1_11' title="bbox 2414 2925 2472 2963">
    <p class='ocr_par' dir='ltr' id='par_1_15' title="bbox 2414 2925 2472 2963">
     <span class='ocr_line' id='line_1_109' title="bbox 2414 2925 2472 2963; baseline 0.017 -14"><span class='ocrx_word' id='word_1_796' title='bbox 2414 2925 2472 2963; x_wconf 84' lang='lat' dir='ltr'>gr.</span> 
     </span>
    </p>
   </div>
   <div class='ocr_carea' id='block_1_12' title="bbox 1399 3023 2527 3395">
    <p class='ocr_par' dir='ltr' id='par_1_16' title="bbox 1399 3023 2527 3395">
     <span class='ocr_line' id='line_1_110' title="bbox 1456 3023 2522 3069; baseline -0.002 -10"><span class='ocrx_word' id='word_1_797' title='bbox 1456 3030 1501 3065; x_wconf 84' lang='lat' dir='ltr'>(c)</span> <span class='ocrx_word' id='word_1_798' title='bbox 1522 3025 1680 3069; x_wconf 73' lang='lat' dir='ltr'>Legunt,</span> <span class='ocrx_word' id='word_1_799' title='bbox 1716 3023 1832 3069; x_wconf 82' lang='lat' dir='ltr'>inquit</span> <span class='ocrx_word' id='word_1_800' title='bbox 1856 3023 2047 3069; x_wconf 77' lang='lat' dir='ltr'>cajetanus</span> <span class='ocrx_word' id='word_1_801' title='bbox 2073 3025 2214 3060; x_wconf 86' lang='lat' dir='ltr'>Benitez</span> <span class='ocrx_word' id='word_1_802' title='bbox 2241 3026 2275 3058; x_wconf 89' lang='lat' dir='ltr'>in</span> <span class='ocrx_word' id='word_1_803' title='bbox 2302 3035 2428 3068; x_wconf 79' lang='lat' dir='ltr'>opere,</span> <span class='ocrx_word' id='word_1_804' title='bbox 2465 3024 2522 3057; x_wconf 82' lang='lat' dir='ltr'>cui</span> 
     </span>
     <span class='ocr_line' id='line_1_111' title="bbox 1405 3071 2523 3115; baseline -0.004 -9"><span class='ocrx_word' id='word_1_805' title='bbox 1405 3072 1550 3106; x_wconf 78' lang='lat' dir='ltr'>titulus:</span> <span class='ocrx_word' id='word_1_806' title='bbox 1580 3071 1634 3104; x_wconf 85' lang='lat' dir='ltr'>De</span> <span class='ocrx_word' id='word_1_807' title='bbox 1662 3083 1738 3103; x_wconf 72' lang='lat' dir='ltr'>vera.</span> <span class='ocrx_word' id='word_1_808' title='bbox 1753 3071 1894 3104; x_wconf 77' lang='lat' dir='ltr'>Christi</span> <span class='ocrx_word' id='word_1_809' title='bbox 1907 3075 2024 3115; x_wconf 77' lang='lat' dir='ltr'>gratia</span> <span class='ocrx_word' id='word_1_810' title='bbox 2039 3093 2050 3113; x_wconf 86' lang='lat'>‚</span> <span class='ocrx_word' id='word_1_811' title='bbox 2076 3073 2194 3105; x_wconf 62' lang='lat' dir='ltr'>Rom-(e</span> <span class='ocrx_word' id='word_1_812' title='bbox 2212 3073 2378 3114; x_wconf 72' lang='lat' dir='ltr'>impresso</span> <span class='ocrx_word' id='word_1_813' title='bbox 2396 3071 2496 3112; x_wconf 77' lang='lat'>1733.</span> <span class='ocrx_word' id='word_1_814' title='bbox 2510 3092 2523 3112; x_wconf 87' lang='lat'>,</span> 
     </span>
     <span class='ocr_line' id='line_1_112' title="bbox 1407 3115 2524 3158; baseline -0.002 -7"><span class='ocrx_word' id='word_1_815' title='bbox 1407 3121 1440 3151; x_wconf 75' lang='grc' dir='ltr'>δι</span> <span class='ocrx_word' id='word_1_816' title='bbox 1463 3117 1638 3151; x_wconf 85' lang='lat' dir='ltr'>Clementi</span> <span class='ocrx_word' id='word_1_817' title='bbox 1666 3117 1746 3150; x_wconf 75' lang='lat' dir='ltr'>XM.</span> <span class='ocrx_word' id='word_1_818' title='bbox 1778 3116 1894 3151; x_wconf 85' lang='lat' dir='ltr'>dicato</span> <span class='ocrx_word' id='word_1_819' title='bbox 1920 3119 2069 3153; x_wconf 80' lang='lat' dir='ltr'>Dissert.</span> <span class='ocrx_word' id='word_1_820' title='bbox 2096 3121 2156 3151; x_wconf 81' lang='lat' dir='ltr'>lli.</span> <span class='ocrx_word' id='word_1_821' title='bbox 2195 3117 2284 3150; x_wconf 66' lang='lat' dir='ltr'>Levib-</span> <span class='ocrx_word' id='word_1_822' title='bbox 2309 3129 2337 3149; x_wconf 87' lang='lat'>1.</span> <span class='ocrx_word' id='word_1_823' title='bbox 2377 3118 2406 3158; x_wconf 60' lang='grc' dir='ltr'>ᾧ.</span> <span class='ocrx_word' id='word_1_824' title='bbox 2427 3115 2460 3157; x_wconf 75' lang='grc'>4.</span> <span class='ocrx_word' id='word_1_825' title='bbox 2487 3128 2524 3149; x_wconf 80' lang='lat' dir='ltr'>n.</span> 
     </span>
     <span class='ocr_line' id='line_1_113' title="bbox 1408 3163 2527 3208; baseline -0.002 -11"><span class='ocrx_word' id='word_1_826' title='bbox 1408 3166 1466 3207; x_wconf 74' lang='grc'>43.</span> <span class='ocrx_word' id='word_1_827' title='bbox 1494 3167 1635 3208; x_wconf 80' lang='lat' dir='ltr'>legant,</span> <span class='ocrx_word' id='word_1_828' title='bbox 1660 3166 1701 3196; x_wconf 72' lang='grc' dir='ltr'>Θ·</span> <span class='ocrx_word' id='word_1_829' title='bbox 1728 3166 1882 3208; x_wconf 77' lang='lat' dir='ltr'>relegant</span> <span class='ocrx_word' id='word_1_830' title='bbox 1909 3165 2097 3205; x_wconf 70' lang='lat' dir='ltr'>Concilio,</span> <span class='ocrx_word' id='word_1_831' title='bbox 2124 3165 2389 3207; x_wconf 67' lang='lat' dir='ltr'>Snmmormnqtze</span> <span class='ocrx_word' id='word_1_832' title='bbox 2407 3163 2527 3195; x_wconf 41' lang='lat' dir='ltr'>l’ffnti-</span> 
     </span>
     <span class='ocr_line' id='line_1_114' title="bbox 1399 3208 2526 3257; baseline -0.002 -13"><span class='ocrx_word' id='word_1_833' title='bbox 1399 3211 1511 3255; x_wconf 80' lang='lat' dir='ltr'>ficum</span> <span class='ocrx_word' id='word_1_834' title='bbox 1536 3212 1676 3245; x_wconf 84' lang='lat' dir='ltr'>decreta</span> <span class='ocrx_word' id='word_1_835' title='bbox 1691 3230 1702 3250; x_wconf 85' lang='lat'>,</span> <span class='ocrx_word' id='word_1_836' title='bbox 1725 3211 1819 3244; x_wconf 79' lang='lat' dir='ltr'>&#39;nihil</span> <span class='ocrx_word' id='word_1_837' title='bbox 1844 3212 2038 3257; x_wconf 67' lang='lat' dir='ltr'>hujusmodi</span> <span class='ocrx_word' id='word_1_838' title='bbox 2063 3214 2236 3243; x_wconf 67' lang='lat' dir='ltr'>invenient</span> <span class='ocrx_word' id='word_1_839' title='bbox 2254 3232 2265 3250; x_wconf 91' lang='lat'><em>‚</em></span> <span class='ocrx_word' id='word_1_840' title='bbox 2286 3211 2377 3253; x_wconf 63' lang='lat' dir='ltr'>&#39;qnod</span> <span class='ocrx_word' id='word_1_841' title='bbox 2396 3208 2526 3243; x_wconf 79' lang='lat' dir='ltr'>Eccle-</span> 
     </span>
     <span class='ocr_line' id='line_1_115' title="bbox 1410 3258 2526 3302; baseline -0.003 -12"><span class='ocrx_word' id='word_1_842' title='bbox 1410 3262 1464 3290; x_wconf 81' lang='lat' dir='ltr'>sia</span> <span class='ocrx_word' id='word_1_843' title='bbox 1489 3261 1610 3302; x_wconf 66' lang='lat' dir='ltr'>gratie</span> <span class='ocrx_word' id='word_1_844' title='bbox 1635 3259 1837 3298; x_wconf 78' lang='lat' dir='ltr'>sufficientis</span> <span class='ocrx_word' id='word_1_845' title='bbox 1863 3271 1994 3291; x_wconf 75' lang='lat' dir='ltr'>nornine</span> <span class='ocrx_word' id='word_1_846' title='bbox 2018 3258 2195 3300; x_wconf 75' lang='lat' dir='ltr'>intelligat</span> <span class='ocrx_word' id='word_1_847' title='bbox 2216 3259 2309 3290; x_wconf 78' lang='lat' dir='ltr'>illam</span> <span class='ocrx_word' id='word_1_848' title='bbox 2326 3278 2336 3297; x_wconf 88' lang='lat'>‚</span> <span class='ocrx_word' id='word_1_849' title='bbox 2362 3268 2427 3301; x_wconf 69' lang='lat' dir='ltr'>qua</span> <span class='ocrx_word' id='word_1_850' title='bbox 2445 3268 2526 3299; x_wconf 82' lang='lat' dir='ltr'>pro-</span> 
     </span>
     <span class='ocr_line' id='line_1_116' title="bbox 1408 3305 2521 3350; baseline -0.003 -13"><span class='ocrx_word' id='word_1_851' title='bbox 1408 3309 1637 3349; x_wconf 76' lang='lat' dir='ltr'>portionatam</span> <span class='ocrx_word' id='word_1_852' title='bbox 1661 3308 1700 3337; x_wconf 67' lang='lat' dir='ltr'>(J</span> <span class='ocrx_word' id='word_1_853' title='bbox 1729 3306 1905 3338; x_wconf 73' lang='lat' dir='ltr'>relatu-am</span> <span class='ocrx_word' id='word_1_854' title='bbox 1935 3306 2098 3342; x_wconf 70' lang='lat' dir='ltr'>voluntati</span> <span class='ocrx_word' id='word_1_855' title='bbox 2120 3305 2284 3349; x_wconf 79' lang='lat' dir='ltr'>conferat</span> <span class='ocrx_word' id='word_1_856' title='bbox 2305 3306 2492 3350; x_wconf 76' lang='lat' dir='ltr'>potentiam</span> <span class='ocrx_word' id='word_1_857' title='bbox 2509 3321 2521 3341; x_wconf 88' lang='lat'>‚</span> 
     </span>
     <span class='ocr_line' id='line_1_117' title="bbox 1414 3353 1873 3395; baseline -0.002 -11"><span class='ocrx_word' id='word_1_858' title='bbox 1414 3359 1450 3388; x_wconf 81' lang='lat' dir='ltr'>ut</span> <span class='ocrx_word' id='word_1_859' title='bbox 1469 3353 1670 3386; x_wconf 73' lang='lat' dir='ltr'>salutariter</span> <span class='ocrx_word' id='word_1_860' title='bbox 1693 3359 1850 3395; x_wconf 78' lang='lat' dir='ltr'>operetur</span> <span class='ocrx_word' id='word_1_861' title='bbox 1865 3373 1873 3383; x_wconf 46' lang='lat' dir='ltr'>e</span> 
     </span>
    </p>
   </div>
  </div>
 </body>
</html>
