2570 3745
867 146 944 190 DE
981 145 1213 190 GRATIA
1248 142 1619 186 SEMIPELAG.

481 223 785 263 PROPOSlTIO
803 251 813 262 .

93 330 334 372 probabilius
362 331 534 379 videtur,
583 331 928 383 Semipeiagianos
959 330 1013 370 ad
1040 335 1196 370 initium

112 416 118 422 .
146 383 336 424 bonorum
364 398 552 436 operum,
582 389 707 436 [atque
737 389 861 422 etiam
889 385 944 422 ad
973 389 1126 424 initium
1143 385 1203 437 fi-

145 438 236 486 dei,
257 439 469 478 admisisse
494 441 776 479 necessitatem
796 440 965 490 alicujus
984 443 1130 492 gratioe
1144 443 1204 476 in-

146 495 301 531 terioris
318 518 329 531 .
1149 502 1151 505 '

152 598 240 638 105.
256 573 335 641 Et
362 600 490 652 primo
515 600 672 653 quidem
704 598 739 637 id
770 598 872 636 clare
901 599 1070 637 indicare
1098 599 1204 637 vide·

91 657 155 690 tur
182 653 224 690 S.
254 650 438 705 Prosper,
467 667 557 692 cum
588 655 625 690 in
655 653 763 704 epist.
795 652 841 690 ad
870 651 912 690 S.
946 652 1202 703 Augustiuum

93 703 394 745 Massiliensium
431 715 595 760 systema
624 718 838 756 exponens:
881 704 965 743 lzoec
1008 709 1205 756 ipsorum,

92 755 241 811 inquit,
271 758 475 812 definitio,
504 769 623 809 atque
650 758 842 809 professio
871 768 982 796 est...
1000 789 1011 806 ,
1041 771 1203 796 omnem

93 808 294 850 hominem
322 813 378 850 ad
405 812 672 858 credendum,
709 811 759 851 Θ·
787 809 849 848 acb
870 811 1116 860 operantium
1145 811 1203 849 ‹li-

92 867 191 902 vinis
219 866 521 904 institutionibus
548 864 756 902 admoneri
779 878 793 906 ;
837 864 875 900 id
904 873 1031 902 autem
1062 866 1203 917 profes-

93 929 150 954 sos
182 919 294 957 fuisse
321 917 642 970 semipelagianos
671 929 742 953 non
772 916 819 952 de
848 924 1028 963 externa,
1067 918 1129 955 sed
1158 919 1204 956 de

92 970 240 1010 interna
268 971 521 1010 admonitione
536 999 548 1017 ,
578 968 637 1006 vel
667 981 711 1005 ex
728 980 771 1005 eo
790 966 912 1005 solum
933 967 1036 1005 clare
1056 969 1203 1020 liquet,

94 1025 195 1075 quod
225 1039 308 1063 eam
335 1022 634 1061 admonitionem
661 1020 840 1058 omnibus
859 1018 1082 1058 hominibus
1101 1035 1204 1061 com-

95 1089 251 1115 munem
281 1089 357 1114 esse
382 1074 584 1121 docerent3
626 1082 782 1112 externa
810 1081 937 1111 autem
967 1073 1204 1122 admonitio,

95 1142 160 1167 seu
188 1128 409 1181 praedicatio
428 1126 629 1179 Evangelii
658 1127 838 1165 omnibus
867 1135 966 1164 certe
987 1129 1205 1165 communis

94 1194 168 1220 non
197 1190 276 1230 est,
305 1195 394 1220 cum
423 1180 554 1220 multis
584 1179 804 1219 homiuibus
831 1179 947 1218 desit.

149 1233 237 1274 106.
266 1234 340 1273 Sed
368 1233 489 1272 multo
518 1233 682 1274 validius
712 1242 838 1271 nostra
858 1233 1066 1285 propositio
1096 1246 1140 1270 ex
1161 1232 1204 1272 S.

90 1287 303 1340 Augustino
330 1287 538 1340 probatur,
586 1288 653 1339 qui
697 1286 738 1325 S.
768 1286 948 1338 Prospero
978 1286 1206 1337 respondens

90 1339 291 1390 observat,
322 1341 454 1379 eadem
474 1354 625 1393 prorsus
648 1340 790 1378 ratione
805 1338 1131 1391 Semipelagianos
1148 1354 1207 1378 er-

91 1405 191 1432 rasse
219 1396 322 1433 circa
343 1394 493 1432 initium
514 1393 631 1439 fidei3
660 1408 704 1431 ac
725 1394 830 1431 cirea
852 1394 1174 1444 perseverantiam
1193 1423 1204 1441 ,

94 1460 183 1485 cum
213 1447 250 1485 in
270 1446 356 1486 aliis
375 1456 473 1486 recte
490 1476 501 1493 ‚
531 1445 793 1498 catholiceque
813 1446 989 1483 sentirent
1006 1471 1017 1483 .
1046 1445 1206 1494 Solum,

94 1500 216 1552 inquit
248 1500 328 1551 (de
347 1499 456 1538 Don.
482 1500 635 1538 Persev.
665 1513 751 1550 cap.
775 1499 867 1549 17.)
897 1501 1055 1535 initium
1071 1498 1177 1550 fidei
1194 1529 1205 1547 ,

92 1551 143 1593 (9⁶
171 1567 291 1604 usque
320 1557 362 1592 in
377 1552 514 1605 finem
542 1555 882 1603 perseverantiam
911 1556 968 1589 sic
997 1555 1037 1588 in
1065 1561 1206 1590 nostra

93 1611 336 1644 constituunt
362 1613 582 1655 potestate,
613 1614 654 1640 ut
684 1603 761 1640 Dei
791 1603 900 1641 (lona
929 1617 1016 1641 esse
1037 1617 1117 1641 non
1137 1619 1205 1655 pu-

92 1667 173 1696 tent
188 1674 205 1704 ;
239 1671 366 1710 neque
394 1657 448 1696 ad
477 1656 562 1695 izoec
591 1655 803 1704 habentia,
843 1665 964 1708 atque
993 1657 1205 1695 retinenda

92 1711 227 1750 Deum
254 1715 413 1760 operari
440 1720 599 1749 nostras
627 1713 887 1762 cogitationes
908 1739 919 1757 ,
948 1709 998 1750 (9-
1027 1710 1204 1748 volunta-

93 1773 154 1804 tes
168 1781 184 1810 ;
212 1775 346 1804 cetera
376 1777 464 1805 vero
493 1768 622 1814 ipsum
641 1763 742 1802 dare
761 1762 982 1801 concedunt
1001 1793 1011 1811 ,
1042 1775 1132 1800 cum
1153 1762 1205 1801 ab

96 1819 162 1857 illo
190 1821 455 1869 impetrantur
482 1817 677 1856 credentis
693 1817 785 1870 fide
800 1832 818 1862 ,·
859 1817 963 1868 atqui
993 1825 1094 1855 certo
1123 1830 1205 1855 cer-

94 1872 169 1911 tius
197 1886 275 1911 esse
303 1881 417 1925 pute,
454 1870 777 1924 Semipelagianos
806 1870 978 1923 aliquam
1008 1870 1056 1907 ad
1085 1883 1210 1921 perse-

95 1926 308 1964 verandum
335 1925 495 1978 gratiam
516 1924 712 1963 admisisse
728 1954 739 1973 ,
768 1937 885 1976 quam
918 1937 1006 1961 uam
1028 1935 1100 1961 non
1123 1937 1209 1962 eam

93 1978 365 2026 admittebant,
394 1991 510 2031 quam
539 1977 581 2015 S.
603 1977 862 2029 Augustinus,
947 1975 1120 2015 Ecclesia
1135 1978 1208 2016 Ca-

95 2030 236 2070 tholica
265 2031 484 2084 exigebant:
515 2043 604 2083 ergo
632 2030 704 2069 διο.
747 2029 940 2069 Minorem
970 2030 1119 2069 duobus
1147 2044 1207 2069 ar-

94 2087 284 2137 gumentis
313 2086 463 2124 evinco.
495 2083 633 2122 Primo
649 2114 658 2132 ,
690 2083 841 2122 Hilario
861 2083 1046 2121 referente
1076 2085 1147 2136 (in
1169 2099 1207 2123 e-

95 2139 180 2191 pist.
209 2139 257 2176 ad
276 2139 316 2178 S.
335 2139 432 2190 Aug.
462 2153 502 2177 n.
519 2137 558 2177 6.
575 2138 612 2186 ),
641 2136 940 2189 Semipelagiani
970 2136 1206 2187 fatebantur,

97 2191 289 2231 Adamum
318 2191 448 2245 aliqua
489 2193 608 2244 gratia
637 2191 842 2244 indiguisse
884 2190 932 2228 ad
962 2203 1207 2243 perseveran-

97 2243 190 2282 dum
207 2274 218 2292 ‚
247 2254 288 2282 ut
306 2245 416 2283 illum
432 2275 443 2293 ,
474 2243 723 2297 inquiebant,
754 2243 965 2296 adjuvaret
985 2248 1123 2296 gratia
1144 2258 1206 2283 φο-

99 2295 273 2346 lentem,
302 2302 387 2337 sine
417 2311 494 2355 qua
523 2310 776 2348 perseverare
806 2311 886 2335 non
909 2306 1088 2348 poterat:
1118 2311 1206 2350 ergo

98 2348 221 2387 multo
248 2353 369 2403 magis
398 2352 568 2400 ejusdem
597 2353 727 2402 gratiae
758 2353 1015 2390 necessitatem
1044 2351 1091 2389 ad
1119 2366 1206 2404 per-

102 2403 353 2440 severandum
384 2403 492 2440 fateri
522 2402 735 2442 debuerunt
764 2405 804 2441 in
835 2415 970 2443 natura
989 2403 1118 2456 lapsa3
1148 2407 1206 2443 ni-

97 2455 129 2493 si
160 2454 300 2506 fingere
329 2453 519 2502 velimus,
549 2466 608 2491 eos
636 2455 728 2493 adeo
747 2456 948 2505 delirasse,
978 2465 1017 2495 ut
1034 2466 1113 2508 post
1128 2460 1206 2509 pri·

96 2520 238 2546 maevae
269 2507 492 2559 integritatis
523 2507 764 2557 naufragium
782 2510 968 2546 minorem
988 2511 1120 2560 gratiae
1141 2525 1206 2548 ne-

96 2561 305 2599 cessitatem
335 2560 582 2612 agnoverint.
632 2573 668 2597 2.
701 2560 739 2597 ld
770 2562 884 2598 etiam
927 2570 1055 2612 aperte
1097 2564 1209 2601 tradit

95 2611 137 2651 S.
167 2612 352 2665 Prosper,
392 2626 482 2651 cum
513 2626 557 2650 ex
600 2613 995 2664 Semipelagianorum
1025 2619 1208 2655 sententia

94 2666 148 2704 ita
177 2666 370 2720 loquitur:
404 2664 454 2704 Ut
483 2665 529 2705 ob
558 2665 630 2703 hoc
652 2665 760 2704 Deus
790 2667 890 2704 alios
909 2681 1008 2705 wasa
1029 2667 1205 2717 honoris,

96 2719 198 2758 alios
227 2720 478 2759 contumeliae
495 2718 666 2772 fecerit,
696 2724 789 2769 quia
808 2719 1206 2774 finemunitiecujus-

97 2786 170 2824 que
199 2773 418 2823 proevideric
435 2804 445 2822 ,
474 2775 523 2814 <9⁶
552 2771 622 2811 sub
650 2777 731 2823 ipso
750 2777 896 2825 gratioe
915 2773 1134 2826 adjutorio,
1165 2780 1205 2813 in

97 2838 177 2877 qua
193 2825 360 2877 futurus
389 2836 491 2865 esset
519 2827 716 2865 voluntate
745 2831 989 2877 praescierit.
1020 2827 1068 2865 Et
1084 2831 1205 2867 mani-

94 2880 187 2918 feste
213 2881 367 2930 docent,
398 2882 718 2933 perseverantiam
749 2895 825 2918 esse
854 2895 875 2917 a
895 2880 1115 2928 voluntate,
1145 2883 1209 2920 sed

95 2932 167 2971 sub
199 2933 278 2985 ipso
305 2936 436 2986 gratiae
467 2934 681 2985 adjutorio-
712 2933 939 2972 Etiterum:
973 2933 1047 2984 Qui
1069 2943 1206 2972 autem

91 2985 280 3024 credituri
309 2997 424 3035 sunt,
453 2991 592 3039 quique
622 2992 663 3025 in
691 3000 741 3025 ea
759 2987 874 3040 file,
904 3000 993 3038 qnae
1022 2986 1206 3036 deinceps

99 3052 170 3090 per
198 3039 275 3079 Dei
303 3045 484 3093 gratiam
514 3046 560 3080 sit
591 3040 855 3095 adjuvanda,
887 3045 1070 3079 mansuri
1090 3050 1205 3086 stant,-

93 3187 131 3220 in
150 3186 324 3222 Thesibus
353 3201 408 3223 an.
439 3190 539 3225 1883.
567 3191 756 3234 conch-4,
787 3189 995 3226 Laurentius
1014 3192 1106 3225 Bet-ti
1130 3188 1204 3225 Lib.

96 3233 176 3267 XV.
204 3236 258 3269 De
287 3233 404 3271 Theol-
431 3236 535 3270 Disc.
563 3250 592 3271 c.
624 3240 677 3279 5.‚
714 3239 749 3272 P.
777 3240 900 3273 Viator
927 3252 943 3271 a
972 3241 1138 3272 Coecateo
1163 3252 1203 3271 ex

96 3280 375 3324 Cappucinornm
402 3284 536 3318 familia
563 3283 679 3318 adnot.
710 3296 762 3329 10.
791 3287 825 3319 in
851 3288 885 3319 S.
913 3286 1141 3330 Prosperum,
1175 3288 1205 3317 &

96 3328 283 3361 novissime
309 3329 343 3362 P.
371 3329 450 3364 Nic.
478 3332 694 3375 Augustinus
721 3333 882 3376 Cirignoli
911 3331 995 3364 Ord.
1025 3331 1131 3364 Praed.
1171 3332 1205 3364 in

98 3370 307 3408 Taurineusi
333 3376 570 3413 Universitate
609 3375 782 3415 Professor
816 3382 850 3413 S.
880 3378 1003 3414 Theol-
1041 3379 1208 3413 emeritus

2264 165 2330 191 2!-

1268 225 1476 273 proescisse
1506 231 1602 259 ante
1632 222 1771 260 mundi
1801 229 2116 266 constitutionem
2138 226 2272 267 Deum
2290 258 2301 277 ‚
2330 229 2380 270 <9⁶

1271 289 1336 314 eos
1364 274 1674 324 praedestinasse
1703 280 1742 313 in
1764 289 1932 326 regnum
1955 293 2067 318 suzim
2085 309 2095 319 .
2124 283 2322 321 Cassianus
2342 297 2381 319 e-

1272 329 1365 366 tiam
1396 328 1465 366 hoc
1495 328 1552 366 acl
1576 328 1652 366 Dei
1667 342 1837 367 munera
1857 335 2075 380 pertinere,
2105 334 2232 384 ajebat
2263 335 2382 386 (Col-

1271 380 1338 419 lat.
1358 380 1463 418 Xlll.
1493 394 1528 418 c.
1557 381 1615 419 18.
1635 384 1648 428 )
1667 411 1677 429 ,
1722 391 1761 418 ut
1791 386 1997 432 acquisitae
2034 390 2180 424 virtutis
2207 401 2382 437 perseve-

1272 439 1411 473 rantia
1438 443 1646 482 teneatur,
1675 434 1745 472 secl
1765 439 1823 473 ita
1840 466 1849 482 ,
1879 445 1919 473 ut
1941 441 2208 486 captivitatem
2226 441 2384 480 libertas

1271 485 1435 525 adilt'cta
1464 501 1543 525 nou.
1573 491 1743 526 sentiat.
1786 488 2057 528 Nihil-clarius
2090 490 2293 531 desiderari
2315 508 2380 546 po·

1271 549 1368 587 test,
1398 542 1446 579 ad
1474 541 1811 580 demonstrandum
1830 572 1840 590 ,
1868 542 2195 595 Semipelagianos
2224 559 2295 583 non
2317 560 2380 585 ex·

1270 593 1427 633 clusisse
1453 594 1734 647 cujuscumque
1762 596 1894 647 gratias
1925 598 2179 634 necessitatem
2216 598 2264 635 ad
2302 613 2384 649 per-

1269 647 1547 694 severandum3
1578 648 1678 686 uude
1705 661 1934 701 consequens
1963 658 2016 688 est
2045 649 2116 687 &c.

1333 714 1420 752 ¹07·
1462 700 1598 753 Neque
1627 713 1716 740 vero
1745 702 1824 739 vim
1854 704 1990 741 nostris
2025 704 2259 754 argumentis
2288 702 2385 741 tollit

1274 753 1342 792 illa
1370 754 1592 806 aliquorum
1622 756 1839 806 responsiO,
1869 755 2196 808 Semipelagianos
2228 757 2311 796 ideo
2330 769 2387 794 so-

1273 806 1355 845 lum
1387 808 1500 846 fuisse
1530 823 1553 846 a
1581 807 1622 846 S.
1655 809 1866 859 Augustino
1895 811 2110 857 convictos,
2139 810 2238 861 quod
2262 823 2389 861 perse-

1271 861 1484 898 verantiam
1500 862 1640 900 donum
1656 861 1729 899 Dei
1759 875 1836 900 esse
1855 870 2033 914 negarent
2050 893 2060 911 ,
2089 865 2181 915 quia
2201 864 2247 900 ad
2279 862 2388 901 illam

1275 912 1489 951 habendam
1520 927 1597 952 non
1624 914 1876 953 admittebant
1904 918 2069 967 gratiam
2109 929 2203 968 pure
2245 917 2388 967 gratui-

1273 974 1351 1004 tam
1374 997 1384 1014 ‚
1427 967 1491 1005 sed
1519 981 1607 1019 quae
1638 968 1940 1018 praecedentibus
1969 971 2114 1008 meritis
2145 969 2389 1007 redderetur.

1273 1018 1371 1056 Nam
1416 1021 1567 1071 primo,
1615 1021 1646 1058 si
1676 1034 1720 1059 ex
1751 1021 1820 1060 hoc
1849 1023 2047 1062 dumtaxat
2083 1021 2124 1060 S.
2155 1021 2390 1074 Augustinus

1273 1071 1510 1121 collegisset,
1554 1076 1875 1124 perseverantiam
1915 1075 1962 1113 ad
1991 1074 2390 1127 Semipelagianorum

1274 1132 1441 1161 mentem
1472 1138 1542 1162 non
1572 1140 1647 1162 esse
1675 1127 1818 1165 donum
1851 1128 1950 1176 Dei,
1993 1130 2085 1181 quia
2113 1131 2235 1180 gratia
2265 1142 2389 1180 perse-

1274 1176 1432 1214 verantii
1462 1187 1551 1214 esset
1583 1179 1888 1228 praecedentibus
1916 1183 2062 1220 meritis
2091 1181 2262 1226 reddita3
2304 1183 2390 1232 pari

1273 1229 1417 1266 ratione
1445 1229 1635 1268 debuisset
1663 1233 1776 1268 etiam
1807 1232 1976 1280 inferre,
2026 1235 2064 1271 in
2107 1247 2240 1271 eorum
2282 1248 2391 1272 sensu

1273 1290 1395 1319 cetera
1423 1282 1523 1321 bona
1552 1296 1668 1335 opera
1697 1296 1769 1321 non
1800 1298 1876 1322 esse
1895 1285 1993 1322 dona
2010 1285 2083 1322 Dei
2101 1314 2111 1331 ,
2140 1287 2233 1336 quia
2254 1286 2390 1323 &baec

1274 1334 1576 1388 Semipelagiani
1605 1336 1690 1375 fieri
1721 1337 1900 1376 dicebant
1931 1350 1997 1389 per
2024 1338 2186 1388 gratiam
2219 1338 2325 1375 bonis
2346 1338 2393 1375 ii-

1273 1388 1356 1426 beri
1386 1390 1535 1428 arbitrii
1567 1390 1762 1428 conatibus
1785 1420 1795 1438 ‚
1826 1390 1860 1426 8<
1888 1391 2085 1429 desideriis
2113 1392 2391 1442 promeritam3

1273 1449 1310 1478 at
1340 1455 1430 1480 vero
1457 1443 1497 1481 S.
1520 1443 1754 1495 Augustinus
1782 1442 1936 1482 laudato
1965 1443 2048 1482 loco
2062 1453 2192 1496 aperte
2211 1446 2287 1483 ait:
2322 1444 2392 1482 Ce-

1274 1502 1363 1531 tera
1383 1507 1471 1533 vero
1495 1498 1510 1547 (
1528 1495 1629 1534 bona
1643 1509 1757 1547 opera
1774 1496 1789 1543 )
1819 1501 1946 1547 ipsum
1963 1501 1977 1548 (
1996 1497 2122 1534 Deum
2140 1497 2154 1544 )
2176 1497 2276 1534 (iare
2296 1510 2391 1534 cer:-

1272 1546 1469 1593 tendunt5
1512 1561 1555 1586 eo
1584 1550 1700 1600 igitur
1729 1562 1840 1587 sensu
1868 1551 2063 1588 dumtaxat
2093 1549 2394 1602 Semipelagiaui

1274 1600 1466 1652 negabant
1494 1603 1814 1653 perseverantiam
1833 1633 1843 1651 ,
1874 1612 1989 1656 atque
2018 1603 2170 1641 initium
2202 1603 2291 1641 fidei
2314 1617 2393 1641 esse

1273 1652 1373 1691 dona
1402 1653 1504 1702 Dei,
1534 1655 1626 1706 quia
1656 1655 1703 1692 ad
1734 1654 1818 1694 haec
1848 1656 1923 1693 duo
1951 1655 2203 1694 admittebant
2233 1657 2390 1707 quidem

1273 1705 1446 1758 aliquam
1476 1707 1666 1758 gratiam,
1709 1707 1772 1744 sed
1803 1720 1874 1745 non
1905 1707 2012 1746 illam
2031 1737 2041 1755 ,
2090 1721 2177 1759 quae
2208 1718 2394 1759 operatur

1273 1769 1434 1797 nostras
1464 1763 1745 1812 cogitationeS,
1775 1760 1824 1801 ὠ
1855 1760 2097 1799 voluntates.

1335 1812 1422 1851 108.
1452 1812 1641 1852 Praeterea
1671 1813 1709 1851 id
1739 1815 1866 1865 ipsum
1897 1813 2000 1852 clare
2031 1814 2171 1852 iudicat
2211 1812 2251 1851 S.
2284 1814 2392 1852 Hila-

1275 1867 1355 1904 rius
1385 1868 1562 1919 inquiens
1591 1880 1631 1906 n.
1662 1867 1700 1913 4.
1755 1866 1868 1917 Quod
1896 1876 2033 1906 autem
2063 1866 2155 1904 dicit
2186 1866 2394 1905 Sancum<

1279 1918 1366 1958 Tua
1385 1950 1396 1968 ,
1425 1924 1632 1959 neminem
1660 1932 1944 1971 perseverare,
1991 1924 2069 1959 nisi
2111 1921 2392 1969 perseveranti

1277 1976 1416 2012 virtute
1444 1982 1660 2026 percepta,
1690 1973 1883 2012 hactenus
1912 1978 2145 2026 accipiunt,
2188 1983 2228 2010 ut
2258 1973 2394 2024 quibus

1276 2026 1397 2064 datur
1410 2057 1420 2075 ,
1451 2031 1567 2066 inerti
1587 2028 1677 2065 licet
1694 2057 1705 2076 ,
1734 2027 1976 2079 prcecedenti
1995 2037 2136 2065 tamen
2156 2037 2312 2076 propter
2327 2041 2394 2064 ar-

1275 2078 1387 2118 bitrio
1416 2080 1636 2128 tribuatur,
1685 2080 1788 2132 quoii
1825 2081 1880 2118 ad
1908 2080 1978 2118 hoc
2008 2090 2170 2118 tantum
2200 2079 2389 2123 liberunz;

1275 2142 1315 2170 ut
1345 2134 1431 2171 velit
1451 2163 1462 2182 ,
1509 2135 1566 2172 vel
1595 2133 1690 2169 nolit
1721 2133 1936 2170 admittere
1966 2133 2239 2171 medicinam.
2287 2133 2403 2180 Quid,

1274 2185 1446 2225 clarius?
1477 2187 1520 2226 in
1550 2201 1593 2225 eo
1623 2185 1790 2224 liberum
1821 2185 2024 2223 arbitrium
2048 2185 2285 2237 praecedebat
2307 2199 2392 2237 gra—

1274 2242 1366 2279 tiam
1385 2271 1395 2288 ,
1425 2241 1527 2293 quod
1557 2253 1601 2279 ex
1630 2240 1707 2277 suis
1737 2239 1884 2278 viribus
1913 2240 1949 2277 ei
1980 2241 2187 2285 resisteret,
2232 2236 2292 2276 vel
2321 2238 2391 2277 ob·

1273 2302 1528 2347 temperaret.

1334 2361 1421 2400 ¹09·
1452 2347 1566 2386 Proh.
1608 2345 1764 2384 demum
1807 2344 2015 2397 propositio
2059 2353 2180 2383 nostra
2222 2346 2391 2383 ratione.

1274 2399 1436 2439 Nonnisi
1466 2401 1540 2439 duo
1569 2397 1900 2451 Semipelagianos
1929 2397 2132 2450 impellere
2152 2407 2323 2450 poterant
2343 2399 2392 2435 ad

1275 2455 1485 2505 negandam
1523 2453 1783 2492 necessitatem
1827 2453 1959 2503 gratiae
2003 2453 2050 2489 ad
2089 2453 2241 2490 initium
2273 2451 2392 2489 fidei.

1279 2506 1450 2546 Primum
1467 2507 1568 2560 quod
1583 2521 1627 2544 ea
1642 2506 1806 2544 admissa
1822 2535 1833 2552 ,
1855 2504 1961 2542 nulla
1981 2505 2148 2556 amplius
2167 2505 2268 2542 reddi
2288 2513 2392 2554 pote-

1277 2570 1334 2598 rat
1356 2563 1449 2599 ratio
1465 2591 1476 2608 ,
1497 2574 1566 2599 cur
1581 2559 1733 2611 aliqui,
1753 2559 1787 2595 8<
1810 2571 1883 2597 uon
1897 2562 2046 2606 omnes),
2067 2572 2135 2595 cur
2156 2557 2214 2594 illi
2234 2557 2359 2645 potius
2377 2583 2388 2603 ,

1276 2628 1394 2666 quam
1425 2614 1492 2652 alii
1522 2614 1715 2652 crederent
1732 2643 1742 2660 ,
1773 2626 1898 2664 neque
1915 2612 2017 2648 enim
2035 2611 2167 2646 audire
2185 2622 2231 2646 vo
2250 2609 2388 2656 ebant,

1277 2667 1315 2704 id
1345 2681 1388 2704 ex
1405 2667 1648 2720 beneplacito
1667 2666 1870 2703 voluntatis
1885 2665 2028 2700 divinae
2048 2663 2212 2713 pendere
2227 2691 2238 2709 ,
2267 2663 2358 2714 quie.
2376 2692 2387 2709 ,

1275 2719 1530 2772 inquiebant,
1579 2720 1682 2758 Deus
1712 2733 1786 2756 non
1817 2726 1867 2753 est
1899 2728 2144 2765 personarum
2183 2724 2357 2766 acceptor
2378 2744 2389 2763 ,

1275 2786 1399 2826 neque
1431 2774 1590 2825 injustus
1619 2773 1748 2824 gratiae
1779 2767 2027 2805 distributor.
2067 2767 2242 2806 Alterum
2271 2780 2387 2815 vero,

1276 2839 1321 2864 ne
1349 2830 1378 2865 si
1401 2829 1520 2880 gratia
1535 2838 1687 2864 omnem
1709 2822 1862 2858 omnino
1876 2820 2018 2859 bonam
2034 2821 2265 2859 voluntatem
2284 2835 2384 2873 prae<

1276 2880 1408 2928 cedat,
1439 2881 1596 2932 ejusque
1625 2889 1736 2913 causa
1766 2876 1843 2922 sit,
1881 2882 2009 2912 actum
2038 2874 2084 2912 sit
2113 2875 2159 2912 de
2188 2885 2314 2913 nostra
2341 2874 2389 2912 li-

1274 2932 1416 2972 bertate
1438 2961 1448 2972 .
1498 2931 1611 2983 Atqui
1644 2929 1728 2966 haec
1767 2928 1842 2966 duo
1870 2940 2002 2965 eorum
2032 2929 2226 2979 principia
2255 2937 2352 2966 sarta
2376 2957 2387 2974 ,

1274 2994 1445 3041 tectaque
1475 2982 1750 3029 remanebant,
1787 2981 1902 3018 etiam
1933 2981 2096 3019 admissa
2125 2979 2259 3032 aliqua
2289 2981 2386 3019 iute-

1274 3040 1362 3079 riori
1392 3040 1512 3092 gratia
1541 3037 1587 3074 ad
1611 3037 1736 3089 ipsum
1757 3033 1847 3073 fidei
1866 3035 2018 3072 initium
2036 3064 2047 3083 ,
2075 3034 2285 3074 dummodo
2301 3033 2385 3082 haec

2287 3100 2326 3125 0-

1275 3189 1309 3223 in
1340 3189 1489 3222 Prxtect.
1518 3181 1576 3217 IV.
1602 3184 1645 3218 de
1672 3181 1798 3218 Gratia
1825 3183 1860 3216 P.
1888 3183 1912 3216 Ῑ.
1940 3194 1974 3215 n.
2001 3178 2061 3222 6.;
2099 3180 2259 3225 quamvis
2286 3178 2322 3212 hi
2348 3191 2387 3213 o-

1275 3249 1370 3269 mnes
1398 3237 1488 3267 inter
1514 3244 1548 3265 se
1573 3232 1769 3277 paullulum
1796 3229 1982 3263 dissentire
2009 3228 2173 3260 videntur
2210 3228 2243 3260 in
2270 3225 2386 3277 deter-

1274 3281 1437 3315 minanda
1465 3279 1523 3312 illa
1548 3279 1659 3323 gratia
1677 3300 1687 3318 ,
1722 3289 1830 3322 quam
1855 3275 2149 3319 Semipeiagianos
2175 3271 2219 3309 ad
2244 3274 2386 3306 initium

1278 3328 1355 3363 fidei
1381 3325 1560 3363 admisisse
1587 3322 1828 3360 arbitrantur.
