2562 3694
735 130 816 176 DE
851 130 1070 176 RELAT.
1102 129 1354 176 OPERUM
1387 132 1454 175 IN
1487 134 1689 179 DEUM.

52 215 334 271 firmativum,
364 210 560 253 includere
580 217 707 249 tamen
728 214 842 250 etiam
866 223 1100 264 ffiraecefittiiii
1122 225 1191 250 ne·

62 275 268 323 gnavum,
298 267 331 304 8:
360 266 449 303 huic
479 264 740 317 aequivalere:
767 265 876 304 Ni'zil
904 266 1115 304 deliberate
1144 278 1190 303 a·

63 328 194 376 gatis,
223 320 325 375 quod
352 323 393 356 in
414 316 546 356 Deum
575 317 1103 367 charitate‹tilectwnncru,
1133 318 1190 356 vel

64 381 204 416 virtute
231 385 310 412 non
338 370 567 424 referatur:
610 375 750 421 tertio,
789 372 886 411 lianc
919 374 987 411 Dei
1019 373 1190 410 dilectio-

64 443 155 470 nem
185 440 258 465 non
286 434 457 478 oportere
492 439 642 477 semper
670 439 748 462 esse
776 426 1021 478 perfectam,
1065 426 1097 461 8<
1127 439 1190 463 su-

64 495 133 534 per
161 484 321 527 omnia,
352 478 567 531 cujusmodi
598 488 648 516 cst
677 479 840 516 charitas
862 479 1096 530 justificatum
1127 480 1190 517 sed

64 536 152 573 satis
166 547 244 572 esse
274 534 388 570 etiam
408 542 511 570 actus
539 530 733 571 charitatis
763 534 1024 578 secundarios,
1055 534 1128 585 qui.
1143 532 1190 570 ad

64 586 376 640 justificationem
397 586 558 622 minime
579 585 791 624 sufficiunt:
822 586 982 623 (lenium.
1003 585 1070 622 hoc
1092 599 1191 636 prae-

65 650 220 693 ceptum
251 639 444 678 relationis
482 638 657 686 virtualis
687 653 759 676 uon
785 639 955 691 obligare
986 638 1056 676 sub
1089 651 1190 676 mor·

63 694 130 734 tali
162 702 343 745 peccato,
371 692 433 729 sed
463 691 534 729 sub
553 692 705 730 'veniali
737 701 883 731 tantum
902 720 911 731 .

125 760 213 800 ¹⁰9·
242 745 329 784 Non
359 746 430 783 erit
459 744 527 783 abs
558 759 598 783 re
619 746 716 784 hanc
745 747 1003 798 quorumdam
1026 744 1189 783 Theolo-

60 813 197 854 gorum
225 799 438 838 doctrinam
468 798 596 838 verbis
624 812 813 852 exponere
845 801 982 839 Franc.
1004 799 1130 852 Sylvii
1153 800 1191 837 in

72 868 105 893 1.
138 867 175 892 2.
204 866 272 905 qu.
307 865 395 891 ιοο.
424 861 496 891 art.
531 866 618 898 1o.;
668 853 734 891 ubi
767 855 892 903 primo
921 866 964 890 ex
997 853 1063 890 illo
1093 852 1190 889 cele-

63 907 124 946 bri
155 904 196 945 S‘.
226 904 336 945 Pauli
366 914 469 944 textu
490 919 523 944 1.
553 906 600 944 ad
620 907 706 944 Cor.
730 906 887 946 X.31.:
918 907 938 922 ’'
969 907 1058 944 Sive
1082 921 1189 944 mau-

64 990 92 1010 „
121 960 294 1008 ducatis,
336 960 417 998 sive
445 959 604 1007 bibitis,
647 962 727 998 sive
756 960 860 999 aliud
898 961 993 1012 quid
1038 961 1189 1008 facitis,

62 1043 90 1064 „
119 1013 251 1052 omnia
278 1014 318 1051 in
347 1013 420 1051 Dei
462 1012 625 1066 gloriam
656 1014 767 1052 facite
785 1044 796 1063 ,
840 1018 979 1052 evincit
998 1044 1007 1061 ,
1051 1025 1116 1051 nos
1146 1025 1192 1050 ex

65 1097 91 1117 „
121 1075 316 1120 praecepto
342 1066 507 1118 obligari
535 1079 664 1105 omues
694 1076 836 1105 nostras
864 1068 1055 1115 actiones,
1092 1080 1187 1118 quas

63 1151 90 1170 „
120 1133 166 1158 ex
195 1120 405 1159 deliberata
420 1120 614 1158 voluntate
636 1121 820 1167 facimus,
849 1121 896 1158 ad
914 1120 1038 1158 Deum
1056 1150 1065 1168 ,
1098 1120 1189 1157 Dei-

63 1203 90 1224 „
120 1188 196 1226 que
222 1172 386 1226 gloriam
409 1173 620 1222 ordinare,
662 1186 739 1211 nou
780 1173 938 1226 quidem
968 1182 1083 1221 actu,
1123 1173 1191 1215 sed.

62 1256 88 1276 ,‚
118 1229 256 1265 virtute
276 1228 325 1264 ”0

119 1292 208 1317 ιιο.
238 1277 322 1318 Post
349 1286 477 1317 autem
507 1279 562 1317 ita
589 1280 735 1332 pergit:
779 1309 804 1330 „
848 1279 981 1333 Neque
1013 1293 1100 1318 vero
1130 1280 1189 1320 his

63 1362 91 1383 „
119 1332 263 1380 obstat,
293 1332 396 1384 quod
424 1331 466 1371 S.
487 1331 630 1371 Doctor
659 1333 791 1382 tradit,
823 1342 1060 1387 praeceptum
1091 1334 1189 1373 ‹lile-

61 1416 90 1436 „
118 1387 253 1424 ctionis
282 1385 356 1424 Dei
386 1399 462 1425 esse
491 1385 779 1435 affirmativum
797 1417 808 1434 ,
851 1388 884 1424 &
915 1402 987 1426 uon
1015 1388 1188 1439 obligare

61 1467 88 1489 „
118 1439 166 1476 ad
195 1453 373 1490 semper,
418 1452 600 1492 posseque
630 1440 774 1478 idcirco
801 1443 1044 1493 contingere,
1082 1442 1185 1494 quod

59 1522 86 1542 „
116 1492 258 1544 aliquis
288 1491 452 1545 impleus
496 1503 733 1546 praeceptum
763 1495 809 1532 de
840 1493 1086 1533 honoratione
1117 1510 1184 1547 pa-

58 1575 86 1596 „
115 1556 296 1594 rentum,
325 1559 400 1585 nou
428 1556 518 1585 tuuc
548 1548 842 1599 transgrediatur
872 1558 1109 1600 praeceptum
1138 1549 1183 1587 de

59 1628 87 1649 „
115 1611 188 1636 non
208 1600 410 1638 omissione
438 1601 542 1638 modi
570 1599 784 1639 charitatis.
815 1601 1033 1646 Haeceuim
1055 1603 1186 1640 omnia

58 1682 85 1702 „
115 1653 312 1690 verissima
341 1661 450 1691 sunt:
490 1653 553 1690 sed
582 1653 684 1704 quod
713 1654 805 1691 dicit
833 1655 880 1691 de
910 1666 1101 1707 praecepto
1129 1656 1187 1694 di-

59 1735 88 1755 „
115 1705 289 1743 lectionis
320 1704 417 1754 Dei,
447 1716 523 1744 non
554 1707 696 1757 pariter
725 1704 893 1743 affirmat
921 1708 967 1744 de
999 1718 1190 1759 praecepto

60 1788 89 1808 ,‚
120 1759 309 1796 referendi
339 1759 504 1798 actiones
532 1767 677 1797 nostras
708 1759 746 1796 in
776 1759 904 1798 Deum
926 1789 935 1807 ‚
967 1760 1081 1812 idque
1111 1774 1191 1797 me-

58 1841 86 1861 „
118 1813 215 1859 rito,
243 1813 336 1862 quia
366 1820 606 1864 praeceptum
638 1812 736 1850 istud
768 1811 906 1864 diliges
937 1811 1159 1850 Dominum
1179 1843 1189 1861 ,

58 1894 86 1915 „
117 1863 250 1902 Deum
280 1873 390 1902 tuum
420 1878 495 1904 11011
525 1866 689 1904 continet
717 1869 1041 1914 universitatem,
1071 1881 1191 1919 quam

61 1946 89 1968 5,
119 1918 190 1956 hoc
220 1919 428 1970 exprimit,
469 1917 622 1956 Omnia
652 1923 693 1957 in
721 1920 895 1971 gloriam
925 1917 1003 1957 Dei
1019 1919 1157 1971 jacite
1174 1933 1188 1955 .·

59 2001 87 2022 „
117 1970 151 2006 ἃ
180 1979 378 2023 propterea
450 1981 657 2024 raeceptum
687 1973 899 2010 dilectionis
937 1986 1026 2009 cum
1056 1973 1103 2009 sit
1132 1972 1192 2010 af-

59 2053 87 2075 „
116 2024 380 2074 firmativum,
409 1986 444 2062 g
464 2026 542 2063 siue
562 2027 882 2073 universalitate,
913 2039 982 2062 non
1006 2038 1073 2076 pro
1093 2039 1191 2063 sem-

58 2107 85 2128 „
115 2091 184 2130 per
203 2077 375 2130 obligat.
408 2077 582 2118 Alterum
605 2093 694 2117 vero
722 2080 789 2117 etsi
809 2079 855 2116 sit
884 2078 1161 2117 affirmativum
1179 2109 1191 2127 ‚

61 2161 88 2181 „
117 2132 211 2184 quia
230 2139 358 2170 tamen
387 2132 554 2171 continet
575 2135 872 2169 universitatem
901 2133 1093 2170 actionum
1112 2162 1121 2180 ,
1151 2145 1192 2169 o-

60 2214 88 2233 „
118 2183 239 2235 bligat
270 2196 338 2235 pro
366 2184 473 2221 omni
504 2192 702 2235 tempore,
731 2197 810 2237 quo
837 2184 1042 2223 deliberate
1071 2187 1189 2224 actio-

60 2267 89 2287 „
119 2250 182 2275 nes
210 2235 306 2275 alias
336 2236 524 2282 facimus3
553 2236 727 2291 alioquin
757 2252 828 2276 nou
856 2240 987 2277 omnia
1017 2248 1132 2277 esseut
1153 2241 1190 2277 in

59 2320 87 2340 „
116 2290 279 2341 gloriam
313 2289 384 2328 Dei
414 2291 638 2339 referenda,
681 2305 755 2330 non
785 2291 854 2330 illa
881 2292 1055 2342 scilicet,
1098 2306 1188 2344 quae

57 2372 86 2394 „
117 2343 251 2382 fierent
280 2357 323 2382 eo
350 2352 521 2397 tempore
542 2373 554 2392 ‚
583 2358 653 2398 pro
681 2357 758 2398 quo
786 2356 1023 2398 praeceptum
1054 2359 1128 2385 non
1147 2360 1188 2384 o-

58 2426 87 2447 „
117 2395 279 2449 bligaret
309 2397 358 2436 '’-

118 2463 207 2489 ιιι.
238 2481 264 2499 ,,
294 2451 374 2490 Nec
404 2452 545 2500 refert,
573 2465 662 2492 eum
695 2455 710 2504 (
740 2453 782 2491 S.
814 2452 1006 2491 'rhomam
1038 2454 1052 2502 )
1081 2453 1185 2493 dice-

57 2533 87 2553 „
117 2517 186 2552 re,
215 2505 317 2556 quod
346 2505 391 2543 ad
423 2515 661 2558 praeceptum
690 2507 901 2546 dilectionis
933 2507 1004 2545 Dei
1037 2521 1079 2545 ex
1111 2517 1187 2546 toto

58 2586 85 2606 „
115 2558 228 2595 corde
259 2559 444 2611 pertinet,
488 2568 528 2598 ut
555 2561 688 2598 omnia
715 2560 935 2607 {referantur
967 2563 1002 2599 in
1036 2561 1185 2599 Deum:

60 2639 88 2659 „
116 2615 294 2663 quamvis
323 2613 425 2655 euim
455 2614 508 2651 ita
535 2613 580 2651 sit
598 2643 608 2661 ,
654 2615 881 2666 inquantum
913 2615 1008 2652 istud
1041 2629 1183 2666 praece-

57 2692 84 2712 „
115 2674 223 2716 ptum
265 2664 481 2705 dilectioni-s
510 2666 664 2718 impleri
696 2680 768 2705 nou
799 2676 916 2719 potest
945 2667 994 2706 ab
1024 2668 1183 2721 aliquo,

57 2745 86 2765 „
115 2719 190 2756 nisi
221 2720 334 2757 etiam
361 2722 491 2758 omnia
518 2734 586 2759 sua
617 2721 654 2758 iu
674 2720 800 2758 Deum
833 2721 996 2767 reserat;
1025 2735 1098 2760 non
1128 2731 1183 2761 ta-

57 2797 85 2818 „
116 2783 204 2809 men
232 2786 253 2810 e
281 2786 462 2812 converso
489 2774 603 2822 dicit,
633 2782 696 2812 aut
725 2774 943 2827 significat,
973 2776 1072 2827 quod
1095 2775 1182 2814 uul-

57 2850 85 2871 „
116 2823 153 2860 lo
195 2824 307 2863 modo
334 2828 447 2879 possit
487 2829 680 2880 quispiam
710 2830 840 2867 omnia
877 2842 944 2866 sua
973 2830 1113 2867 referre
1144 2830 1183 2868 in

58 2904 86 2924 „
115 2875 244 2916 Deum
262 2908 274 2926 ,
310 2882 383 2920 nisi
412 2882 528 2920 etiam
559 2879 717 2932 impleat
745 2891 982 2934 praeceptum
1012 2881 1183 2920 dilectio-

58 2959 86 2978 „
116 2931 204 2969 nis.
232 2931 332 2970 Nam
362 2937 492 2974 onmia
519 2948 587 2974 sua
607 2935 818 2974 virtualiter
848 2937 886 2974 in
911 2937 1036 2974 Deum
1069 2937 1185 2974 refer·

59 3011 89 3032 „
119 2996 181 3032 re,
211 2987 316 3024 varie
345 2988 508 3040 intelligi
532 2997 676 3040 potest.
706 2988 796 3028 Uno
825 2990 938 3027 modo
969 3000 1007 3027 ut
1035 2990 1182 3041 signifi-

57 3064 87 3086 „
116 3046 174 3075 cet
195 3038 320 3077 facere
339 3049 492 3092 propter
513 3041 638 3080 Deum
661 3042 887 3094 simpliciter
906 3056 1023 3093 super
1042 3047 1183 3081 omnia.

58 3116 87 3137 ‚,
114 3089 322 3141 dilectum,
355 3095 411 3132 vel
442 3094 616 3133 ordinare
645 3097 684 3134 in
712 3095 873 3146 gloriam
891 3097 964 3136 Dei
993 3096 1182 3149 simplici-

59 3169 89 3190 „
115 3152 197 3194 ter,
227 3145 260 3182 8ι
290 3146 462 3185 absolute
490 3161 606 3198 super
633 3162 772 3186 omnm,
801 3150 958 3199 dilecti,
989 3150 1022 3186 &
1051 3152 1105 3189 sic
1126 3165 1182 3188 re-

56 3223 85 3243 „
114 3204 173 3234 cte
198 3199 275 3238 dici
308 3210 450 3253 potest,
480 3214 552 3238 non
585 3205 933 3255 possequempiam
964 3218 1031 3242 sua
1049 3207 1182 3243 omnia

58 3277 85 3296 ,‚
115 3250 155 3287 in
185 3250 340 3302 Deum,
386 3255 455 3293 nisi
487 3256 602 3294 etiam
631 3256 789 3307 impleat
820 3267 1056 3309 praeceptum
1087 3258 1181 3296 dile-

58 3330 86 3350 „
114 3304 276 3352 ctionis;
315 3318 660 3362 consequenterque
700 3310 886 3359 concedi,
930 3311 1030 3363 quod
1073 3310 1180 3361 juxta

47 3362 92 3406 .‚,‘
115 3355 219 3395 hunc
260 3360 415 3400 modum
457 3366 637 3402 sententia
667 3363 834 3415 Apostoli
870 3377 947 3406 non
989 3367 1180 3408 contiueat

169 3409 411 3469 Gazzaniga
441 3415 575 3460 Theol.
606 3416 720 3458 Tom.
741 3416 829 3459 Vll.

2251 152 2331 195 183

1261 243 1287 261 „
1317 222 1581 263 pra-ceptum,
1626 216 1687 252 sed
1717 215 2012 258 exhortationem
2033 252 2042 270 ,
2086 224 2118 260 8<
2149 227 2352 268 consilium
2372 255 2385 270 .

1260 297 1287 317 ‚‚
1319 265 1405 303 Alio
1448 267 1559 303 modo
1589 270 1729 305 referre
1760 271 1798 307 in
1831 272 1955 311 Deum
1987 286 2035 312 ent
2070 277 2192 316 saec-re
2230 295 2386 335 propter·

1260 351 1286 371 „
1316 318 1442 357 Deum
1462 349 1472 367 ,
1502 333 1574 357 nou
1595 322 1752 371 quidem
1783 322 1967 364 dilectum
1997 342 2110 378 super
2129 346 2291 384 ovzma,
2321 337 2386 376 sed

1259 404 1286 423 „
1316 381 1444 410 tamen
1475 372 1550 410 fide
1578 376 1772 424 cognitum
1791 405 1801 422 ,
1832 378 1864 413 3<
1895 380 2025 432 aliquo
2057 385 2167 422 modo
2197 387 2385 429 honoran-

1259 457 1285 476 „
1314 426 1429 473 dum,
1453 440 1515 464 seu
1538 436 1688 478 propter
1710 427 1791 477 ejus
1816 437 2085 481 reverentiatm
2118 440 2166 480 ita
2189 451 2226 478 ut
2244 457 2384 494 quam.

1260 510 1285 528 „
1317 481 1371 517 vis
1403 479 1495 527 ille,
1526 480 1595 531 qui
1614 491 1817 532 operatur,
1847 483 1893 519 ‹le
1913 486 1991 522 Dm»
2022 502 2095 526 nou
2124 495 2280 541 cogitet,
2311 500 2385 533 vir-

1260 563 1285 582 „
1315 541 1394 570 tute
1414 543 1566 580 tamen,
1597 533 1631 569 8t
1661 535 1849 583 implicite
1864 549 2039 588 operetur
2056 540 2207 595 propter
2228 549 2354 600 ipsum
2372 564 2385 596 ς

1259 616 1286 636 „
1317 586 1409 624 adeo
1441 595 1479 623 ut
1509 589 1537 624 si
1570 598 1790 636 rogaretur,
1834 603 1954 641 quare
1985 592 2051 630 hoe
2085 597 2222 647 saci-u,
2254 602 2382 642 finali..

1259 670 1286 689 „
1317 649 1396 686 ter,
1426 649 1489 677 aut
1518 642 1625 691 quasi
1658 641 1848 690 finaliter,
1893 657 1937 681 ex
1971 648 2100 683 attinio
2140 664 2385 703 responsam„

1260 722 1286 742 ‚,
1317 702 1434 740 esset,
1465 695 1555 746 quia
1588 693 1690 731 Deus
1719 694 1851 746 jubet,
1881 697 1940 734 vel
1972 701 2160 750 consulit,
2192 709 2281 756 quia
2303 709 2384 747 Deo

1260 776 1285 796 ‚,
1314 755 1464 798 gratum
1496 756 1576 793 est,
1613 749 1705 799 quia
1736 747 1826 786 fidei
1856 749 2085 791 Christianae
2116 767 2166 794 est
2195 772 2385 800 consenta-

1260 830 1286 849 ‚,
1317 814 1461 848 neum,
1505 802 1597 852 quia
1639 802 1692 838 sic
1725 802 1760 838 iu
1795 802 1990 853 Religioiie
2018 807 2234 849 Christiana
2277 815 2386 852 ‹loce-

1260 884 1286 903 „
1318 867 1404 890 mur
1426 884 1436 899 ,
1479 855 1571 905 quia
1611 852 1680 892 hoc
1725 855 1830 894 decet
1860 858 2121 900 Christianum
2144 893 2154 912 ,
2201 864 2260 903 vel
2290 869 2387 920 quid

1260 936 1286 956 „
1315 906 1443 945 simile
1472 908 1492 922 ‘²
1514 933 1525 945 .

1321 974 1407 998 112.
1439 989 1464 1009 „
1494 960 1558 999 Sic
1590 970 1742 1013 propter
1771 962 1899 1002 Deum
1927 977 2159 1019 operantur,
2198 974 2265 1024 qui
2296 973 2387 1015 licet

1264 1045 1289 1065 „
1321 1013 1447 1052 Deum
1478 1027 1551 1052 nou
1581 1014 1742 1065 diligant
1761 1047 1770 1064 ,
1819 1020 1915 1056 sicut
1944 1031 2085 1070 oportet
2104 1053 2114 1070 ,
2158 1026 2222 1062 sed
2251 1028 2289 1066 in
2321 1028 2386 1066 ho-

1258 1098 1284 1120 „
1316 1068 1508 1115 muthius,
1540 1066 1760 1116 adulterii-1,
1791 1071 2063 1123 ebrietatibus,
2108 1087 2171 1115 aut
2199 1079 2282 1118 aliis
2315 1080 2387 1121 fla·

1258 1153 1284 1173 ῃ
1312 1122 1412 1172 gitiis
1442 1130 1660 1170 versentur,
1704 1123 1922 1175 aliqualiter
1958 1138 2084 1167 tamen
2114 1132 2148 1168 ei
2179 1132 2273 1171 bene
2306 1136 2388 1174 affi-

1258 1206 1283 1225 „
1313 1176 1487 1221 ciuntur,
1519 1173 1551 1210 8(
1582 1186 1755 1214 recusant
1777 1176 1974 1229 pejerare,
2007 1182 2162 1232 Fidem,
2192 1198 2258 1226 aut
2273 1189 2387 1227 Cha·-

1259 1260 1285 1280 „
1315 1238 1414 1267 stum
1444 1228 1659 1280 abnegare,
1698 1229 1942 1271 Sacramenta
1984 1237 2241 1289 conculcare,
2286 1243 2387 1282 hna-

1257 1314 1282 1333 „
1312 1283 1419 1334 gines
1445 1291 1712 1331 contemnere,
1758 1283 1790 1320 8<
1821 1285 1898 1325 alia
1929 1287 2174 1340 hujusmodi,
2213 1308 2255 1332 eo
2284 1298 2387 1348 quod

1257 1367 1282 1387 ,‚
1312 1335 1538 1384 actualiter,
1569 1346 1632 1374 aut
1664 1338 1878 1377 virtualiter
1907 1339 2105 1392 judicent,
2135 1346 2226 1386 talia
2257 1349 2386 1388 facere

1259 1420 1284 1439 „
1316 1403 1392 1428 esse
1421 1390 1553 1439 gravia
1585 1401 1761 1442 peccata,
1793 1408 1869 1431 esse
1898 1405 2025 1433 contra
2046 1397 2267 1449 Christum,
2297 1417 2386 1442 cou-

1255 1474 1280 1494 „
1311 1452 1368 1480 tra
1401 1443 1535 1481 Fidem
1555 1474 1564 1490 ,
1595 1452 1660 1481 aut
1694 1443 1930 1498 Religionem
1949 1475 1958 1486 .
1997 1450 2105 1490 Sicut
2134 1453 2167 1490 ἃ
2200 1454 2285 1504 illi,
2315 1457 2386 1509 qui

1253 1528 1278 1546 „
1309 1495 1470 1535 Missam
1492 1497 1677 1545 audiunt,
1709 1498 1909 1550 jejunant,
1940 1501 2197 1557 eleemosynas
2215 1508 2385 1560 largiun-

1254 1581 1279 1602 ‚‚
1309 1560 1396 1598 tur,
1441 1551 1626 1601 Imagines
1658 1550 1864 1603 honorant,
1907 1557 1999 1607 quii
2030 1558 2200 1600 Ecclesia
2231 1565 2284 1601 sic
2324 1564 2386 1614 ju-

1256 1636 1281 1655 „
1312 1603 1402 1651 bet,
1432 1605 1525 1656 quia
1540 1605 1772 1643 Christianos
1801 1609 1855 1645 sic
1883 1613 2032 1659 operari
2049 1613 2180 1653 decet.
2212 1616 2258 1654 Et
2279 1615 2388 1667 juxta

1258 1689 1284 1708 „
1315 1656 1420 1695 hune
1442 1657 1599 1695 modum
1622 1659 1868 1711 intelligenda
1889 1664 2037 1701 videtur
2057 1670 2236 1706 sententia
2254 1699 2265 1717 ,
2295 1684 2387 1722 quas

1258 1740 1285 1759 ,⁷
1314 1712 1476 1757 asserit,
1507 1724 1585 1747 esse
1614 1721 1854 1762 praeceptum
1883 1715 2138 1766 Christianis,
2168 1723 2300 1759 omnia
2330 1724 2388 1761 fa-

1260 1792 1285 1811 „
1314 1775 1400 1799 cere
1431 1761 1567 1799 saltem
1598 1763 1812 1802 virtualiter
1841 1765 2064 1817 ingloriam
2086 1770 2188 1820 Dei,
2219 1788 2282 1811 seu
2300 1789 2389 1826 pro-

1260 1845 1286 1865 „
1316 1824 1399 1865 pter
1426 1814 1556 1852 Deum
1577 1841 1587 1852 .
1630 1815 1764 1867 Neque
1793 1830 2030 1870 praeceptum
2069 1825 2121 1861 sic
2152 1826 2388 1868 intellectum

1260 1898 1286 1916 ‚,
1315 1877 1368 1904 est
1399 1866 1547 1904 homini
1592 1867 1630 1903 in
1665 1868 1734 1905 hac
1778 1872 1855 1907 vita
1895 1873 2160 1924 impossihile3
2204 1880 2282 1916 imo
2319 1895 2390 1920 nee

1261 1949 1287 1969 ,‚
1319 1929 1395 1956 tam
1416 1918 1575 1956 difficile
1593 1949 1603 1966 ,
1636 1929 1673 1957 ut
1703 1931 1856 1973 propter
1885 1923 1968 1974 ejus
1996 1927 2261 1970 difficultatem
2285 1933 2386 1973 illud

1260 2003 1286 2021 „
1316 1974 1361 2010 sit
1377 1974 1592 2024 negandum
1610 1987 1619 2018 3
1650 1987 1739 2012 cum
1758 1974 1791 2011 &
1810 1976 1955 2030 absque
1975 1979 2156 2020 charitate
2204 1988 2287 2024 ossit
2308 1988 2385 2025 int-

1261 2056 1288 2076 „
1318 2024 1441 2078 pleri,
1473 2025 1506 2062 ἃ
1529 2035 1763 2078 peccatores,
1785 2031 1931 2069 etiamsi
1952 2047 2085 2084 graves
2103 2066 2114 2085 ,
2145 2038 2170 2075 il
2194 2040 2243 2077 ud
2259 2041 2384 2079 adim-

1262 2108 1288 2128 „
1319 2079 1447 2131 pleant
1465 2109 1474 2127 ,
1504 2093 1569 2117 seu
1590 2080 1803 2132 adimplere
1826 2086 1991 2135 possint,
2021 2090 2175 2142 quando
2193 2105 2308 2145 opera
2325 2095 2382 2134 fa·
2406 2112 2413 2116 ·

1262 2163 1288 2182 ,,
1317 2134 1424 2171 ciunt
1455 2132 1650 2171 moraliter
1678 2134 1779 2174 bona
1810 2137 1831 2152 ’'
2126 2150 2131 2154 '

1321 2200 1331 2224 1
1348 2187 1407 2225 15.
1439 2187 1521 2225 Hac
1535 2188 1669 2226 eximii
1687 2188 1871 2244 Theologi
1888 2191 2056 2234 doctrina
2075 2211 2149 2236 non
2165 2201 2381 2241 excluditur

1259 2240 1415 2292 quidem
1446 2242 1675 2293 perspicua,
1705 2242 1738 2279 8<
1766 2247 1907 2297 saepius
1939 2252 2092 2300 repetita
2112 2254 2283 2305 Angelici
2304 2257 2385 2295 Do-

1259 2296 1370 2333 ctoris
1399 2297 1579 2333 sententia
1607 2296 1654 2333 de
1675 2309 1867 2351 praecepto
1896 2302 2086 2343 referendi
2109 2310 2240 2346 onmia
2268 2323 2385 2361 opera

1256 2356 1382 2386 nostra
1412 2349 1452 2386 iu
1481 2348 1610 2387 Deum
1625 2363 1740 2400 super
1755 2357 1895 2390 omnm
1915 2353 2100 2396 dilectum
2118 2375 2133 2404 ,·
2163 2362 2262 2413 quod
2282 2377 2382 2411 prae-

1255 2411 1410 2454 ceptum
1439 2402 1698 2454 adimpletur,
1735 2407 2052 2463 quotiescumque
2081 2422 2183 2452 actus
2212 2416 2384 2455 dilectio-

1254 2457 1311 2493 nis
1342 2456 1412 2493 Dei
1441 2470 1556 2507 supra
1583 2459 1717 2496 omnia
1746 2460 1924 2507 elieitur5
1955 2472 2045 2503 tunc
2075 2468 2175 2505 euim
2207 2467 2249 2506 fit
2277 2470 2380 2508 ordi-

1252 2510 1359 2547 natio
1388 2509 1500 2546 totius
1531 2509 1695 2549 hominis
1727 2513 1764 2552 in
1787 2513 1905 2552 finem
1936 2517 2146 2558 ultimum.
2176 2521 2250 2559 Sed
2282 2522 2378 2560 ulte-

1253 2564 1332 2600 rius
1374 2564 1550 2600 asseritur
1592 2563 1699 2603 aliud
1739 2578 1976 2618 praeceptum
2019 2573 2267 2622 distinctum,
2313 2585 2382 2615 aut

1251 2615 1384 2655 saltem
1415 2615 1527 2654 latius
1557 2630 1686 2669 patens
1717 2621 1904 2660 referendi
1939 2624 2148 2665 virtualiter
2170 2638 2287 2669 totum
2311 2631 2347 2668 id
2368 2660 2382 2679 ,

1250 2669 1352 2722 quod
1382 2670 1545 2707 facimus
1564 2702 1572 2717 ,
1605 2673 1642 2709 iu
1671 2671 1834 2723 gloriam
1857 2674 1926 2714 Dei
1945 2707 1955 2724 ,
1986 2679 2101 2717 etiam
2131 2683 2375 2732 quandouon

1253 2732 1358 2776 urget
1377 2723 1561 2775 obligavio
1581 2726 1758 2764 eliciendi
1781 2729 2003 2779 explicitum
2026 2732 2219 2774 charitatis
2234 2746 2378 2783 acuum

1252 2776 1285 2814 δι
1317 2775 1387 2815 hoc
1417 2788 1651 2830 pra-,ceptum
1691 2781 1897 2834 adimpleri
1928 2783 2136 2837 alipii-indo
2173 2803 2279 2841 posse
2308 2803 2377 2842 per

1253 2839 1356 2869 actus
1394 2830 1606 2869 dilectionis
1643 2830 1714 2871 Dei
1746 2848 1818 2872 non
1849 2848 1964 2885 super
1991 2844 2160 2880 omnm:
2207 2843 2381 2895 adeoque

1252 2897 1327 2922 non
1348 2882 1590 2935 justificatis,
1619 2900 1734 2938 quam
1757 2887 1883 2927 dilecti
1898 2905 1999 2929 ‘nem
2023 2891 2094 2932 Dei
2111 2895 2232 2948 aliqui
2248 2896 2376 2934 Theo-

1253 2935 1327 2988 logi
1346 2948 1476 2976 vocant
1492 2936 1732 2977 charitatem
1755 2943 2036 2997 imperfectam
2047 2962 2063 2992 ‚·
2093 2947 2127 2985 &
2147 2963 2235 3002 quae
2256 2952 2373 2988 etiam

1252 2991 1291 3028 iu
1322 2991 1584 3043 peccatoribus
1614 3007 1691 3031 esse
1721 3006 1864 3047 potest.

1311 3057 1321 3081 1
1340 3044 1396 3090 14.
1420 3043 1716 3097 Verumtamen,
1749 3058 2006 3105 preterquam
2026 3054 2127 3108 quod
2148 3054 2253 3093 nulla
2269 3055 2374 3107 apud

1250 3098 1533 3154 sanctissimum
1565 3111 1732 3139 nostruin
1764 3101 1991 3154 Magistrum
2020 3111 2162 3146 mentio
2184 3110 2376 3147 invenitur

1255 3150 1370 3201 hujus
1400 3154 1583 3204 praecepti
1603 3185 1613 3201 ,
1657 3157 1846 3197 referendi
1874 3162 2004 3199 omnia
2033 3171 2152 3199 nostra
2181 3173 2295 3212 opera
2332 3163 2374 3202 in

1250 3204 1380 3242 Deum
1399 3235 1410 3253 ,
1439 3205 1609 3245 distincti
1639 3223 1661 3247 a
1691 3221 1884 3264 praecepto
1911 3211 2104 3252 charitatis
2122 3243 2131 3258 ‚
2161 3215 2374 3259 nimisssx-

1250 3271 1377 3310 pressa
1394 3289 1403 3307 ,
1433 3273 1477 3297 ac
1505 3262 1649 3312 saepius
1680 3266 1836 3316 repetita
1863 3276 1949 3305 sunt
1968 3266 2136 3316 ejusdcm
2157 3268 2372 3306 testimonia

1248 3313 1422 3363 superius
1451 3312 1569 3353 relata
1598 3330 1705 3356 uum.
1742 3317 1856 3367 104.3
1886 3320 2276 3371 quibuspraereptum
2293 3323 2371 3359 vir-

1247 3364 1361 3408 tualis
1389 3364 1581 3410 relationis
1609 3383 1769 3424 operum
1799 3382 2009 3413 nostrorum
2051 3373 2089 3413 in
2117 3372 2244 3415 Deum
2273 3387 2372 3413 sem-

1781 3423 1833 3472 '26
2248 3423 2346 3479 per'
