2570 3745
962 142 1041 186 DE
1076 141 1309 187 GnA'rlA
1343 138 1565 182 ADAMI.

111 225 265 267 ficulter
291 225 468 265 diluunt.
496 221 570 262 Sed
598 221 673 261 duo
687 230 812 261 tamen
835 230 997 269 restant,
1027 236 1115 274 quae
1138 235 1218 258 ma-

110 279 184 332 jori
214 280 464 332 explicatione
493 277 663 328 indigere
691 276 870 315 videntur
888 302 898 313 .
938 275 1097 322 Primo,
1126 287 1219 326 quo-

112 334 224 372 modo
250 333 335 370 haec
363 333 483 368 mott'o
511 330 701 377 moralis,
730 328 1113 369 &indeterminata
1129 328 1222 365 adeo

111 385 321 424 necessaria
349 392 427 421 erat
455 384 493 421 in
523 391 616 420 statu
639 384 860 421 innocentiae
879 412 890 430 ,
921 391 957 420 nt
987 383 1016 419 si
1036 380 1221 432 Angelus,

110 438 144 475 8(
175 437 286 475 1ιοιηο
315 450 358 474 ea
387 437 618 484 caruissent,
649 437 729 474 sine
757 450 823 473 sua
843 435 957 487 culpa
972 434 1221 481 cecidissent,

109 491 202 543 quia
230 489 330 528 illud
357 488 591 541 adjutorium
620 490 825 536 defuisset,
854 490 935 526 sine
964 501 1040 540 quo
1070 500 1221 524 manere

108 555 184 581 non
215 551 412 594 poterant.
460 542 568 580 Anno
596 551 694 580 tanta
724 542 812 593 fingi
853 551 997 593 potest,
1040 540 1074 576 8(
1115 539 1220 577 credi

110 594 228 647 liujus
259 596 436 634 motionis
466 595 646 643 moralis,
676 594 709 631 8(
742 595 1040 632 indeterminatas
1062 593 1221 630 necessi-

108 656 190 697 tas,
221 657 260 686 ut
289 650 367 688 sine
396 662 440 686 ea
468 661 535 686 nec
566 648 722 699 Angeli,
754 661 822 684 nec
855 648 976 685 Adam
1007 659 1220 699 persevera·

107 714 149 740 re
177 700 363 740 ullatenus
384 700 553 754 possent?
584 701 750 739 Ulterius
767 700 984 751 hujusmodi
1007 701 1121 736 motio
1141 711 1221 736 nio-

108 753 198 793 mlis
226 767 302 793 non
331 754 596 806 suppeditabat
614 755 818 806 potentiam
836 753 1122 804 perseverandi,
1151 752 1219 804 qui

108 808 287 860 proprius
315 816 394 846 erat
422 807 617 846 character
644 805 779 844 auxilii
811 810 896 843 sine
915 819 989 855 quo
1017 818 1097 842 non
1116 834 1126 851 ‚
1157 804 1220 842 sed

106 862 232 913 potius
260 861 415 913 urgebat
432 890 443 909 ‚
473 860 507 897 8(
536 873 602 899 suo
631 859 741 897 modo
769 858 944 896 movebat
965 857 1220 904 voluntatem,

109 923 150 951 ut
180 914 346 952 tenderet
375 915 414 951 in
446 913 571 951 Deum
589 942 600 961 ,
630 913 742 964 eique
770 911 1009 958 adhaereret,
1039 924 1102 948 seu
1135 922 1220 960 per-

106 977 291 1006 severaret
321 968 358 1005 in
387 967 566 1013 caritate,
596 963 629 1000 8(
658 965 807 1015 gratia,
838 966 975 1015 inqua
995 972 1120 1001 creata
1138 963 1219 999 fue-

106 1028 192 1058 rat.
242 1020 434 1067 Demum,
479 1026 518 1057 ut
546 1029 634 1055 mox
662 1016 946 1068 explicabitur,
986 1016 1219 1065 adjutorium

109 1077 196 1111 sine
223 1086 297 1125 quo
325 1085 404 1109 non
433 1079 483 1109 est
511 1071 639 1122 ipsum
680 1069 870 1106 auxilium
901 1067 1094 1106 sufficiens
1121 1068 1220 1106 bene

108 1126 315 1177 operandi,
343 1123 446 1176 quod
474 1125 512 1161 in
540 1130 680 1160 natura
709 1122 813 1174 lapsa
843 1137 865 1159 a
897 1121 976 1159 Deo
1006 1122 1220 1159 misericor-
1256 1132 1258 1135 ·

108 1179 205 1218 diter
231 1177 433 1216 tribuitur.
463 1176 545 1214 Hoc
573 1186 700 1214 autem
729 1175 921 1214 auxilium
951 1174 1141 1213 sufficiens
1157 1189 1221 1213 na-

108 1240 205 1269 turae
235 1230 354 1284 lapsae
382 1243 495 1269 nemo
521 1238 676 1282 reponet
707 1230 746 1267 in
777 1227 844 1266 illo
875 1229 1009 1266 intimo
1037 1227 1072 1264 8(
1101 1229 1222 1266 couti-

107 1297 184 1323 nuo
212 1293 349 1323 sauctae
377 1283 636 1322 delectationis
664 1296 771 1320 sensu
800 1281 979 1320 tendendi
1007 1281 1054 1319 ad
1073 1281 1222 1329 Deum,

108 1338 149 1376 in
177 1350 254 1390 quo
282 1338 406 1376 Adam
439 1338 614 1375 innocens
646 1335 759 1373 fnisse
789 1334 955 1382 dicitur,
984 1348 1073 1373 cum
1103 1335 1224 1386 gratia

108 1389 301 1428 sufficiens
329 1391 443 1429 etiam
472 1388 733 1442 peccatoribus
761 1401 1035 1440 nonnunquam
1064 1388 1195 1425 detur.

166 1443 256 1482 526.
287 1444 355 1482 His
382 1443 561 1482 omnibus
590 1441 835 1494 opinionibus
853 1440 1000 1492 rejectis
1017 1471 1027 1489 ,
1059 1449 1226 1479 veterem

109 1497 333 1535 sententiam
360 1495 657 1549 amplectimur,
689 1494 758 1532 lioc
788 1493 1020 1545 adjutorium
1051 1498 1136 1532 sine
1151 1507 1224 1545 quo

109 1562 190 1586 non
219 1548 315 1588 nihil
344 1563 421 1588 esse
449 1550 554 1587 aliud
572 1578 582 1596 ,
626 1561 742 1600 quam
783 1549 945 1598 gratiam
975 1547 1227 1585 sufficientem

111 1602 420 1649 'l'lioniistica1113
462 1601 564 1653 quod
603 1609 703 1653 patet
732 1612 776 1636 ex
807 1602 888 1652 ipso
916 1599 956 1638 S.
988 1601 1225 1651 Augustino,

109 1658 177 1707 qni
206 1655 271 1693 De
302 1654 477 1705 Corrept.
503 1654 554 1695 Εἴ)
581 1662 688 1706 grat.
718 1667 804 1705 cap.
833 1667 914 1701 110,
945 1663 1146 1706 postquam
1166 1653 1226 1691 di·-

108 1710 222 1747 xisset
242 1737 254 1757 ,
285 1708 354 1747 hoc
381 1707 615 1760 adjutorium
645 1708 695 1745 ita
727 1708 840 1746 fuisse
871 1706 1052 1758 Angelis,
1097 1705 1130 1742 8(
1160 1705 1227 1744 lio-

109 1763 210 1800 mini
241 1763 432 1800 innocenti
462 1762 738 1808 necessarium,
770 1770 810 1798 ut
839 1762 870 1799 si
899 1760 997 1799 illud
1017 1761 1224 1809 defuisset,

110 1819 238 1866 ntique
269 1828 342 1852 stm.
369 1816 487 1866 culpa
516 1828 597 1853 non
626 1814 885 1862 cecidissent,
916 1815 967 1852 ita
988 1823 1114 1867 postea
1135 1814 1226 1852 snb-

109 1869 192 1907 dit.
229 1866 349 1906 Nina:
378 1877 516 1907 autem
543 1867 677 1920 quibus
707 1868 815 1910 deest
843 1868 923 1906 tale
952 1867 1226 1917 adjutorium,

104 1923 199 1974 jam
226 1934 348 1971 paena
375 1925 529 1973 peccati
557 1931 646 1960 esc:
676 1919 809 1974 quibus
838 1930 974 1960 autem
995 1917 1136 1969 (lazur,
1166 1935 1227 1959 se-

111 1974 284 2017 cundum
312 1980 494 2028 gratiam
523 1975 668 2014 datur.
714 1974 882 2014 Ulterius
921 1975 1020 2013 idem
1050 1975 1091 2014 S.
1123 1975 1229 2014 Pater

113 2043 197 2080 cap.
224 2041 284 2067 12.
327 2043 368 2068 n.
390 2029 456 2069 58.
485 2029 618 2078 docet,
640 2029 816 2068 ·Sanctos
853 2028 968 2080 hujus
1011 2039 1123 2068 status
1152 2042 1228 2068 nou

113 2081 253 2121 debere
278 2081 463 2134 gloriari,
506 2084 577 2121 nisi
607 2084 645 2120 in
675 2083 862 2122 Domino:
906 2112 932 2131 „
963 2082 1040 2129 Qui
1071 2085 1124 2120 eis
1153 2096 1229 2121 non

116 2165 143 2184 „
171 2134 295 2173 solum
325 2136 386 2175 dat
414 2135 676 2187 adjutorium,
708 2137 820 2188 quale
849 2138 976 2188 primo
1005 2135 1231 2175 hominide-

116 2218 141 2236 ‚,
170 2187 250 2236 dit,
281 2188 361 2226 siue
388 2202 465 2240 quo
484 2202 559 2227 non
581 2191 721 2241 possint
743 2203 1007 2241 perseverare,
1037 2192 1068 2228 si
1090 2188 1230 2237 velint,

115 2271 141 2290 „
169 2241 232 2279 sed
263 2241 300 2279 in
330 2242 384 2279 eis
411 2244 525 2279 etiam
553 2251 731 2293 operatur
760 2242 794 2278 8(
825 2242 946 2280 velle:
978 2253 1016 2280 nt
1045 2244 1232 2296 quoniam

117 2323 144 2343 „
174 2307 247 2332 non
276 2294 596 2346 perseverabunt,
638 2295 710 2332 nisi
747 2294 780 2330 8(
810 2297 977 2346 possint,
1022 2295 1056 2332 8(
1085 2296 1232 2343 velint,

116 2377 142 2396 „
174 2349 441 2399 perseverandi
471 2349 524 2386 eis
554 2347 587 2383 8(
617 2345 879 2399 possibilitas,
909 2347 942 2384 8(
973 2347 1146 2387 voluntas
1175 2348 1232 2386 di-

115 2430 142 2449 „
173 2402 275 2439 vinae
304 2402 437 2452 gratiae
475 2400 646 2452 largitate
686 2400 847 2439 donetur
878 2402 899 2417 ”
918 2427 928 2437 .
979 2401 1036 2438 Ad
1082 2401 1164 2439 liaec
1193 2401 1234 2440 S.

117 2455 318 2506 Augustini
348 2463 425 2493 tam
455 2456 657 2506 perspicua
701 2452 734 2490 8(
776 2454 984 2493 decretoria
1024 2455 1140 2493 verba
1170 2469 1236 2506 paa

116 2520 204 2546 rum
233 2507 431 2546 attendisse
461 2509 665 2556 videntur,
709 2508 777 2558 qui
806 2508 934 2546 dicunt
952 2538 961 2555 ,
1000 2507 1236 2559 adjutorium

116 2564 204 2599 sine
231 2573 305 2611 quo
333 2573 414 2599 non
444 2562 558 2600 fuisse
597 2563 749 2612 proprie
791 2575 954 2613 vereque
996 2563 1157 2613 gratiam
1189 2560 1236 2598 il-

118 2612 195 2652 lius
223 2623 362 2663 status,
408 2625 447 2653 ut
490 2614 562 2653 liac
592 2616 629 2652 in
659 2623 764 2668 parte
794 2616 909 2653 situm
940 2615 986 2653 sit
1029 2615 1236 2653 discrimen

118 2667 306 2719 integrae,
336 2667 594 2722 collapsaeque
623 2678 770 2707 naturae
803 2670 865 2718 (a)
885 2696 894 2706 .

174 2721 267 2772 5'27.
299 2721 467 2774 idipsum
497 2721 694 2774 colligitur
723 2735 767 2759 ex
798 2723 837 2760 S.
859 2721 1009 2760 Tlioma
1046 2735 1077 2760 ι.
1100 2735 1137 2760 2.
1168 2735 1236 2774 qu.

128 2785 217 2826 ¹09·
245 2783 315 2812 art.
343 2788 402 2814 to.
423 2777 470 2814 ad
491 2776 529 2815 3.
547 2806 558 2824 ,
589 2775 656 2814 ubi
686 2774 849 2814 laudatis
880 2775 1054 2826 Magistri
1084 2775 1238 2813 suiAu-

123 2827 212 2864 stini
241 2827 394 2877 verbis,
437 2830 537 2882 quod
567 2827 685 2867 homo
714 2833 755 2866 in
794 2833 921 2878 primo
950 2839 1056 2866 statu
1085 2830 1240 2877 accepit

127 2878 279 2918 donum
295 2910 306 2929 ,
333 2894 403 2932 per
429 2882 530 2934 quod
542 2895 797 2933 perseverare
815 2892 944 2934 posset
960 2912 972 2930 ‚
1001 2894 1081 2919 non
1103 2889 1240 2918 autem

126 2938 304 2985 accepit,
333 2943 374 2972 ut
401 2946 695 2985 perseveraret,
726 2937 778 2974 ita
807 2936 952 2974 subdit:
985 2966 1010 2983 „
1040 2934 1152 2972 'Nunc
1173 2947 1241 2971 au-

129 3016 158 3038 „
186 2997 261 3026 tem
292 3001 360 3039 per
386 2991 547 3040 gratiam
576 2990 714 3029 Christi
745 2989 856 3028 multi
894 2991 1086 3040 accipiunt
1116 2987 1149 3023 8(
1178 2987 1241 3023 do-

132 3069 160 3090 „
188 3054 283 3080 num
311 3044 445 3093 gratiae
463 3073 474 3091 ,
512 3057 586 3094 quo
614 3056 866 3093 perseverare
894 3046 1044 3094 possint
1075 3045 1242 3092 (nempe

135 3121 162 3141 „
189 3093 421 3145 adjutorium
452 3100 538 3134 sine
567 3110 640 3147 quo
669 3096 806 3146 non),
845 3096 879 3133 8(
911 3096 1066 3133 ulterius
1097 3097 1148 3131 eis
1178 3094 1243 3129 dzt·

141 3172 170 3194 „
196 3154 284 3197 tur,
325 3150 427 3201 quod
465 3159 704 3203 perseverent
733 3150 783 3189 ”.
831 3150 944 3198 Quod
986 3150 1077 3201 ipsis
1114 3150 1242 3198 Augu-

191 3313 239 3354 (α)
266 3313 448 3351 Jansenius
473 3319 544 3365 ipse
571 3317 626 3352 De
652 3321 767 3363 gratia
791 3321 891 3363 primi
911 3316 1085 3357 hominis,
1111 3319 1152 3349 <9¹
1172 3315 1246 3348 An-

143 3362 294 3402 gffls‘ffl'st
320 3371 349 3392 C·
372 3362 423 3404 14·
448 3363 558 3405 dicit,
585 3380 649 3399 non
675 3367 772 3399 alunt
788 3366 910 3410 fiisse
937 3366 1026 3400 illud
1053 3362 1246 3408 granand-

248 3404 484 3463 Gczzzam'ga
514 3411 642 3453 Uzeol.
674 3413 785 3452 Tom.
816 3411 884 3452 Vt.

2263 154 2274 178 ¹
2292 152 2343 192 77

1285 219 1372 259 stiui
1403 217 1528 255 verbis
1573 215 1705 267 repetit
1736 227 1772 253 2.
1805 227 1841 252 2.
1870 229 1936 266 qu.
1977 216 2062 266 137.
2103 225 2173 254 art.
2208 213 2246 261 ὦ.
2276 218 2322 255 ad
2358 230 2396 256 2.

1343 270 1434 310 528.
1465 269 1575 308 Hanc
1593 270 1752 320 gratiam
1775 266 1949 304 habuisse
1967 269 2155 307 Adamum
2175 300 2185 318 ,
2207 279 2309 308 extra
2330 271 2401 308 du-

1289 325 1399 365 bium
1430 332 1510 371 est,
1541 331 1580 360 ut
1609 321 1847 374 apertissime
1877 329 1976 372 patet
2006 334 2048 357 ex
2068 323 2136 369 iis,
2166 337 2254 374 quae
2277 324 2402 362 hacte-

1289 392 1360 416 nus
1388 377 1488 415 dicta
1515 383 1622 414 sunt.
1652 374 1725 413 Sed
1755 387 1844 412 cum
1874 375 2125 411 communiter
2153 378 2269 423 gratia
2297 376 2403 415 suffi-

1291 432 1396 470 ciens
1423 430 1571 468 dicatur
1598 431 1807 473 excitans,
1837 427 2066 464 contendunt
2086 442 2098 463 (
2116 428 2269 472 uidam;
2301 429 2398 468 illud

1289 484 1521 535 adjutorium
1551 486 1638 519 sine
1665 494 1740 532 quo
1770 492 1845 517 non
1880 481 2052 526 Admno,
2141 480 2292 529 Angelis
2321 483 2397 519 col-

1290 538 1439 584 latum,
1471 549 1543 573 non
1573 535 1687 573 fuisse
1718 535 1910 580 excitans,
1953 533 2124 583 adeoque
2153 546 2223 570 nec
2253 536 2405 585 proprie

1291 592 1404 629 fuisse
1433 590 1592 641 gratiam
1624 586 1874 626 sufficientem
1891 615 1901 632 ,
1931 600 2019 638 quae
2042 585 2151 623 nobis
2173 586 2209 623 in
2234 585 2303 624 lioc
2325 599 2404 625 cor-

1291 653 1411 695 ruptae
1442 652 1586 680 natnrae
1616 650 1712 680 statu
1741 641 1963 678 confertur.

1348 698 1437 747 529.
1470 695 1614 733 Verum
1659 696 1747 732 scite
1788 693 1962 731 observat
1992 692 2119 730 Estius
2151 692 2186 731 in
2218 693 2264 729 ll.
2296 691 2405 732 Sem.

1289 750 1388 788 Dist.
1411 748 1540 786 XXV.
1571 747 1609 799 ᾗ.
1643 762 1708 798 7.,
1754 747 1972 793 Adamum,
2010 747 2188 798 quamvis
2219 759 2290 784 non
2321 760 2406 797 ege-

1289 812 1343 840 ret
1372 804 1490 853 gratia
1513 833 1523 849 ‚
1552 815 1628 854 qna
1658 802 1885 838 excitaretur
1914 814 1936 837 a
1965 808 2113 851 torpore
2143 800 2289 846 animi,
2328 813 2406 851 quo

1290 857 1423 908 utique
1454 868 1529 892 non
1560 854 1784 902 laborabat,
1814 854 1905 905 quia
1936 862 2062 904 torpor
2093 854 2231 890 vitium
2261 852 2408 903 signifi-

1288 918 1373 953 cat3
1415 917 1580 946 attamen
1623 909 1720 945 sicut
1763 908 1928 957 seipsum
1966 907 2131 944 excitare
2160 905 2323 944 debebat
2360 906 2409 944 ad

1289 962 1418 999 laudes
1447 961 1618 1008 divinas,
1649 961 1694 998 ad
1728 974 1883 1011 preces,
1912 959 1959 997 ad
1987 960 2198 1009 gratiarum
2219 958 2409 1008 actiones,

1287 1029 1310 1052 a
1339 1014 1481 1065 quibus
1511 1013 1622 1052 illum
1653 1013 1861 1065 aliquando
1899 1026 2043 1050 cessare
2085 1012 2313 1064 oportebat,
2357 1013 2409 1052 ita.

1288 1066 1322 1103 8(
1349 1068 1469 1117 gratia
1499 1068 1685 1104 excitante
1714 1067 1760 1103 ad
1793 1067 1902 1113 haec,
1947 1065 1980 1101 8(
2019 1065 2161 1103 similia
2191 1067 2340 1116 pietatis
2368 1079 2410 1104 o-

1291 1133 1382 1172 pera
1414 1120 1631 1170 indigebat.
1664 1120 1704 1157 ld
1725 1119 1766 1156 S.
1790 1120 2021 1170 Augustinus
2050 1119 2193 1156 indicat
2211 1118 2298 1156 Lib.
2320 1118 2410 1158 ΧΠ.

1290 1172 1354 1210 De
1387 1172 1466 1210 Ctv.
1499 1172 1574 1210 Dei
1603 1186 1690 1222 cap.
1711 1185 1751 1223 ς),
1781 1185 1871 1209 cuna
1902 1172 2021 1218 dicit,
2053 1172 2296 1209 voluntatem
2326 1172 2412 1210 An-

1288 1226 1468 1279 gelorum
1497 1229 1678 1276 quamvis
1705 1224 1857 1267 honam.
1877 1253 1888 1272 ,
1930 1227 2088 1275 Inopem
2126 1228 2167 1260 ῐη
2196 1226 2279 1262 solo
2309 1223 2412 1262 desi-

1291 1279 1400 1318 derio
1429 1290 1739 1325 remansuram,
1781 1280 1860 1314 nisi
1888 1276 1978 1323 ille,
2023 1279 2088 1326 qui
2117 1275 2264 1314 bonam
2293 1287 2410 1314 natu-

1294 1345 1387 1370 ram
1416 1346 1469 1371 ea:
1499 1330 1619 1369 nihilo
1648 1335 1707 1368 suc'
1739 1342 1935 1379 capacem
1952 1329 2148 1382 fecerat,
2192 1343 2244 1367 ez
2286 1334 2414 1381 seipso

1279 1384 1449 1438 faceret
1476 1383 1674 1433 implendo
1704 1385 1938 1431 meliorem,
1981 1387 2088 1434 prtus
2105 1382 2276 1436 fizciens
2304 1387 2414 1423 exci-

1293 1437 1417 1477 tando
1445 1437 1662 1478 aridiorem
1682 1464 1692 1476 .

1516 1545 1779 1584 Corollarium
1808 1544 1923 1597 probe
1952 1543 2197 1584 notandum.

1354 1652 1444 1691 530.
1474 1627 1555 1693 Ex
1587 1660 1687 1691 tanta
1715 1652 2022 1690 doctissimorum
2053 1649 2253 1687 hominum
2273 1650 2413 1688 dissen-

1293 1705 1418 1754 sione,
1450 1707 1489 1743 in
1520 1705 1808 1742 determinanda
1837 1712 1970 1741 natura
1999 1702 2162 1741 celebris
2191 1703 2285 1740 adeo
2305 1703 2416 1754 adju-

1294 1760 1381 1799 torii
1409 1762 1497 1796 sine
1526 1772 1601 1809 quo
1629 1771 1709 1796 non
1728 1788 1738 1806 ,
1778 1757 1872 1796 illud
1906 1756 2016 1806 j'ure,
2053 1757 2268 1809 meritoque
2309 1754 2420 1794 colli-

1293 1812 1458 1865 gendum
1489 1811 1585 1850 mihi
1617 1812 1793 1859 videtur,
1833 1809 1917 1848 salli
1946 1822 2007 1848 eos
2036 1808 2306 1858 vehementer,
2347 1809 2419 1862 qui

1295 1867 1580 1905 distinctionem
1610 1863 1778 1918 duplicis
1809 1865 1913 1902 istius
1943 1863 2123 1916 adjutorii
2153 1863 2298 1901 clavim
2318 1877 2420 1910 esse,

1296 1919 1330 1956 8(
1362 1918 1491 1957 basim
1523 1927 1655 1970 putant
1685 1919 1795 1956 totius
1813 1918 2102 1968 Augustinianae
2124 1916 2306 1956 doctrina:
2326 1944 2336 1956 .
2365 1915 2417 1954 Ο-

1297 1974 1481 2025 ptandum
1510 1973 1670 2009 omnino
1699 1979 1825 2018 esset,
1870 1980 1909 2007 ut
1951 1970 2010 2007 isti
2043 1969 2229 2021 ''l'lieologi
2267 1970 2300 2006 8(
2329 1983 2420 2008 cuin

1297 2027 1383 2065 aliis
1400 2055 1411 2074 ‚
1441 2025 1474 2062 8(
1503 2038 1634 2063 secum
1665 2025 1756 2076 ipsis
1784 2023 2078 2069 concordarent,
2109 2024 2147 2060 in
2166 2023 2419 2061 determinan-

1296 2081 1346 2118 da
1375 2093 1464 2118 vera
1507 2077 1624 2129 hujus
1667 2075 1850 2128 adjutorii
1888 2074 2168 2127 intelligentia,
2211 2085 2423 2129 antequam

1298 2142 1348 2172 tot
1376 2133 1410 2170 8(
1440 2141 1516 2171 tam
1546 2129 1752 2182 magnifica
1779 2129 1826 2167 de
1857 2130 1960 2166 istius
1988 2128 2171 2180 adjutorii
2200 2128 2417 2168 differentia.

1301 2186 1554 2239 praedicarent
1572 2210 1582 2222 .
1613 2184 1740 2231 Quam
1770 2180 1884 2220 facile
1900 2211 1910 2230 ,
1942 2181 1975 2217 8<
1995 2196 2113 2234 quam
2135 2181 2298 2220 feliciter
2314 2181 2420 2220 Tho-

1300 2241 1424 2278 mistae
1443 2269 1453 2287 ,
1496 2239 1591 2276 duce
1622 2236 1805 2288 Angelico
1833 2235 2098 2287 l'raeceptore,
2131 2236 2332 2286 Augustini
2362 2237 2424 2274 in-

1301 2303 1462 2345 terprete
1492 2292 1702 2338 tutissitnO,
1749 2290 2119 2341 utriusquestatus,
2164 2288 2197 2324 8(
2227 2289 2423 2341 utriusque

1303 2346 1484 2398 adjutorii
1514 2344 1719 2383 discrimen
1741 2344 1954 2394 assignent,
1985 2341 2167 2380 hactenus
2186 2341 2422 2380 demonstra·

1304 2401 1430 2439 vimus
1452 2426 1463 2437 .
1491 2398 1533 2437 Si
1562 2412 1638 2450 qua
1668 2405 1721 2435 est
1751 2395 1822 2434 liac
1852 2396 1891 2432 in
1920 2408 1959 2432 re
1989 2394 2194 2434 difficultas
2216 2425 2226 2443 ,
2257 2404 2328 2433 tota
2359 2396 2426 2433 de-

1305 2456 1470 2492 sumitur
1499 2465 1544 2489 ex
1573 2449 1696 2488 tribus
1724 2447 1906 2502 capitulis
1936 2448 2048 2487 Libri
2078 2447 2140 2487 De
2174 2448 2425 2499 Correptione

1303 2507 1353 2547 ζῇ·
1381 2509 1545 2558 gratia.
1589 2502 1662 2541 llla
1691 2516 1755 2542 nos
1784 2501 2021 2554 explicamus
2045 2515 2096 2539 ex
2126 2502 2327 2540 notissimis
2347 2530 2358 2549 ,
2389 2499 2424 2537 8(

1305 2561 1534 2599 inconcussis
1566 2557 1766 2609 principiis
1788 2586 1799 2605 ,
1843 2555 1984 2607 quibus
2024 2557 2214 2593 maximus
2244 2553 2311 2591 ille
2339 2567 2427 2606 gra-

1305 2613 1369 2651 tiae
1391 2613 1532 2652 Doctor
1561 2613 1600 2648 in
1632 2609 1791 2663 reliquis
1821 2610 1897 2646 suis
1925 2607 2340 2659 operibusl'elagianos
2355 2619 2426 2658 op·

1306 2667 1522 2719 pugnavit,
1552 2663 1586 2700 &
1614 2663 1845 2709 debellavit,
1876 2660 1909 2696 8(
1937 2674 2026 2712 quae
2057 2660 2105 2697 ab
2135 2660 2220 2697 aliis
2251 2659 2425 2710 ejusdem

1305 2721 1439 2772 gratiae
1470 2717 1734 2757 defensoribus
1762 2715 1936 2765 adoptata
1958 2743 1968 2760 ,
1999 2712 2033 2747 8(
2062 2713 2284 2750 firmissime
2305 2722 2430 2750 reten-

1307 2782 1344 2811 ta
1372 2782 1485 2812 sunt.
1518 2770 1735 2809 Adversarii
1765 2777 1892 2805 contra
1922 2779 1966 2803 ex
1997 2765 2119 2804 tribus
2149 2766 2224 2804 illis
2239 2765 2432 2818 Capitulis

1307 2824 1450 2865 clavim
1479 2823 1753 2863 destituendam
1784 2833 1858 2857 esse
1889 2818 2048 2867 volunt,
2091 2819 2138 2857 ad
2177 2820 2430 2872 aperiendos,

1309 2879 1342 2917 &²
1373 2877 1635 2929 intelligendos
1666 2873 1828 2924 reliquos
1856 2871 1898 2910 S.
1928 2872 2103 2911 Doctoris
2139 2871 2284 2920 libro-5
2326 2874 2431 2925 quod

1312 2941 1413 2970 certe
1443 2931 1663 2970 mirandum
1692 2940 1770 2963 esse
1800 2939 1914 2977 snpra
1945 2926 2177 2964 ostendimus
2207 2927 2351 2965 innota
2380 2927 2429 2965 ad

1310 2998 1420 3023 num.
1438 2984 1529 3035 467.
1559 2982 1632 3020 Sed
1663 2988 1788 3031 postea
1815 2992 1968 3016 omnem
1997 2979 2288 3018 admirationem
2318 2994 2432 3032 supe-

1311 3047 1393 3086 rat,
1423 3037 1526 3090 qnod
1556 3037 1593 3072 in
1624 3031 1866 3084 explicandis,
1890 3032 1967 3070 illis
1997 3033 2089 3084 ipsis
2109 3033 2230 3071 tribus
2252 3033 2431 3085 capitulis

1313 3091 1363 3129 ita
1393 3090 1644 3134 dissentiunt,
1676 3095 1713 3123 ut
1741 3085 1834 3137 qnid
1866 3086 2019 3137 proprie
2049 3087 2094 3124 sit
2123 3087 2358 3138 adjutorium
2377 3091 2429 3123 st-

1311 3155 1361 3181 ne
1389 3156 1463 3195 quo
1492 3153 1571 3177 non
1588 3169 1599 3188 ,
1630 3139 1664 3175 8(
1693 3138 1883 3191 quomodo
1910 3138 1960 3177 ab
1989 3137 2181 3190 adjutorio
2200 3153 2273 3191 quo
2293 3140 2425 3178 distin-

2290 3206 2381 3244 gua-

1307 3312 1474 3359 jntorinm
1490 3331 1500 3349 ,
1524 3306 1612 3353 quod
1635 3305 1792 3346 Attamo,
1819 3308 1860 3340 (φ
1888 3299 2041 3350 Angelis
2067 3307 2180 3339 datum
2199 3307 2275 3350 fnit
2291 3326 2301 3345 ,
2335 3315 2425 3347 (stiam

1314 3359 1354 3392 ad
1370 3379 1382 3399 ‚
1407 3357 1494 3401 quod
1520 3355 1654 3392 Schola
1677 3357 1809 3399 passim
1837 3354 2008 3408 ffzfficiens
2036 3362 2130 3390 vocnt
2150 3376 2159 3386 .

1819 3410 1867 3438 20
