2570 3745
711 145 791 191 DE
828 145 1060 192 GRATIA
1096 148 1142 192 P.
1167 148 1220 192 Π.
1254 146 1520 193 DISSERT.
1544 150 1599 192 ΙΙ.
1632 150 1762 196 CAP.
1786 152 1841 197 V.

107 230 191 281 dit,
229 228 330 286 quod
360 227 390 268 si
419 226 466 266 de
495 225 699 279 hypocrita
730 228 785 266 ibi
815 241 938 267 sermo
966 239 1057 267 esset
1075 258 1086 278 ,
1129 238 1230 268 recte

106 286 187 324 dici
217 299 289 324 non
318 289 462 335 posset,
495 281 608 318 salsas
638 295 721 332 ejus
742 281 930 333 justitias,
959 298 1024 321 seu
1047 284 1228 336 hypocri-

104 352 166 378 ιε’
196 351 263 392 pro
289 334 413 374 nihilo
442 343 658 386 reputatum
692 336 767 384 iri,
811 336 927 374 semel
959 352 1003 374 ac
1033 352 1053 375 a
1083 338 1229 388 justitia

107 392 341 437 recessisset,
370 392 442 426 hoc
471 396 523 425 est
550 388 591 425 in
620 398 749 440 aperta
776 390 920 428 scelera
946 392 1071 428 luisset
1103 392 1227 442 prola-

106 456 222 498 pstts3
249 443 352 480 idem
383 442 487 480 enim
517 451 610 479 esset
639 455 683 480 ac
712 444 839 481 dicere
857 474 866 491 ,
896 445 1150 482 obliteranda-³
1173 458 1228 482 es-

106 510 147 536 se
173 497 322 549 priores
343 495 430 546 ejus
459 494 591 548 culpas
622 506 807 545 secretas,
846 499 999 549 «mando
1029 500 1067 536 in
1096 508 1228 549 aperta

106 550 250 590 scelera
280 547 522 601 prolabitur3
559 551 909 602 quemadmodum,
940 565 1029 589 cuin
1059 552 1226 599 dicitur,

108 602 236 643 Deum
266 614 338 640 non
371 603 562 641 recordari
607 605 854 655 iniquitatum
901 606 1039 656 impii,
1080 606 1226 656 qnmie—

106 670 292 710 ecumque
322 655 388 694 ille
417 657 464 693 ad
495 659 761 708 poenitentium
791 661 1049 706 convertitur,
1079 658 1225 710 signifi·

105 719 213 750 catur
241 709 413 762 ejusdem
444 720 598 762 peccata
627 710 775 748 deleri.

164 777 253 816 172.
282 764 461 802 Secunda
489 773 615 801 autem
647 765 771 804 evasio
791 763 912 802 multo
930 763 1132 803 absurdior
1146 773 1223 810 est;

102 829 193 856 uam
223 821 353 867 primo
372 816 477 856 Deus
506 819 544 854 in
575 818 710 855 iisdem
742 817 860 865 locis,
891 817 923 853 &
955 818 1086 856 eodem
1116 831 1223 869 pror-

106 885 168 910 sus
197 883 336 920 sensu,
377 883 454 924 quo
481 871 590 922 Jttstis
614 871 876 908 comminatur
909 881 1092 909 aeternam
1123 884 1223 908 inor-

104 933 209 972 tem,
251 926 280 963 si
311 939 333 962 a
362 923 505 976 justitia
536 924 779 970 recesserint,
822 926 1080 962 comminatur
1106 925 1223 962 etiarn

103 978 369 1031 peccatoribus
396 977 571 1015 eamdem
602 986 790 1024 mortem,
818 979 850 1014 si
883 979 920 1015 in
952 978 1118 1028 peccatis
1139 990 1224 1029 per-

99 1033 387 1076 severaverint3
428 1038 559 1068 contra
587 1039 713 1067 autem
746 1029 886 1067 eisdem
917 1032 1035 1069 vitam
1068 1032 1226 1082 promit—

106 1086 176 1133 tit,
205 1086 235 1123 si
266 1084 529 1136 poenite'ntiatn
558 1084 731 1134 egerint,
760 1096 834 1121 non
864 1085 990 1122 minus
1019 1097 1064 1122 ac
1095 1083 1226 1134 justis,

103 1139 137 1177 si
166 1137 350 1189 justitiam
378 1134 543 1174 fideliter
558 1136 830 1185 custodierint,
859 1146 975 1189 atque
996 1138 1078 1175 istae
1094 1151 1228 1175 omnes

101 1193 399 1243 promissiones,
428 1188 462 1226 ἃ
491 1190 804 1228 comminationes
824 1192 1081 1228 conditionem
1105 1191 1227 1229 invol—

101 1252 197 1281 vunt
224 1245 380 1282 omnino
407 1242 661 1296 possibilem:
704 1257 793 1295 ergo
838 1246 952 1282 etiam
995 1246 1124 1296 prima
1153 1245 1226 1283 &c-

101 1295 313 1345 Secundo,
342 1297 617 1336 consideranda
645 1307 730 1335 sunt
756 1311 803 1335 ea
830 1299 950 1336 verba
979 1312 1013 1336 c.
1042 1298 1111 1336 ni.
1134 1311 1198 1337 20.
1216 1328 1227 1347 ,

95 1349 246 1403 'quibus
267 1350 370 1388 Deus
391 1348 590 1402 Prophetae
620 1349 815 1398 declarat,
845 1365 883 1390 se
913 1353 1136 1404 sanguinem
1166 1351 1228 1402 ju·

105 1405 153 1441 sti
183 1404 473 1455 praevaricantis
494 1404 539 1441 de
560 1417 678 1441 mann
699 1405 819 1456 ipsius
836 1406 1108 1457 requisiturum
1128 1435 1138 1453 ,
1169 1407 1229 1443 ni-

96 1457 134 1495 'si
165 1458 292 1509 ipsum
322 1457 538 1505 monuerit,
566 1461 806 1509 sanguinem
827 1458 981 1510 ejusde
1000 1472 1129 1496 manu
1158 1468 1229 1496 tua

101 1514 338 1561 requiram:
367 1524 455 1563 quae
484 1512 733 1549 comminatio
760 1511 863 1549 clare
892 1513 1078 1560 ostendit,
1123 1526 1229 1565 posse

104 1563 248 1615 justum
278 1580 299 1602 a
329 1564 474 1615 justitia
504 1564 736 1616 quandoque
764 1566 966 1611 excidere3
1010 1568 1226 1617 praeseriim

104 1631 194 1656 cum
224 1618 355 1655 eadem
387 1629 540 1668 prorsus
569 1615 698 1668 phrasi
727 1619 986 1656 comminetur
1016 1619 1121 1658 Deus
1138 1619 1227 1656 Pro—

96 1669 228 1722 'phetae
245 1700 256 1718 ,
285 1685 324 1709 se
352 1670 627 1722 requisiturum
657 1671 881 1722 sangninem
912 1673 1119 1724 peccatoris
1141 1685 1227 1724 per-

102 1725 305 1763 severantis
334 1725 373 1762 in
403 1724 632 1776 iniquitate,
657 1725 732 1761 nisi
762 1725 836 1775 ipsi
867 1727 1181 1764 annuntiaverit.

163 1777 252 1829 173.
282 1777 393 1816 Addo
420 1790 465 1814 ex
481 1778 600 1816 veteri
616 1776 785 1815 Testam.
815 1776 1009 1816 celebrem
1037 1779 1151 1816 illum
1173 1779 1228 1817 lo-

103 1842 194 1870 cum
223 1831 316 1884 Sap.
334 1830 401 1869 1V.
425 1843 485 1869 11.
516 1828 668 1881 Raptus
696 1840 783 1880 est,
812 1843 864 1869 ne
890 1833 1054 1870 mulitia
1082 1837 1229 1870 immu-

103 1891 213 1923 taret
241 1884 484 1923 intellectum
515 1886 629 1937 ejus,
659 1886 709 1926 (9'
738 1898 789 1922 ne
805 1885 928 1937 fictio
957 1885 1153 1936 deciperet
1183 1900 1229 1924 a·

100 1941 266 1976 ‘nimam
296 1939 426 1987 illius,
456 1939 558 1991 quod
585 1937 774 1977 inutiliter
804 1941 948 1978 factum
965 1950 1085 1989 esset,
1116 1942 1147 1979 si
1167 1940 1228 1992 ju-

103 1999 181 2031 stus
208 2004 285 2031 non
316 2000 437 2045 posset
466 2007 489 2030 a
517 1992 639 2044 gratia
667 1993 881 2045 adoptionis
904 1995 1111 2033 excidere.

163 2045 251 2098 174.
283 2045 392 2084 Addo
420 2046 577 2084 demum
608 2046 786 2099 exempla
818 2047 1053 2099 Angelorum
1072 2079 1082 2096 ,
1129 2048 1228 2086 Ada-

101 2100 187 2148 mi,
215 2098 371 2147 Saulis,
393 2098 576 2149 Davidis,
591 2098 829 2149 Salomonis,
859 2101 1229 2154 aliorumque‚quos

97 2154 151 2189 ‘ex
178 2152 316 2191 ainicis
336 2151 412 2190 'Dei
444 2155 563 2191 factos
591 2167 668 2191 esse
699 2155 873 2192 inimicos
892 2156 1094 2207 Scriptura
1110 2155 1229 2193 Sacra

103 2205 414 2243 manifestissime
441 2205 576 2253 docet,
607 2219 651 2243 ex
680 2207 821 2257 quibus
851 2217 977 2247 tamen
1007 2209 1158 2262 aliqui,
1190 2218 1230 2247 ut

106 2258 262 2306 Adam,
304 2257 340 2295 ἃ
368 2257 525 2306 David,
559 2268 666 2296 erant
695 2261 732 2296 iu
762 2269 950 2299 aeternam
978 2263 1099 2300 vitam
1129 2276 1230 2315 prae-

102 2311 313 2351 destinati.

165 2365 254 2417 ¹75·
285 2366 326 2403 ln
340 2362 448 2404 Novo
475 2370 603 2402 autem
624 2362 869 2404 Testamento
897 2366 1023 2406 simile
1052 2366 1230 2407 luculen-

102 2418 296 2458 tissimum
326 2417 550 2470 exemplum
578 2418 841 2470 suppeditatur
870 2421 909 2457 in
941 2434 1099 2472 persona
1115 2421 1229 2472 Petri,

105 2473 172 2526 qui
203 2482 303 2511 certe
332 2470 453 2523 justus
483 2481 582 2518 erat3
611 2471 645 2508 ἃ
677 2481 802 2511 tamen
831 2474 872 2511 in
896 2475 1152 2514 foedissimum
1181 2476 1230 2515 il-

102 2523 173 2564 lud
199 2528 400 2579 apostasia!
429 2528 578 2563 crimen
608 2525 738 2578 lapsus
766 2535 844 2574 est,
874 2528 920 2564 de
941 2540 1018 2581 quo
1036 2528 1076 2566 S.
1101 2531 1230 2583 Augu—

102 2579 220 2618 stinus
240 2578 370 2618 Tract.
390 2578 594 2618 LXXVll.
624 2580 662 2617 in
681 2578 816 2618 Jnann.
846 2579 1032 2620 Mortuus
1061 2593 1140 2632 est,
1172 2585 1230 2624 in—

101 2634 217 2684 quit,
254 2631 443 2686 negando
464 2663 476 2681 ‚
519 2634 569 2674 (9
598 2636 736 2670 revixit
766 2634 989 2684 plorando,
1022 2636 1093 2675 sed
1122 2650 1229 2676 mor.

102 2692 194 2723 tuus
221 2695 280 2725 est
297 2717 308 2736 ,
354 2689 450 2738 quia
476 2684 640 2736 superbe
666 2692 944 2739 praesumpsit,
988 2694 1127 2728 ret-ixit
1156 2705 1229 2730 au-

98 2746 188 2776 tem
205 2769 216 2787 ,
244 2743 339 2792 quia
367 2739 535 2794 benigne
563 2741 628 2778 ille
656 2751 828 2792 respexu
850 2768 860 2779 .
891 2740 938 2780 Et
958 2741 998 2780 S.
1016 2743 1230 2784 Bernardus

104 2790 232 2831 Serm.
267 2794 297 2833 1.
327 2795 366 2832 in
398 2795 492 2832 festo
517 2792 647 2842 Petri,
677 2794 710 2831 8<
745 2794 878 2833 Pauli:
927 2795 1108 2835 Peccavit
1138 2811 1229 2847 pec-

105 2855 248 2884 catum
297 2846 454 2900 grande
497 2847 636 2888 Petrus
683 2850 893 2900 Apostolus
917 2880 928 2898 ,
979 2850 1029 2891 Ε’ῡ·
1070 2849 1230 2902 fortas-

105 2911 151 2938 se
179 2913 253 2950 quo
279 2905 441 2954 gravius
468 2903 621 2941 nullum
651 2911 736 2941 est.
781 2903 900 2942 Aliud
930 2905 1150 2957 exemplum
1179 2913 1231 2942 est

100 2951 147 2991 in
175 2952 275 2992 Juda
293 2984 304 3003 ,
347 2954 394 2993 de
421 2969 498 3007 quo
529 2956 570 2996 S.
600 2955 763 2995 Joannes
793 2956 1083 3010 Chrysostoinus
1113 2958 1228 2996 Hom.

101 3004 274 3046 XXVII.
305 3009 344 3045 in
374 3008 515 3048 Matth.
558 3007 705 3058 Filius,
738 3013 888 3064 inquit,
919 3016 1031 3064 regni
1060 3020 1148 3050 erat
1170 3037 1226 3050 ...-

105 3056 253 3099 Factus
286 3069 345 3100 est
387 3072 525 3100 autem
567 3060 764 3116 gehennoe
787 3065 931 3117 filius.
978 3065 1028 3105 Et
1056 3065 1227 3104 infinitus

104 3117 251 3162 essem,
281 3116 311 3154 si
341 3118 472 3155 omnia
502 3116 577 3154 huc
607 3120 811 3169 spectantia
842 3118 1047 3158 afferrem.

166 3165 253 3217 176.
282 3168 428 3207 Eadem
456 3171 595 3208 veritas
624 3186 646 3208 a
666 3171 702 3209 J.
722 3172 766 3210 C.
796 3171 1014 3210 declaratur
1042 3174 1084 3211 in
1115 3186 1226 3225 para-

105 3212 200 3254 bola
226 3224 379 3262 seminis
408 3222 504 3263 Luc.
534 3223 662 3271 Vlll.,
700 3237 745 3263 ex
772 3239 849 3278 quo
885 3225 989 3264 aliud
1033 3256 1061 3274 „
1091 3227 1227 3265 cecidit

107 3297 136 3320 2,
165 3283 270 3308 seen!
296 3276 425 3326 viam,
471 3278 505 3314 &
537 3277 804 3318 conculcatum
842 3289 915 3325 est3
955 3279 1059 3318 alind
1089 3280 1227 3318 cecidit

103 3351 136 3372 ,‚
163 3337 276 3375 super
303 3337 470 3381 petram,
500 3330 535 3369 8<
565 3341 698 3370 natum
728 3334 853 3381 aruit,
882 3336 975 3387 quia
1003 3347 1078 3372 nou
1109 3333 1226 3371 habe-

40 3420 51 3431 .
109 3404 137 3427 υ
163 3376 230 3416 bat
258 3376 479 3432 humorem3
505 3386 614 3426 aliud
642 3387 780 3427 cecidit
807 3388 903 3428 inter
932 3388 1080 3442 spinas,
1111 3386 1145 3424 ἃ
1173 3389 1225 3428 si-

2282 168 2358 209 231

1299 257 1326 278 ‚,
1355 227 1437 267 mul
1468 238 1606 266 exortae
1637 233 1757 281 spina:
1783 232 2061 276 suffimaverunt
2081 237 2204 285 illud;
2234 242 2338 283 aliud
2359 258 2419 284 ce-

1297 311 1325 332 „
1355 283 1446 320 cldlt
1475 285 1514 321 ln
1543 290 1683 321 terrain
1713 285 1851 322 bonum
1872 317 1881 333 ‚
1918 290 1952 324 ὅ(
1981 302 2104 329 ortum
2134 295 2223 332 fecit
2251 298 2421 339 fructuffn

1297 365 1323 385 „
1353 335 1579 388 centuplum
1602 337 1622 352 ''
1641 363 1652 375 .
1692 338 1777 376 Jam
1809 353 1897 376 vero
1927 342 1960 378 ἃ
1990 357 2032 380 ex
2070 358 2239 385 contextu
2258 380 2269 398 ,
2310 353 2343 389 ἁ
2373 365 2419 392 ex

1294 391 1492 428 communi
1524 391 1775 442 interpretum
1803 405 1914 431 sensu
1936 408 2003 445 per
2024 397 2120 435 illud
2141 415 2287 450 semen,
2317 407 2420 457 qnod

1296 445 1396 481 inter
1421 445 1548 497 spinas
1575 445 1742 494 cecidit,
1773 446 2040 500 intelliguntur
2069 451 2123 498 ii,
2160 458 2225 505 qni
2257 461 2420 498 verbum

1296 495 1369 534 Dei
1399 506 1673 549 susceperunt,
1709 501 1904 537 credentes
1943 512 2043 540 recta
2088 504 2187 554 side,
2233 508 2264 543 ἃ
2303 514 2420 551 etiam

1294 548 1392 588 bene
1408 561 1636 603 operantes,
1667 553 1730 590 sed
1759 565 1787 590 a
1816 554 2156 605 sollicitu·linlbuc‚
2186 560 2235 600 ζῇ·
2256 561 2418 613 ‹li-uitiis,

1293 604 1344 643 Θ·
1373 604 1630 655 voluptatibus
1659 610 1750 643 vitoe
1777 617 1915 645 euntes
1944 607 2196 657 suffocantur
2214 643 2224 660 ,
2261 617 2310 655 ζον
2341 631 2420 655 non

1293 657 1697 709 reseruntfructum‚·
1724 661 1819 699 idest
1840 663 1879 700 in
1901 673 2055 714 accepta
2074 663 2218 716 justitia
2239 681 2314 706 non
2338 683 2422 722 per·

1293 721 1465 749 severant
1484 738 1494 749 .

1354 776 1442 815 177.
1476 766 1515 804 ld
1545 766 1671 818 ipsum
1702 767 1816 805 etiam
1848 768 2021 820 indigitat
2055 771 2239 823 parabola
2267 776 2424 827 spiritus

1294 817 1511 866 immundi,
1548 822 1616 870 qni
1645 819 1788 870 ejectus
1819 823 1941 860 suerat
1972 837 1991 860 e
2020 825 2161 875 domo,
2207 843 2323 880 quam
2356 844 2421 881 po-

1292 879 1369 908 stea
1391 872 1626 923 postliminio
1641 885 1812 925 repetens
1833 889 1921 913 cuni
1939 877 2025 915 aliis
2045 891 2187 929 septem
2218 884 2419 932 spiritibus

1291 926 1541 975 nequioribus
1573 941 1609 964 se
1641 929 1828 967 inhahitat
1858 929 1998 968 Matth.
2021 931 2192 979 X11.43.
2223 936 2257 972 ἃ
2286 951 2420 989 sequ.;

1291 975 1505 1028 designatur
1536 994 1698 1032 nempe,
1731 991 1942 1033 peccatores
1971 985 2182 1037 aliquando
2211 989 2369 1028 liberari
2399 1005 2423 1029 a.

1293 1030 1479 1069 daeinonis
1509 1036 1753 1083 captivitate5
1803 1037 1836 1071 ὅ(
1867 1048 1991 1089 postea
2023 1040 2059 1077 in
2097 1042 2272 1081 eamdem
2300 1045 2424 1097 capti-

1294 1084 1448 1121 vitatem
1467 1115 1491 1133 ,.
1509 1089 1621 1124 etiam
1652 1089 1870 1138 duriorem,
1901 1091 2021 1130 relabi
2040 1119 2050 1130 .

1357 1138 1444 1189 173.
1478 1139 1645 1177 Ulterius
1677 1142 1827 1179 infinita
1856 1154 1943 1182 sunt
1973 1145 2055 1184 loca
2093 1148 2132 1186 in
2169 1151 2284 1187 sacris
2322 1149 2422 1190 litte·

1296 1190 1376 1238 ris,
1405 1191 1548 1244 quibus
1577 1194 1827 1232 admonentur
1856 1195 1973 1247 justi,
2018 1214 2062 1237 ne
2091 1216 2112 1237 a
2141 1201 2288 1252 justitia
2319 1207 2424 1243 exci-

1295 1243 1404 1281 dant:
1452 1247 1528 1293 Qui
1557 1259 1599 1284 se
1628 1252 1836 1285 existimat
1864 1259 1973 1288 sture
1991 1282 2001 1299 ,
2033 1253 2187 1302 rideat,
2218 1267 2270 1293 ne
2297 1258 2424 1295 calae

1301 1309 1335 1334 1.
1356 1297 1444 1336 Cor.
1466 1299 1517 1337 X.
1542 1312 1626 1338 12.:
1660 1298 1831 1353 Vigdare
1848 1331 1858 1350 ,
1888 1305 1938 1343 <9
1966 1315 2081 1344 orate
2097 1337 2107 1355 ,
2133 1320 2190 1345 ste
2210 1313 2361 1348 intretis
2382 1315 2426 1348 in.

1293 1356 1583 1402 tentationem,
1613 1353 1757 1393 Matth.
1780 1355 1930 1395 XXVl.
1948 1359 2013 1404 41.
2031 1389 2041 1407 ,
2072 1361 2105 1398 8(
2127 1361 2203 1399 alia
2225 1362 2426 1415 hujusmo-

1297 1405 1335 1441 di
1365 1408 1588 1455 notissima,
1631 1422 1720 1460 qnae
1752 1409 1905 1448 inutilia
1949 1413 2061 1463 plane
2105 1415 2252 1464 forent,
2297 1419 2327 1455 si
2357 1433 2426 1469 ap-

1297 1457 1482 1508 prehensa
1508 1461 1628 1498 semel
1660 1463 1805 1513 justitia
1834 1466 1956 1503 amitti
1986 1480 2200 1520 numquam
2232 1482 2380 1522 posset-

1356 1524 1444 1564 ¹79·
1476 1513 1562 1552 Huc
1582 1516 1696 1553 etiam
1714 1525 1856 1568 spectat
1877 1517 1981 1556 locus
2001 1519 2130 1559 Sancti
2147 1522 2254 1561 Pauli
2283 1537 2315 1561 1.
2335 1526 2427 1564 Cor.

1297 1563 1367 1602 Vl.
1395 1567 1455 1603 15.
1487 1594 1514 1614 „
1536 1568 1695 1606 Nescitis
1713 1599 1722 1616 ,
1753 1571 1938 1621 qnoniam
1968 1586 2128 1626 corpora
2159 1585 2280 1614 vestra
2303 1593 2425 1617 mem-

1297 1646 1323 1666 „
1353 1617 1425 1656 bra
1452 1630 1540 1657 sunt
1568 1621 1742 1660 Christi?
1771 1622 1904 1662 tollens
1926 1639 2022 1676 vergo
2053 1629 2226 1667 membra
2253 1631 2426 1680 Christi,

1296 1698 1324 1718 „
1355 1671 1497 1709 faciam
1528 1674 1702 1712 membra
1734 1679 1963 1726 meretricis,
1993 1679 2210 1720 absit&c.’‘
2243 1684 2316 1721 Hic
2344 1698 2428 1723 cer-

1296 1731 1332 1760 te
1362 1725 1566 1775 Apostolus
1594 1727 1757 1776 definit,
1799 1729 1990 1768 hominem
2022 1746 2090 1784 per
2120 1744 2318 1786 peccatum
2349 1733 2429 1776 lor-

1297 1777 1499 1816 nicationis
1528 1793 1573 1817 ex
1603 1782 1779 1820 membro
1806 1782 1947 1822 Christi
1978 1785 2061 1824 fieri
2089 1789 2315 1828 membrum
2347 1804 2428 1830 me-

1295 1833 1445 1888 retricis
1475 1833 1656 1872 infantis.
1690 1838 1737 1873 At
1767 1850 1854 1874 vero
1883 1840 1977 1890 qnid
2007 1839 2112 1879 aliud
2137 1844 2175 1881 id
2196 1852 2276 1892 est,
2305 1858 2427 1897 quam

1297 1898 1319 1923 a
1347 1887 1493 1936 Justitia
1521 1889 1725 1928 excidere?
1763 1890 1819 1928 Ita
1844 1902 1948 1930 certe
1979 1893 2061 1932 haec
2092 1897 2207 1935 verba
2238 1898 2428 1938 intellexit

1297 1937 1338 1976 S.
1371 1939 1599 1991 Augustinus
1631 1942 1718 1981 Lib.
1750 1943 1860 1982 XXI.
1899 1944 1948 1984 de
1980 1947 2058 1985 Cir.
2092 1948 2168 1987 Dei
2201 1965 2236 1989 c.
2260 1952 2325 1989 25.
2368 1954 2427 1990 in·

1296 1992 1455 2044 quiens:
1485 1993 1612 2041 „Non
1640 1996 1771 2048 itaque
1801 2008 1954 2037 manent
1984 2002 2022 2038 in
2044 1999 2219 2052 Christe,
2247 2006 2317 2056 qui
2349 2018 2426 2044 nou

1293 2072 1325 2094 3,
1354 2054 1441 2082 sunt
1472 2048 1647 2085 membra
1667 2049 1831 2088 Christi.
1861 2051 1946 2090 Nou
1976 2064 2061 2092 sunt
2090 2066 2217 2094 autem
2248 2058 2426 2096 membra

1298 2127 1325 2147 ‚,
1354 2098 1495 2137 Christi
1512 2102 1619 2152 ,-qui
1649 2116 1688 2140 se
1715 2104 1862 2141 faciunt
1882 2107 2056 2146 membra
2076 2111 2313 2149 meretricis.
2343 2111 2427 2150 Eo-

1299 2181 1326 2201 „
1356 2152 1447 2191 dem
1477 2165 1567 2204 cap.
1597 2165 1724 2194 antea
1753 2155 1915 2196 dixerat
1944 2159 2050 2199 idem
2079 2163 2318 2213 Apostolus:
2363 2166 2425 2205 An

1294 2233 1325 2255 -‚,
1355 2208 1502 2245 nescitis
1539 2209 1631 2260 quia
1670 2211 1794 2263 iniqui
1833 2225 1991 2263 regnunt
2031 2214 2102 2253 Dei
2147 2230 2223 2255 non
2259 2220 2426 2270 posside-

1299 2287 1327 2308 „
1356 2260 1477 2298 bunt?
1506 2261 1633 2300 Nolite
1661 2274 1810 2302 errare:
1838 2278 1966 2319 neque
1989 2269 2213 2319 fornicarii,
2240 2284 2364 2324 neque
2394 2273 2427 2311 i-

1299 2341 1326 2362 „
1355 2315 1450 2352 dolis
1479 2318 1706 2365 servientes,
1737 2331 1861 2371 neque
1891 2320 2082 2372 adulteri,
2111 2336 2234 2377 neque
2261 2326 2425 2376 molles,

1294 2394 1325 2415 v„
1353 2380 1480 2420 neque
1509 2369 1767 2409 masculorum
1797 2373 2087 2425 concubitores,
2131 2391 2252 2431 neque
2297 2380 2424 2428 fures,

1298 2449 1325 2470 „
1355 2435 1479 2475 neque
1508 2426 1641 2474 avari,
1685 2438 1807 2478 neque
1836 2427 2005 2478 ebriosi,
2048 2444 2173 2483 neque
2215 2432 2424 2480 maledici,

1298 2503 1325 2523 „
1355 2489 1480 2528 neque
1511 2489 1664 2529 rapaces
1693 2490 1851 2531 regnum
1874 2480 1944 2520 Dei
1967 2485 2207 2534 possidebunt
2224 2486 2268 2523 ''.
2304 2485 2344 2523 Si
2361 2485 2424 2536 ju-

1298 2530 1345 2565 sti
1376 2531 1415 2567 in
1447 2529 1666 2581 hujusmodi
1692 2534 1859 2571 crimina
1888 2534 2082 2583 labentes,
2126 2538 2311 2589 justitiam
2349 2550 2424 2576 non

1300 2583 1543 2632 amitterent,
1572 2599 1699 2638 neque
1727 2588 1940 2626 amitterent
1961 2589 2021 2640 jus
2044 2591 2088 2627 ad
2111 2601 2269 2640 regnum
2301 2590 2423 2628 coelo·

1297 2646 1384 2673 rum
1403 2667 1414 2684 ,
1444 2650 1579 2676 verum
1610 2640 1723 2688 foret,
1753 2640 1854 2693 quod
1887 2642 2103 2689 fornicarii,
2141 2638 2287 2695 aliique
2317 2645 2420 2682 vitiis

1298 2687 1520 2741 hujusmodi
1549 2693 1783 2746 coinquinati
1812 2704 1959 2745 possent
2000 2707 2162 2747 regnum
2192 2696 2266 2734 Dei
2304 2698 2423 2750 possi-

1294 2742 1415 2782 dere·

1356 2797 1446 2836 180.
1468 2795 1582 2838 Prob.
1614 2797 1772 2838 ulterius
1802 2808 1926 2838 nostra
1955 2800 2163 2854 propositio
2191 2817 2235 2842 ex
2254 2802 2323 2842 SS.
2346 2800 2419 2843 PP.

1297 2861 1463 2902 quorum
1492 2854 1667 2891 onmium
1699 2854 1814 2891 instar
1844 2866 1942 2891 nnus
1970 2857 2041 2893 erit
2072 2857 2328 2908 Augustinus,
2357 2860 2422 2897 cui

1298 2906 1467 2943 maxime
1486 2906 1702 2944 Adversarii
1733 2906 1851 2944 fidere
1872 2907 2070 2957 videntur,
2101 2909 2166 2948 De
2180 2921 2350 2962 corrept.
2371 2913 2421 2953 (9⁶

1296 2967 1405 3008 grat.
1431 2972 1468 2998 c.
1489 2960 1529 2998 6.
1559 2961 1688 2997 multis
1717 2960 1879 3010 probat,
1910 2960 2103 3001 hominem
2122 2990 2133 3012 ,
2177 2968 2210 3002 si
2233 2966 2329 3017 jam
2359 2978 2421 3004 re·

1297 3022 1540 3061 generatus,
1569 3014 1902 3065 &justt'sz'mtus,
1932 3018 1974 3053 in
2002 3017 2161 3054 malam
2189 3022 2313 3056 eitum
2343 3031 2419 3058 suit

1296 3064 1498 3104 voluntate
1527 3065 1739 3113 relabitur,
1770 3080 1849 3106 esse
1876 3069 2165 3122 corripiendum
2183 3101 2194 3119 ,
2225 3078 2318 3124 quin.
2347 3086 2419 3111 ‹zc-

1295 3126 1455 3165 ceptam
1484 3124 1666 3171 gratiam
1695 3131 1765 3157 suo
1793 3124 1833 3157 in
1855 3122 2009 3160 malum
2038 3123 2157 3162 libero
2186 3130 2322 3163 amisit
2351 3139 2417 3165 ar-

1295 3168 1435 3216 bitrio;
1465 3172 1498 3208 ἃ
1529 3174 1645 3224 cupit.
1671 3172 1732 3211 ¹3.
1763 3202 1789 3222 „
1809 3174 2050 3215 Credendum
2080 3187 2160 3228 est,
2191 3183 2277 3228 ait,
2305 3193 2416 3232 quos·

1296 3253 1322 3272 „
1350 3224 1439 3262 dam
1454 3225 1501 3262 de
1517 3224 1609 3264 filiis
1638 3227 1858 3277 perditionis
1887 3243 1961 3268 non
1990 3242 2144 3284 accepto
2172 3233 2272 3272 dono
2293 3245 2415 3285 perse*

1296 3307 1321 3325 „
1350 3278 1507 3316 verandi
1540 3293 1656 3332 usque
1685 3281 1724 3318 in
1756 3280 1868 3320 finem
1886 3313 1898 3332 ,
1929 3285 1968 3322 in
1998 3284 2102 3334 fide,
2144 3299 2233 3338 quae
2261 3300 2329 3336 per
2357 3286 2414 3323 di-

1295 3360 1322 3380 „
1351 3330 1554 3370 lectionem
1574 3342 1751 3386 operatur
1766 3365 1778 3384 ‚
1809 3338 1977 3389 incipere
1999 3339 2126 3378 vivere
2142 3370 2152 3387 ,
2173 3340 2206 3376 St
2223 3339 2412 3389 aliquam-

1294 3414 1322 3436 „
1351 3387 1418 3427 diu
1448 3386 1640 3438 fideliter,
1681 3401 1726 3428 ac
1754 3388 1851 3441 juste
1881 3391 2040 3443 vivere,
2084 3391 2117 3429 St
2151 3401 2275 3445 postea
2303 3390 2413 3428 cade-

2279 3457 2357 3493 „re
