2562 3694
231 136 285 178 80
854 124 935 168 DE
968 124 1107 168 ACT.
1141 124 1297 168 HUM,
1347 124 1492 169 DISS.
1515 124 1593 169 IV.
1626 126 1756 170 CAP.
1779 128 1811 169 Ι.

231 211 269 247 8.
300 206 411 245 Proh.
440 204 602 244 seeunda
619 217 733 257 pars.
763 204 863 243 Nam
880 204 984 242 Deus
1013 214 1064 242 est
1094 219 1290 243 sunnnum

176 263 211 299 ἃ
241 260 435 299 infinitum
464 259 607 298 bonum
626 289 636 307 ,
684 258 785 311 quod
815 258 976 311 proinde
1003 268 1117 296 totam
1147 258 1291 295 deside-

173 317 320 352 riorum
336 322 548 352 nostrorum
573 312 868 365 amplitudinem
898 312 1198 350 cumulatissime
1227 324 1291 346 ex-

176 381 331 420 aequare
353 376 467 419 potest
497 376 624 419 utpote
654 380 737 403 eam
766 366 1133 404 infiniteexcedeus.
1162 365 1290 410 Quam

172 422 222 458 ol)
255 435 333 458 rem
365 420 550 472 Propheta
571 420 695 458 David
718 419 857 458 Psalm.
880 420 987 456 XVI.
1017 416 1186 454 dicebat:
1215 415 1291 452 Sd.-

173 474 328 522 nabor,
358 487 448 511 cum
479 478 709 523 apparuerit
736 474 867 524 gloria
895 482 995 512 tium
1025 468 1057 503 &
1088 468 1128 505 S.
1159 468 1291 520 Augu-

172 530 294 568 stinus
324 527 465 566 hib.1.
499 527 803 579 Confessionum
833 539 917 575 cap.
941 534 1002 560 2.:
1045 519 1188 558 Fecisti
1218 536 1290 560 nos

171 581 350 619 Domine
378 581 434 619 acl
463 590 526 629 te,
563 583 612 622 (²9¹
641 586 856 630 inquietum
886 585 942 614 est
979 587 1045 612 cor
1074 584 1254 613 nostrum
1276 606 1288 625 ,

171 635 299 673 donec
327 639 547 686 requiescat
577 639 616 672 in
646 643 709 670 te.

223 702 265 742 9.
294 688 344 726 Et
372 704 461 726 sane
490 696 652 737 quatuor
673 683 867 736 potissima
887 690 970 720 sunt
999 681 1122 719 cordis
1151 680 1287 729 liuma-

167 744 210 782 ni
231 743 418 781 desideria
434 768 444 778 .
475 740 656 776 Primum
677 737 842 775 veritatis
863 735 1154 787 cognoscendae3
1184 737 1286 788 quod

166 797 280 835 nobis
308 808 396 832 cum
426 790 580 843 Angelis
608 803 811 829 commune
842 797 916 827 est:
963 789 1137 826 alterum
1169 788 1286 827 hono-

166 863 282 898 rum,
312 847 345 883 8<
374 847 596 897 dignitatum
615 874 625 892 ,
673 844 774 896 quod
804 852 856 881 est
885 842 1106 881 hominibns
1136 851 1284 881 tantum

167 903 394 955 proprium3
423 902 581 935 tertium
612 896 850 949 voluptatum
868 926 879 945 ,
915 897 1019 948 quod
1048 899 1162 935 etiam
1193 897 1284 935 bru-

168 958 214 994 tis
243 953 438 992 convenit:
467 960 713 1002 postremum
743 950 1070 1007 immortalitatis,
1100 951 1201 1003 quod
1223 950 1284 989 vel

163 1010 256 1060 ips-73
289 1019 344 1043 res
373 1006 596 1043 inanimatae
619 1002 902 1057 quodammodo
929 1004 1120 1042 ostendere
1151 1004 1283 1043 viden-

161 1070 250 1108 tur,
278 1059 372 1097 dum
403 1059 602 1106 interitui,
632 1059 667 1094 &
695 1058 931 1110 corruptioni
953 1071 1021 1109 pro
1049 1057 1195 1097 viribus
1224 1072 1283 1096 re-

159 1116 321 1152 sistunt.
379 1113 427 1151 At
457 1125 544 1150 vero
573 1111 659 1150 haec
700 1121 862 1165 quatuor
893 1110 1060 1150 hominis
1095 1111 1283 1151 desideria

160 1166 463 1205 cumulatissime
493 1166 598 1204 Deus
641 1165 836 1218 explebit,
885 1165 1037 1217 quando
1066 1163 1198 1213 clare,
1247 1163 1281 1202 δι’

158 1222 334 1260 intuitive
364 1235 385 1257 a
416 1219 522 1258 nobis
552 1220 770 1266 videbitur3
802 1227 892 1257 tunc
922 1220 1025 1257 euim
1056 1220 1194 1257 nudata
1225 1221 1282 1258 fa-

159 1276 218 1312 cie
235 1305 245 1322 ,
277 1274 310 1310 8(
339 1275 417 1312 sine
439 1274 638 1325 aenigmate
658 1273 766 1312 nobis
788 1274 924 1311 veritas
939 1273 1160 1325 apparebit5
1189 1281 1280 1313 tunc

158 1328 304 1366 divinae
335 1336 519 1366 consortes
547 1337 694 1366 naturae
712 1358 723 1376 ,
759 1326 980 1379 similesque
1010 1326 1093 1364 Deo
1121 1326 1244 1365 effecti
1266 1358 1277 1376 ,

158 1395 354 1420 summum
378 1381 530 1419 honoris
560 1380 593 1416 St
622 1382 813 1432 dignitatis
834 1379 987 1418 culmen
1008 1394 1275 1431 assequemur3

121 1441 134 1449 ’“
157 1444 248 1473 tunc
278 1437 459 1473 intrantes
488 1435 526 1471 in
554 1435 738 1486 gaudium
771 1434 930 1471 Domini
973 1443 1139 1470 torrente
1169 1434 1277 1472 volu-

156 1489 268 1540 ptatis
290 1489 408 1539 ipsius
429 1487 648 1540 potabimur
665 1518 676 1537 ,
706 1487 740 1524 8<
763 1487 1074 1532 inebriabimur3
1104 1497 1192 1525 tunc
1212 1487 1277 1524 de-

156 1543 271 1595 niqne
302 1543 444 1579 erimus
473 1542 518 1578 de
549 1539 826 1580 interminabili
861 1540 984 1579 beatae
1014 1542 1104 1579 vitae
1136 1553 1278 1593 posses-

154 1598 261 1634 sione
290 1597 438 1636 securi.
487 1594 563 1633 Illa
592 1599 846 1646 cognitione,
894 1594 1088 1633 concludit
1117 1608 1278 1646 magnus

157 1651 393 1701 Augustinus
422 1647 485 1686 De
506 1648 650 1699 Spiritu
680 1651 729 1689 (θ’
759 1649 831 1686 litt.
863 1662 948 1700 cap.
971 1649 1035 1687 53·
1067 1649 1135 1686 illa
1165 1652 1276 1685 risio-

158 1708 211 1740 n'e
233 1733 243 1750 ,
283 1703 351 1740 illu
381 1703 716 1752 contemplatione
745 1700 954 1739 satiabitur
983 1700 1092 1739 bonis
1121 1706 1284 1751 animaer

156 1755 428 1799 desi‹lerium;
476 1754 546 1792 hoc
578 1759 686 1792 enim
716 1758 750 1791 ei
780 1755 907 1792 salum
937 1763 1001 1791 stit
1031 1763 1088 1791 est
1109 1769 1123 1798 ,·
1171 1755 1277 1791 ultra

157 1823 239 1848 non
268 1808 410 1857 habet,
440 1808 544 1860 quod
571 1817 761 1859 appetat,
799 1821 873 1859 quo
902 1806 1022 1846 inhiet
1045 1837 1056 1856 ,
1085 1806 1186 1859 quoti
1214 1820 1276 1846 re·

155 1867 289 1916 quirat
317 1863 381 1912 (a)
400 1889 411 1899 .

216 1930 276 1955 10.
305 1913 594 1953 Corrolarium.
644 1915 741 1953 Haec
771 1915 948 1952 continuo
978 1914 1183 1965 recbgitare
1212 1915 1276 1952 de-

153 1970 319 2017 hemus,
368 1982 417 2006 ne
447 1983 469 2005 a
516 1967 723 2006 fallacibus
769 1967 957 2005 bonorum
996 1966 1277 2018 hujusmundi

153 2023 351 2063 blanditiis
379 2020 556 2069 deliniti,
593 2030 706 2074 atque
735 2021 939 2072 corrupti,
982 2034 1135 2069 veram,
1167 2029 1276 2059 aeter-

153 2091 324 2129 namque
346 2075 621 2113 beatitudinem
639 2076 856 2112 amittamus
874 2101 882 2112 .
913 2073 984 2111 Vae
1004 2075 1155 2127 impiis,
1186 2088 1278 2113 cum

153 2131 270 2170 nimis
298 2143 380 2168 sero
408 2138 669 2181 cognoscentes
690 2159 700 2177 ,
730 2129 869 2166 frustra
897 2142 935 2166 se
964 2129 1004 2167 in
1035 2127 1106 2166 hoc
1135 2129 1279 2167 mundo

152 2184 428 2223 beatitudinem
440 2183 682 2235 quaesivisse,
704 2181 920 2221 exclamare
932 2191 1131 2234 cogentur:
1160 2213 1186 2232 „
1204 2182 1276 2220 Er-

153 2268 181 2288 „
210 2250 257 2290 go
286 2238 498 2275 erravimus
527 2253 549 2274 a
578 2239 642 2275 via
671 2236 838 2275 veritatis
859 2266 870 2284 ,
918 2236 1044 2289 lassati
1074 2249 1206 2274 sumus
1233 2237 1277 2275 in

155 2320 184 2341 „
215 2292 277 2328 via
308 2291 546 2341 iniquitatis,
578 2290 612 2326 8(
643 2291 864 2343 perditionis
885 2319 895 2338 ,
926 2289 959 2325 8<
988 2289 1277 2328 ambulavimus

156 2374 185 2395 „
214 2345 295 2382 vias
311 2343 488 2381 difficiles
504 2373 514 2391 ,
545 2345 649 2382 viam
669 2352 794 2381 autem
815 2344 974 2382 Domini
997 2342 1274 2397 ignoravimus!

154 2427 183 2448 „
213 2397 318 2444 Quid
355 2396 467 2434 nobis
495 2397 639 2449 profuit
674 2396 882 2449 superbia?
931 2400 1008 2437 Aut
1051 2398 1276 2438 divitiarum

155 2481 182 2502 „
211 2450 395 2504 jactantia
423 2450 517 2506 quid
546 2449 704 2490 contulit
732 2451 840 2490 nobis
861 2450 913 2489 ’Ἴ

586 2557 758 2597 CAPUT
787 2559 837 2597 ΙΙ.

429 2664 494 2704 De
522 2664 777 2705 Beatitucline
793 2664 992 2719 formali.

214 2786 271 2811 11.
289 2729 568 2826 Quamquam
598 2774 727 2813 Deum
756 2787 832 2812 esse
861 2781 1027 2812 nostram
1069 2772 1272 2812 beatitudi-

155 2838 243 2863 nem
269 2827 498 2879 objectivam
518 2828 722 2867 Christiani
752 2841 883 2866 omnes
911 2828 1172 2877 consentiunt,
1202 2843 1276 2867 non

155 2877 251 2917 levis
267 2889 390 2919 tamen
402 2881 711 2934 interTheologos
727 2892 778 2920 est
789 2882 1041 2920 controversia
1054 2912 1064 2930 ,
1085 2883 1274 2934 quidnam

155 2934 312 2984 proprie
340 2936 384 2971 sit
412 2934 509 2974 illud
526 2966 537 2985 ,
585 2937 625 2974 in
655 2948 731 2988 quo
760 2935 935 2974 formalis
964 2935 1157 2974 beatitudo
1185 2950 1273 2975 con-

156 2986 276 3031 sisti13
303 3000 379 3038 qua
406 2987 451 3026 de
480 3003 520 3028 re
550 2991 669 3032 variae
699 2999 787 3029 sunt
815 2991 1010 3030 sententiae
1029 3016 1040 3029 .
1069 2991 1168 3029 Nam
1191 2990 1272 3029 Hu-

157 3197 208 3234 (a)
232 3192 288 3226 Da
316 3191 420 3226 Pater
447 3203 617 3237 angustam
641 3202 744 3232 menti
772 3201 1005 3234 conscendere
1032 3202 1174 3235 sedem.—

203 3239 263 3273 Da
279 3240 417 3285 fontem
442 3242 586 3274 lustrare
611 3244 685 3277 honi
701 3267 711 3284 ‚
737 3247 780 3279 do
797 3269 808 3287 ,
833 3250 909 3281 luce
934 3256 1068 3291 reperta
1084 3269 1096 3288 ‚

204 3285 247 3318 In
273 3295 304 3320 te
331 3290 536 3330 conspicuos
563 3293 665 3321 animi
693 3293 847 3336 defigere
876 3298 991 3327 visus.

204 3332 348 3380 Disjice
374 3341 513 3366 terrenae
539 3334 677 3367 nebulas
695 3358 705 3376 ‚
732 3343 772 3369 (μ’
797 3342 952 3380 pondera
976 3343 1103 3382 molis,

203 3380 315 3426 Aeque
341 3388 396 3417 tuo
422 3382 602 3425 splendore
627 3385 715 3416 mica
731 3396 746 3424 ;
772 3391 805 3419 tu
830 3398 967 3430 namque
994 3400 1144 3424 serenum
1155 3391 1181 3429 ‚'

1359 218 1406 255 go
1434 204 1479 241 de
1508 203 1549 241 S.
1580 203 1734 243 Victore
1763 206 1878 244 Tam.
1899 207 1963 244 III.
2003 205 2066 243 De
2093 208 2293 250 siz-,nientia
2321 210 2479 247 animae

1364 256 1506 295 Christi·
1547 257 1820 295 beatitudinem
1851 259 2074 297 Sanctornn
2119 261 2212 297 nhil
2255 261 2359 298 aliud
2397 276 2474 300 esse

1359 311 1529 362 putavit,
1577 325 1694 362 quam
1727 310 1834 349 iilam
1864 314 1984 364 ipsam
2016 315 2201 351 sationem
2236 314 2441 352 increatam
2465 344 2476 364 ,

1361 379 1437 417 qua
1455 364 1558 401 Deus
1588 364 1719 409 beatus
1741 374 1815 412 est,
1845 366 2049 405 intellectui
2075 368 2271 404 lleatorvnn
2303 381 2477 405 commu-

1358 419 1525 456 nicatam
1544 443 1555 454 .
1587 417 1647 454 Ab
1678 416 1748 455 liae
1778 420 1960 456 sententia
1982 434 2053 457 non
2084 423 2289 459 &molum
2318 422 2477 459 ablude-

1357 484 1398 508 re
1427 471 1577 508 videtur
1605 471 1723 508 altera
1751 474 1904 523 opinio,
1934 487 2020 524 quae
2052 475 2219 512 ‘stennon
2249 475 2478 512 Gandaven-

1357 526 1388 562 si
1419 524 1600 561 tribuitur
1630 523 1771 571 Quodl.
1794 524 1901 562 XIII.
1931 536 2067 578 quaest.
2095 541 2176 576 12.‚
2219 543 2357 580 nempe
2386 529 2476 566 bea-

1356 577 1557 615 titudinem
1586 577 1809 615 Sanctorum
1841 592 1918 616 esse
1946 580 2152 631 quemdam
2191 580 2372 632 illapsum
2406 583 2475 619 Di-

1355 631 1458 669 viuae
1488 633 1654 668 essentiae
1686 632 1724 668 in
1754 644 1885 668 eorum
1916 635 2119 681 animum,
2149 647 2190 670 eo
2223 636 2301 671 fere
2331 635 2442 673 modo
2463 664 2474 682 ‚

1355 699 1432 737 quo
1462 684 1606 721 serrum
1637 685 1777 722 dicitur
1807 685 1999 736 ignitum,
2042 685 2076 721 8<
2103 687 2292 734 candens,
2321 688 2475 741 quando

1355 739 1452 790 ignis
1483 737 1690 776 substantia
1719 739 1845 789 ipsum
1877 739 2130 790 undequaque
2160 734 2392 790 penetravtt.

1415 805 1475 830 12.
1505 791 1579 829 Sed
1611 804 1750 844 paucos
1794 790 1854 828 hae
1885 792 1971 829 duae
2015 793 2212 844 opiniones
2241 802 2361 830 nactae
2390 802 2475 832 sunt

1353 855 1572 894 sectatores,
1603 847 1682 883 fere
1702 845 1880 882 omnibus
1901 846 2005 882 enim
2027 858 2249 897 persuasum
2279 855 2357 895 est,
2386 848 2475 884 bea-

1353 900 1558 942 titudinem
1603 897 1806 937 formalem
1846 899 1957 936 sitam
1988 912 2066 936 esse
2107 899 2246 936 debere
2275 900 2315 936 in
2343 898 2477 950 aliqua

1351 953 1571 1006 operatione
1601 953 1731 1001 Beati,
1760 966 1848 1005 quae
1879 951 2040 1004 proinde
2070 962 2194 990 creata
2225 966 2301 990 esse
2331 952 2478 1001 debet,

1352 1021 1512 1059 ejusque
1543 1008 1725 1060 propriaj,
1774 1016 1813 1043 ut
1843 1005 2168 1058 quemadmodum
2214 1007 2252 1043 in
2296 1005 2367 1044 hac
2398 1007 2477 1051 vita.

1348 1059 1524 1104 homines
1554 1074 1628 1098 non
1659 1068 1743 1099 sunt
1771 1059 1860 1111 justi
1882 1072 1950 1111 per
1978 1059 2164 1111 justitiam
2193 1058 2362 1109 Christi,
2392 1073 2473 1111 qua

1352 1117 1434 1163 ipse
1457 1116 1588 1168 justus
1618 1112 1704 1161 est,
1733 1113 1805 1152 se‘l
1832 1127 1912 1166 qua,
1941 1126 2012 1150 nos
2036 1113 2328 1165 justosfacit;
2370 1113 2475 1166 quod

1351 1170 1391 1207 iu
1411 1167 1584 1206 Concilio
1609 1167 1834 1205 Tridentino
1864 1177 1915 1206 est
1944 1167 2147 1206 definitum
2169 1168 2268 1206 Sess.
2289 1166 2357 1204 VI.
2387 1181 2474 1218 cap.

1352 1235 1417 1273 7.,
1464 1223 1514 1260 ita
1542 1223 1656 1259 etiam
1687 1222 1725 1259 in
1755 1220 1874 1258 altera
1902 1221 1980 1259 vita
1995 1219 2236 1272 formaliter
2264 1221 2367 1259 Beati
2399 1234 2476 1258 esse

1348 1289 1424 1313 non
1456 1276 1592 1326 possint
1623 1288 1688 1326 per
1719 1276 1906 1312 actionem
1938 1275 2011 1311 Dei
2042 1277 2246 1313 increatam
2265 1305 2275 1324 ,
2315 1273 2374 1312 vel
2406 1287 2474 1326 per

1349 1327 1431 1379 ejus
1452 1329 1653 1366 essentiam
1670 1327 1744 1365 sibi
1766 1326 1885 1366 veluti
1901 1326 2153 1365 inhaerentem
2171 1357 2182 1377 ,
2212 1329 2276 1367 sed
2294 1342 2363 1381 per
2384 1340 2470 1379 pro-

1346 1383 1473 1433 priam
1503 1382 1764 1430 operationem
1783 1407 1794 1418 .

1408 1434 1468 1472 15.
1498 1435 1608 1482 Hoc,
1640 1442 1679 1471 ut
1706 1434 1818 1482 dixi,
1848 1433 1929 1470 fere
1949 1431 2130 1471 omnibus
2151 1434 2316 1481 arridet,
2348 1433 2411 1472 sed
2441 1434 2474 1472 i·

1345 1496 1470 1525 terum
1500 1488 1660 1540 quaestio
1686 1488 1807 1525 oritur
1836 1487 1874 1524 in
1904 1500 2070 1538 quanam
2086 1487 2244 1526 demum
2274 1484 2413 1525 aitimae
2433 1499 2475 1523 o-

1346 1543 1540 1593 peratione
1571 1540 1744 1579 formalis
1773 1540 1965 1578 beatitudo
1999 1541 2203 1579 consistat.
2252 1541 2468 1579 Tltomistae

1345 1596 1441 1633 duce
1463 1594 1647 1646 Angelico
1668 1594 1904 1645 Praeceptore
1939 1607 1972 1631 1.
2007 1607 2043 1632 2.
2072 1608 2111 1645 q.
2135 1594 2172 1632 5.
2203 1603 2274 1633 art.
2290 1595 2351 1643 4.,
2383 1607 2468 1633 eam

1343 1647 1592 1686 essentialiter
1621 1649 1730 1685 sitam
1752 1648 1885 1684 volunt
1915 1647 1954 1683 in
1983 1656 2067 1684 actu
2089 1646 2330 1696 intellectus,
2361 1647 2468 1686 scili-

1343 1711 1400 1738 cet
1416 1703 1453 1738 in
1475 1703 1616 1739 visione
1632 1702 1802 1739 essentiae
1822 1699 1974 1738 Divinae
1993 1729 2003 1747 ,
2033 1714 2151 1752 quam
2175 1703 2359 1739 visionem
2381 1715 2470 1738 con·

1343 1756 1514 1807 sequitur
1543 1766 1650 1792 amor
1680 1755 1885 1802 fruitivus,
1915 1763 2113 1805 tamquam
2143 1754 2226 1805 ejus
2256 1755 2470 1806 proprietas

1346 1808 1640 1860 inseparabilis.
1670 1807 1839 1846 Scotistae
1861 1815 1992 1843 contra
2021 1807 2292 1845 beatitudinem
2324 1810 2470 1845 forma-

1344 1861 1420 1899 lem
1450 1860 1637 1900 collocant
1665 1862 1706 1898 in
1736 1860 1813 1898 solo
1843 1869 1929 1898 actu
1958 1861 2126 1909 amoris,
2174 1874 2252 1912 quo
2293 1861 2471 1913 diligitur

1348 1915 1453 1953 Deus
1483 1925 1636 1968 propter
1665 1929 1729 1963 se,
1759 1915 1813 1952 ita
1842 1922 1882 1951 ut
1912 1914 2008 1952 visio
2029 1927 2103 1951 non
2133 1929 2171 1952 se
2201 1913 2364 1963 habeat,
2395 1915 2469 1952 nisi

1346 1975 1388 2005 ut
1417 1969 1612 2021 dispositio
1640 1968 1687 2006 ad
1717 1981 1885 2005 amorem
1903 1993 1915 2005 .
1963 1967 2134 2005 Demum
2181 1967 2249 2005 alii
2280 1966 2469 2018 Tlteoiogi

1345 2030 1548 2073 utramque
1577 2023 1796 2061 sententiam
1826 2028 2087 2073 componunt,
2127 2019 2160 2056 δε
2189 2021 2468 2060 beatitudinem

1345 2074 1548 2113 formalem
1578 2076 1708 2114 dicunt
1734 2089 1812 2113 esse
1840 2073 1956 2113 simul
1985 2082 2115 2112 actum
2146 2074 2384 2123 intellectus,
2433 2073 2466 2109 ἃ

1345 2128 1573 2177 voluntatis,
1603 2143 1742 2180 nempe
1772 2130 1984 2175 visionem,
2029 2126 2063 2163 8t
2093 2142 2261 2165 amorem
2280 2155 2291 2167 .
2339 2129 2415 2167 Nos
2444 2140 2469 2166 a

1343 2181 1385 2222 S.
1416 2182 1579 2221 Thomae
1609 2183 1798 2221 tutissima
1826 2182 1889 2218 via
1917 2194 1991 2218 non
2021 2180 2268 2220 recedemus.

1742 2285 2045 2327 PROPOSITIO
2063 2313 2074 2327 ·

1347 2396 1559 2436 Beatitudo
1587 2394 1785 2450 formalis
1828 2395 2113 2445 essentialiter·
2137 2399 2315 2435 consistit
2343 2399 2386 2435 in
2415 2399 2468 2436 ri-

1397 2455 1538 2500 sione,
1587 2463 1657 2489 seu
1685 2450 2020 2502 contemplatione
2048 2448 2159 2501 Dei,
2205 2451 2382 2504 adeoque
2411 2449 2468 2490 ad

1400 2506 1643 2545 intellectum
1671 2507 1840 2556 pertinet
1857 2529 1869 2543 .
2321 2507 2323 2509 ’

1403 2593 1617 2660 14.Ρτο1).
1645 2616 1775 2664 primo
1804 2624 1848 2649 ex
1864 2610 2092 2664 Scriptura,
2122 2625 2210 2663 quae
2240 2612 2379 2664 passim
2410 2613 2469 2651 vi-

1341 2668 1487 2705 sionem
1517 2668 1592 2705 Dei
1622 2676 1661 2707 ut
1689 2679 1886 2705 summum
1916 2679 1960 2703 ac
1991 2666 2202 2717 perfectum
2233 2667 2465 2717 praemium,

1342 2729 1536 2774 totamque
1566 2721 1779 2759 mercedem
1811 2718 1917 2757 nobis
1947 2720 2148 2770 proponit.
2197 2718 2256 2756 Ps.
2277 2718 2368 2757 XV.
2411 2719 2466 2756 A·

1345 2774 1547 2826 dimplebis
1578 2788 1642 2813 me
1671 2775 1813 2811 lcetitia
1841 2786 1932 2810 cum
1963 2772 2064 2810 vultu
2094 2781 2186 2811 tuo.
2216 2771 2275 2811 Ps.
2292 2771 2466 2811 XXXV.

1344 2828 1393 2866 1η
1423 2830 1572 2867 lumine
1600 2838 1666 2866 tuo
1696 2826 1906 2866 videbimus
1944 2825 2079 2865 lumen
2101 2853 2112 2865 .
2165 2840 2200 2865 ι.
2230 2826 2365 2864 Joann.
2396 2826 2466 2864 ΙΙΙ.

1344 2883 1529 2932 Scimus,
1559 2885 1750 2933 quoniam
1779 2894 1872 2918 cum
1902 2884 2159 2931 apparuerit,
2189 2881 2339 2918 similes
2367 2883 2404 2917 ei
2423 2892 2464 2917 e-

1344 2941 1494 2984 rimus,
1524 2939 1716 2987 quoniam
1746 2933 1957 2972 videbimus
1986 2947 2077 2972 eum
2096 2965 2107 2983 ,
2156 2937 2268 2973 sicuti
2297 2943 2381 2982 esc,
2428 2932 2461 2969 Ι.

1345 2992 1391 3030 ad
1412 2990 1583 3029 Corinth.
1604 2988 1712 3028 XIII.
1745 2986 1935 3026 Videmus
1963 3001 2070 3026 nunc
2098 3001 2169 3042 per
2197 2987 2396 3040 speculum
2418 2987 2460 3021 in

2356 3050 2413 3077 ω·

1390 3198 1438 3232 Tu
1463 3201 1596 3243 requies
1622 3200 1805 3242 tranquz'lla
1832 3201 1903 3242 piis
1921 3213 1934 3236 ,·
1959 3205 1993 3230 ee
2019 3207 2156 3230 cernere
2174 3193 2292 3237 finis,

1389 3246 1625 3290 Principium,
1652 3254 1762 3279 vector
1778 3267 1788 3286 ‚
1808 3248 1876 3279 dux
1898 3267 1909 3286 ,
1936 3248 2078 3281 semita,
2102 3244 2265 3274 terminus
2293 3241 2379 3273 idem
2394 3261 2403 3271 .

1343 3292 1484 3327 Boetius
1506 3293 1581 3326 tub.
1595 3294 1652 3325 Ill.
1678 3291 1733 3324 De
1750 3295 1984 3326 consolacione
1999 3288 2228 3330 Philosophi.e
2242 3310 2249 3318 .
2278 3285 2461 3331 Objectio-

1342 3351 1402 3372 nes
1440 3348 1560 3372 contra
1585 3338 1677 3371 hanc
1703 3350 1876 3372 summam
1915 3335 2096 3367 veritatem
2132 3334 2278 3366 inveniri
2315 3340 2458 3378 possunt

1343 3385 1436 3432 apud
1448 3388 1483 3421 S.
1496 3385 1670 3422 'I‘Immeun
1682 3385 1777 3420 laud.
1790 3396 1823 3430 q.
1839 3393 1870 3420 2,
1882 3403 1894 3423 ,
1919 3384 1950 3413 &
1962 3381 2094 3426 passim
2105 3379 2194 3427 apud
2205 3379 2436 3416 Scholasticos
2448 3400 2457 3410 .
