2570 3745
914 140 995 187 DE
1028 141 1175 188 ANT.
1207 141 1522 188 ARNALDO.

73 259 102 281 ‚‚
127 227 316 282 injuriosa
341 224 504 263 Summo
520 219 696 271 ,Pontifici
714 252 725 270 ‚
755 219 789 258 ἃ
809 220 1008 276 Episcopis
1024 223 1183 273 Gallim,

75 313 103 334 υ
132 283 168 320 ἃ
193 293 283 334 quas
309 279 423 315 etiam
460 278 649 328 praeberet
691 278 928 315 occasionem
960 278 1184 316 renovandae

129 348 174 375 ex
204 336 344 383 integro
371 337 451 381 post
479 330 947 370 damnationemjansenii
978 331 1183 370 doctrinae:

129 387 261 427 altera
288 392 452 432 autem,
481 396 572 433 quae
593 384 663 436 jus
691 382 925 434 spectabat,
956 394 995 423 nt
1024 393 1184 423 temera-

71 471 99 491 „
127 441 213 487 ria,
242 438 390 489 impia,
418 436 667 489 blasphema,
710 437 950 476 anathemate
979 439 1184 487 damnata,

69 522 97 545 „
125 492 160 535 ᾇ
185 491 372 535 1181011011.
391 490 412 506 ”
430 516 442 528 .
470 490 566 529 Haec
596 493 697 529 enim
729 493 938 543 propositio
957 492 1184 530 Censoribus

67 545 270 587 videbatur
298 545 466 596 primam
510 557 555 581 ex
587 545 776 582 damnatis
813 545 979 584 Jausenii
1017 546 1187 598 proposi-

69 599 245 639 tionibus
267 597 318 636 ab
345 610 434 636 orco
463 610 641 636 revocare
662 625 673 637 .
710 639 715 645 ,

122 652 192 694 82.
218 650 303 689 Sibi
333 664 405 689 non
433 651 555 689 defuit
586 651 796 700 Arnaldus,
827 651 860 688 &
891 650 1067 705 pluribus
1096 651 1186 690 scri-

68 707 144 759 ptis
169 703 356 744 Sorbonae
385 718 584 742 censuram
614 705 808 744 declinare
838 719 926 744 usus
963 715 1043 753 est,
1088 719 1186 757 prae-

67 760 183 812 cipue
211 758 316 798 circa.
343 759 597 811 quaestionem
627 758 749 810 juris,
794 759 840 796 de
882 774 959 812 qua
1000 756 1187 805 sollicitus

68 813 313 865 potissimum
342 820 448 859 erat,
478 810 702 860 declarans,
732 826 770 850 se
801 815 1027 864 proscriptas
1054 811 1104 850 ab
1124 812 1187 850 ln-

67 868 244 905 nocerino
272 864 325 903 X.
356 866 628 917 propositiones
656 865 798 902 sincere
828 865 1034 914 damnare,
1077 865 1110 901 ἆ
1140 866 1186 904 de

95 920 190 958 tatia
222 917 290 957 illa
318 917 488 956 locutum
518 917 778 956 tantummodo
807 931 908 966 esse,
938 920 1017 956 sine
1031 932 1109 970 qua
1130 921 1187 956 ni-

67 932 124 1010 1111
156 985 356 1025 possumus
385 971 549 1022 potentia
579 970 779 1021 proxima,
809 984 874 1008 seu
903 980 1185 1022 consequente,

67 1023 103 1061 ἃ
126 1025 328 1076 conjuncta
348 1037 436 1061 cum
456 1033 543 1061 actu
565 1026 579 1072 (
598 1023 693 1061 Haec
709 1022 867 1060 collecta
885 1022 1002 1061 habes
1025 1026 1061 1061 in
1085 1023 1187 1061 Cau·

65 1091 117 1116 sa
135 1077 360 1116 Amatttma
387 1076 487 1114 edita
514 1090 537 1114 a
557 1074 761 1124 Quesnello
789 1090 852 1114 an.
889 1074 1004 1128 1699.
1022 1076 1037 1124 )
1054 1103 1065 1113 .
1112 1076 1186 1114 Sed

67 1133 199 1170 omnia
229 1131 392 1169 frustra.
420 1129 545 1167 luuno
572 1130 665 1182 quia
696 1137 776 1181 post
805 1142 1006 1167 censuram
1038 1128 1186 1180 palino-

65 1184 172 1223 diam
200 1196 338 1222 canere
355 1182 609 1231 detrectavit,
639 1181 724 1233 ejus
752 1195 889 1220 nomen
919 1183 992 1220 tuit
1021 1195 1067 1220 ex
1095 1182 1187 1220 albo

66 1236 273 1279 Doctorum
302 1249 481 1282 erasum3
523 1249 591 1274 nec
622 1234 681 1274 illi
719 1236 922 1287 quidpiam
960 1236 1186 1286 profuerunt

64 1289 288 1342 Lannojus,
318 1289 447 1328 Petrus
477 1288 677 1338 Nicolius,
717 1288 866 1328 Blasius
895 1288 1115 1338 Pasclialis,
1144 1303 1186 1326 a-

63 1341 213 1396 liique,
255 1344 323 1396 qui
356 1341 533 1394 plurimis
561 1344 710 1394 scriptis
738 1342 822 1390 ejus
854 1356 979 1381 causae
1022 1343 1185 1395 patroci-

65 1398 143 1434 nati
171 1405 254 1434 stunt
271 1422 281 1433 .
310 1395 543 1434 Sententiam
573 1404 700 1434 autem
732 1395 938 1434 Facultatis
960 1395 1186 1434 Sorbonicoe

66 1449 164 1487 iuter
192 1447 286 1488 alios
313 1448 483 1487 defendit
511 1448 569 1487 Jo-
586 1448 751 1487 ‘Nicolai
767 1448 1044 1487 Dominicanus
1065 1450 1104 1487 in
1120 1462 1188 1487 suo

67 1515 182 1554 opere
198 1532 210 1550 ,
238 1503 302 1541 cui
319 1501 473 1541 titulus:
501 1500 697 1539 Jmlc'cium
714 1531 724 1549 ‚
753 1514 822 1539 seu
846 1500 1077 1539 Censorium
1101 1500 1184 1554 suf·

53 1554 249 1609 fragium
277 1554 326 1593 de
352 1559 616 1606 propositione
659 1554 823 1592 Antonii
861 1553 1032 1592 Arnaldi
1068 1555 1183 1604 &c.,

67 1611 135 1661 qui
164 1610 280 1647 etiam
311 1610 350 1646 in
380 1609 544 1646 duarum
575 1608 875 1659 propositionum
903 1608 1184 1647 condemnatio-

65 1676 118 1700 ne
146 1674 324 1713 magnam
355 1660 490 1705 habuit
520 1671 689 1712 partein.

119 1714 187 1757 85.
218 1712 410 1754 Arnaldus
437 1728 460 1752 a
487 1712 658 1752 Sorhona
688 1711 828 1765 ejectus
849 1744 860 1762 ,
905 1712 1075 1765 publicae
1105 1713 1185 1754 luci

67 1782 107 1809 se
132 1768 341 1816 subduxit,
386 1781 505 1821 usque
534 1767 582 1805 ad
612 1781 746 1819 pacem
777 1766 892 1819 vulgo
928 1768 1069 1806 dictam
1099 1768 1186 1806 Cle-

68 1822 206 1860 mentis
235 1819 305 1860 lx.
349 1818 432 1858 Post
461 1830 616 1868 autem,
658 1834 748 1859 cum
780 1821 918 1859 iterum
948 1820 1185 1860 Formularii

69 1873 323 1914 Alexandrini
341 1873 573 1926 subscriptio
601 1887 674 1911 non
696 1875 823 1912 minus
852 1888 874 1913 a
895 1872 1011 1925 Regia
1027 1904 1038 1923 ,
1066 1889 1185 1928 quain

69 1927 121 1969 ab
147 1926 418 1967 Ecclesiastica
445 1935 624 1980 potestate
653 1928 864 1979 exigeretur
885 1957 896 1976 ,
944 1928 982 1965 in
1012 1927 1187 1980 Belgium

67 1981 216 2023 tandem
235 1981 385 2020 secessit
399 2010 412 2030 ,
431 1979 499 2019 ubi
517 1982 726 2020 innumeris
749 1981 828 2020 fere
847 1981 957 2020 editis
971 1980 1083 2019 libris
1099 1981 1162 2034 (a)
1179 2012 1190 2031 ‚

70 2047 238 2088 qnorum
269 2033 445 2087 plerique
472 2033 520 2073 ad
548 2034 806 2077 defensionem
848 2035 940 2073 fidei
975 2034 1187 2074 Catliolicae

67 2097 202 2128 contra
227 2088 456 2128 calvinistae)
484 2097 682 2141 spectant,
711 2097 785 2126 toto
799 2087 1089 2127 orbelitterario
1107 2088 1188 2129 cla-

68 2142 243 2184 :issimus
267 2141 366 2183 obiit
392 2154 493 2184 anno
526 2140 642 2195 1694.
671 2150 736 2183 aet.
764 2155 844 2182 suae
874 2141 941 2183 83.
970 2139 1051 2193 (b).

73 365 102 387 27

73 418 103 440 25

124 2413 174 2450 (ο)
197 2407 442 2444 Numerantur
465 2407 510 2442 ab
535 2407 712 2452 aliquibus
747 2410 824 2455 plus
860 2422 967 2456 quam
997 2411 1073 2446 150.
1109 2410 1193 2446 Vid.

75 2456 178 2490 Hist.
204 2456 342 2500 Abi-ege!
376 2456 420 2489 de
445 2457 481 2489 la
506 2458 582 2497 vie,
616 2458 658 2487 (α’
682 2456 745 2488 des
769 2469 931 2502 ouvrages
956 2460 1000 2491 de
1025 2457 1097 2490 Mr.
1123 2459 1195 2492 Ar-

79 2504 195 2537 naula.
221 2503 390 2536 Omnium
415 2499 560 2534 Arnaldi
590 2501 802 2544 scriptorum
837 2503 1052 2547 amplissima
1089 2504 1195 2537 colle-

76 2550 148 2583 ctio
179 2546 312 2593 prodiit
337 2547 533 2580 Lausannae
578 2548 681 2590 1775.
719 2549 751 2579 ὄι-
776 2559 847 2592 seq.
881 2548 986 2582 ‘l'om-
1014 2550 1124 2584 XLll.
1159 2550 1196 2584 in

128 2602 204 2628 arto
220 2616 230 2626 .

75 2604 172 2682 quw)
193 2641 285 2674 Cum
308 2637 412 2674 valde
437 2638 542 2673 multi
568 2637 761 2684 prodierint
788 2640 870 2674 libri
894 2640 936 2674 de
961 2641 1117 2676 Jansenii
1144 2654 1197 2677 re-

76 2688 144 2723 hus
169 2694 360 2721 tractantes
375 2708 387 2727 ,
418 2686 521 2732 pauci
548 2695 665 2719 tamen
690 2695 770 2719 sunt
787 2707 799 2726 ,
833 2688 894 2731 qui
920 2688 1086 2722 inoffenso
1110 2688 1197 2735 pede

76 2733 238 2780 percurri
261 2733 418 2778 possint.
457 2732 619 2777 Plerique
646 2733 802 2766 Romana
829 2745 976 2767 censura
1007 2737 1196 2780 perstringi

76 2787 280 2815 meruerunt
298 2801 309 2811 .
335 2779 504 2814 Nonnulli
530 2779 591 2812 alii
616 2777 733 2812 studio
757 2781 912 2824 partium
938 2783 1123 2826 corrupti,
1149 2782 1200 2815 ita

80 2825 242 2871 dogmata
267 2825 437 2860 catholica
464 2837 544 2859 cum
569 2826 716 2870 privatis
742 2824 868 2859 scholae
895 2825 1032 2870 placitis
1050 2828 1199 2861 consun-

77 2870 166 2906 dnnt
181 2894 194 2913 ,
217 2880 255 2906 nt
270 2883 336 2906 non
356 2872 458 2906 facile
471 2883 657 2918 cognoscas
671 2892 683 2912 ,
709 2871 929 2917 quandonam
946 2884 1010 2917 pro
1026 2873 1199 2914 Ecclesia,

81 2919 114 2952 δι
139 2916 278 2964 quando
303 2930 366 2964 pro
389 2917 502 2953 domo·
515 2931 577 2952 sua
602 2917 781 2952 decertent
797 2941 806 2951 .
851 2920 888 2952 ln
924 2918 978 2951 his
1013 2919 1200 2962 postremis

76 2962 315 2999 munerandus
339 2972 391 2998 est
410 2965 620 2998 Tournelius
634 2987 645 3006 ,
671 2966 731 3010 qui
748 2987 761 3007 ,
786 2975 824 2998 ut
849 2963 1000 2998 ostendit
1021 2965 1058 2997 Ρ.
1072 2964 1200 2999 Daniel

77 3011 237 3046 concina
263 3009 365 3044 Tem.
381 3010 446 3044 Vt.
471 3009 740 3046 Theoi-Christ.
767 3012 844 3046 Lib.
866 3013 892 3045 1.
917 3012 1010 3045 Diss.
1029 3012 1053 3044 1.
1080 3022 1111 3044 c.
1138 3010 1199 3044 Vt.

79 3060 112 3102 §.
129 3057 166 3091 6.
190 3058 340 3100 implere
354 3078 366 3097 ‚
390 3059 583 3100 perturbate
598 3079 610 3099 ‚
633 3067 733 3103 atque
758 3059 900 3103 confuse
918 3062 1060 3103 exponit
1077 3065 1200 3101 {Yffe‘

79 3117 134 3139 rna
159 3103 430 3138 Jansenianam.
466 3104 513 3137 Et
538 3113 722 3150 propterea
747 3117 815 3139 non
843 3106 891 3138 ita
918 3103 1052 3149 pridem
1078 3102 1201 3149 perdo-

118 3163 183 3192 ηε,
219 3153 251 3183 &
275 3148 434 3183 eruditus
459 3150 515 3182 vir
541 3149 678 3185 Fransc.
719 3164 736 3185 a
764 3152 872 3185 Puteo
903 3153 1073 3196 Congreg.
1100 3152 1199 3184 Orat.

80 3159 184 3230 gom.
209 3196 398 3242 Presbyter
424 3196 458 3228 in
485 3208 547 3230 suo
582 3199 748 3243 opusculo
779 3200 822 3232 dc
861 3200 988 3231 studiis
1015 3197 1200 3231 Ecclesia—

84 3241 358 3284 sticis,a‹lnexo
370 3242 469 3276 Hist.
486 3242 525 3274 S.
544 3242 708 3288 Gregorii
725 3244 778 3278 M.
794 3269 804 3287 ,
832 3245 1021 3288 Romaeque
1036 3242 1076 3276 ed
1097 3243 1197 3287 1758.

82 3287 148 3322 snb
173 3289 337 3333 auspiciis
363 3290 555 3323 Clementis
585 3291 680 3324 Xlll.
719 3303 748 3325 c.
768 3292 801 3326 8.
841 3300 940 3324 caute
967 3290 1199 3324 Tournelium

85 3331 270 3378 legendnm
295 3337 431 3370 monuit
458 3337 492 3370 in
521 3345 673 3370 tractatu
698 3339 742 3371 de
766 3343 882 3382 gratia
898 3354 912 3377 ;
949 3341 1028 3381 qnia
1052 3336 1202 3370 Melini-

89 3393 160 3415 ωηο
179 3382 312 3413 nimium
327 3384 488 3417 addictus
505 3384 666 3428 quasdam
679 3388 932 3419 vetustissimas
945 3406 958 3425 ,
984 3385 1176 3420 tutissimas
1188 3403 1202 3423 ,

197 3423 432 3481 Gazzaniga
461 3428 595 3472 Theol.
627 3429 742 3471 Tom.
761 3429 832 3470 VI.

2259 152 2314 204 75

1673 248 1847 289 CAPUT
1876 253 1945 291 Vl.

1393 327 1459 368 De
1487 327 1706 367 Pizschasio
1740 330 1952 381 Quesnello
1969 363 1978 379 ,
2006 335 2056 375 (J
2084 336 2226 375 celebri

1527 382 1813 422 Constitutione
1847 383 2105 437 Unigenitus.

1308 465 1637 536 84.Pascliasius
1665 489 1911 539 Quesnellius
1942 490 2097 530 Parisiis
2133 503 2241 533 natus
2269 510 2370 536 anno

1260 543 1399 591 1634„
1428 544 1715 597 Congregationi
1745 544 1992 583 Sacerdotum
2013 548 2181 584 Oratorii
2213 564 2234 584 a
2252 552 2368 590 (ju-d.

1255 597 1425 636 Berullio
1454 607 1588 635 erectae
1624 611 1761 635 nomen
1790 598 1916 636 dedit:
1959 613 2045 637 eam
2087 609 2164 637 tam
2203 602 2371 641 deserere

1256 661 1383 702 postea
1412 651 1574 700 maluit,
1602 665 1719 704 quain
1743 650 1986 689 Formulario
2006 653 2187 691 doctrinae
2211 656 2248 691 iu
2272 655 2369 697 ems-

1255 705 1342 743 dem
1369 706 1677 756 Congregationis
1703 705 1880 743 Coniitiis
1921 707 2119 744 constituto
2155 707 2370 745 subscribe-

1256 771 1322 796 re.
1355 759 1396 796 ln
1429 757 1601 809 Belgium
1633 773 1670 796 se
1701 761 1868 810 recepit,
1900 758 1932 794 ἃ
1964 759 2152 797 Bruxellis
2181 761 2247 798 diu
2279 762 2374 800 vixit

1255 825 1344 849 cuin
1378 813 1540 849 Antonio
1571 811 1763 850 Arnaldo.
1808 811 1882 850 Au.
1920 813 2034 863 1703.
2078 814 2128 851 ab
2159 813 2372 852 llumberto

1255 862 1470 902 Guil'lelmo
1498 880 1520 902 a
1550 864 1786 917 Praecipiauo
1805 865 2102 918 Areliiepiscopo
2119 866 2375 905 Meclilinien-

1255 919 1285 954 si
1317 920 1356 956 iu
1376 932 1570 957 carcerem
1591 919 1786 969 conjectus
1801 929 1880 967 est,
1908 921 1972 958 sed
1988 922 2201 960 amicorum
2216 934 2288 973 ope
2309 936 2374 972 pa-

1257 973 1349 1008 riete
1370 973 1533 1010 carceris
1550 971 1724 1019 effracto,
1744 973 1781 1010 in
1801 972 2045 1012 Hollandiam
2065 976 2256 1024 migravit,
2285 974 2321 1011 &
2335 988 2376 1012 0-

1257 1026 1473 1073 ctogenario
1488 1025 1610 1077 major
1630 1024 1903 1064 Amstelodami
1923 1038 2092 1065 mortuus
2106 1037 2157 1066 est
2171 1043 2234 1067 an.
2258 1041 2376 1080 1719.

1311 1074 1378 1114 85.
1410 1076 1539 1116 l’lures
1569 1079 1686 1117 libros
1707 1079 1901 1131 evulgavit
1932 1082 1946 1130 (
1970 1080 2062 1118 Vid.
2083 1080 2283 1132 Supplem.
2301 1079 2375 1119 Di-

1257 1132 1376 1166 ction.
1408 1129 1552 1169 Moreri
1574 1161 1584 1180 ‚
1615 1132 1648 1168 8<
1680 1131 1718 1168 l'.
1739 1132 1874 1170 Ricard
1905 1132 2079 1173 Diction.
2101 1134 2169 1173 ates
2190 1135 2376 1174 Sciences

1254 1180 1552 1232 Ecclesiczst.),
1596 1185 1657 1221 sed
1690 1184 1755 1222 ille
1785 1200 1865 1236 prae
1897 1190 2030 1225 ceteris
2067 1189 2236 1227 famosus
2267 1190 2338 1227 suit
2359 1218 2373 1237 ‚

1255 1236 1317 1273 cui
1348 1234 1483 1273 titulus
1515 1236 1773 1288 Beflexiones
1803 1241 1978 1278 morales
2005 1245 2047 1277 in
2067 1253 2211 1278 noc-um
2236 1241 2376 1281 Testat-

1255 1298 1438 1326 mentum
1459 1315 1469 1326 .
1501 1289 1581 1326 Hoc
1611 1302 1705 1342 opus
1734 1307 1756 1328 a
1787 1292 1917 1329 multis
1945 1292 2129 1331 Ecclesiae
2160 1294 2379 1332 pastoribu-

1255 1345 1424 1380 maxime
1453 1344 1764 1382 commendatnm
1782 1373 1793 1392 ,
1823 1344 1890 1390 40.
1920 1347 2070 1384 circiter
2090 1359 2275 1384 annornm
2292 1361 2378 1398 spa-

1255 1397 1308 1433 tio
1336 1395 1511 1434 fidelium
1543 1396 1749 1444 manibus,
1794 1398 1834 1436 iu
1864 1397 1996 1436 Gallia
2025 1400 2287 1452 potissimum,
2325 1409 2378 1437 te-

1252 1449 1445 1495 nebatur-3
1475 1449 1538 1487 sed
1568 1459 1696 1501 postea
1725 1461 1925 1502 coeperunt
1954 1452 2135 1492 nonnulli
2155 1455 2373 1506 suspicari,

1252 1502 1528 1540 Janseuianum
1557 1505 1664 1540 virus
1693 1517 1844 1541 summa
1873 1504 2081 1544 calliditate
2102 1508 2313 1558 inspersum
2336 1507 2376 1543 iu

1254 1569 1297 1592 eo
1326 1555 1466 1594 latere:
1497 1554 1608 1593 multi
1639 1555 1775 1594 deiude
1803 1556 1985 1609 Episcopi
2017 1558 2188 1606 librum,
2217 1568 2259 1596 ut
2290 1572 2377 1611 per-

1255 1609 1441 1646 niciosum
1472 1608 1693 1661 improbare
1715 1639 1726 1656 ‚
1772 1609 1843 1648 alii
1883 1621 2014 1648 contra
2043 1611 2341 1663 defendere·(c)
2362 1640 2375 1652 .

1255 1661 1332 1699 Sed
1361 1675 1474 1700 causa
1503 1662 1551 1699 ad
1584 1661 1837 1713 Apostolicam
1859 1662 1996 1702 Setlem
2018 1665 2141 1704 delata
2158 1696 2168 1711 ‚
2193 1667 2382 1706 ‘Clemens

1257 1714 1327 1753 Xl.
1345 1716 1471 1767 ipsum
1495 1715 1714 1766 proscripsit
1732 1714 1843 1754 Bulla
1861 1714 2041 1755 Universi
2065 1717 2123 1755 18.
2144 1719 2238 1757 Julii
2261 1720 2379 1771 1708.

1256 1768 1360 1806 Idem
1392 1770 1507 1807 etiam
1537 1765 1713 1806 Clemens
1744 1767 1814 1806 Xl.
1858 1779 1940 1822 post
1968 1771 2278 1823 quinquennium
2315 1787 2380 1813 an.

1261 1822 1377 1873 1715.
1407 1822 1446 1860 8.
1476 1821 1581 1873 Sept.
1625 1820 1836 1859 solemnem
1881 1824 1996 1861 edidit
2038 1826 2379 1876 constitutionem,

1255 1889 1345 1927 quae
1376 1875 1511 1928 incipit
1545 1872 1780 1927 Unigenitus
1810 1873 1930 1914 Filius
1961 1875 2059 1925 Dei,
2105 1879 2143 1916 in
2185 1893 2263 1931 qua
2293 1894 2382 1932 pro-

1257 1929 1459 1980 positiones
1500 1936 1682 1976 centuin,
1725 1928 1760 1965 8<
1791 1943 1908 1966 unani
1940 1944 1984 1968 ex
2016 1932 2147 1969 eodem
2188 1933 2287 1972 libro
2313 1947 2382 1972 ex-

1255 1992 1406 2035 cerptas
1435 1983 1551 2020 variis
1573 1983 1744 2020 censuris
1763 1986 1805 2019 in
1818 1982 1932 2036 globo
1949 2015 1959 2032 ,
1988 1977 2264 2034 &respeae'itre
2293 2000 2380 2039 per-

1256 2037 1431 2082 strinxit3
1462 2036 1631 2074 maxime
1658 2045 1787 2075 autem
1808 2047 1963 2090 propter
1982 2038 2153 2077 Jauseuii
2176 2040 2380 2090 haeresim,

1256 2102 1297 2127 m
1327 2103 1371 2126 ns
1401 2097 1676 2127 instauratam.

1308 2141 1374 2180 86.
1408 2141 1495 2179 Fuit
1527 2141 1610 2177 liaec
1639 2142 1882 2181 Clementina
1911 2143 2135 2183 Constitutio
2163 2157 2239 2184 non
2273 2145 2377 2184 mul-

1256 2204 1295 2234 to
1323 2204 1403 2247 post
1442 2196 1480 2233 iu
1509 2195 1684 2233 Comitiis
1713 2195 1930 2235 Gallicanis
1969 2208 2117 2251 recepta
2135 2228 2146 2246 ,
2189 2198 2380 2250 adjunctis

1256 2258 1383 2289 tamen
1412 2248 1643 2300 quibusdam
1674 2248 2015 2300 explicationibus,
2059 2265 2156 2304 quas
2184 2253 2250 2297 40.
2281 2252 2379 2304 Ept-

2247 2317 2328 2344 sco·

1263 2410 1519 2453 catholicaeque
1544 2409 1725 2442 doctrinas
1749 2407 1916 2443 audacter
1940 2417 1975 2442 ut
2000 2407 2180 2444 haeren'cas
2209 2411 2353 2454 sngiHat
2371 2431 2381 2442 .

1263 2460 1337 2493 Hoc
1365 2458 1490 2490 vitium
1518 2453 1665 2489 cudendi
1693 2466 1756 2500 pro
1780 2464 1893 2488 marte
1919 2467 1981 2488 suo
2000 2454 2102 2501 dogm
2113 2466 2160 2490 ita
2176 2455 2383 2490 fislei'rowr-

1264 2506 1356 2538 nelio
1382 2514 1481 2536 antea
1507 2502 1686 2546 objecerat
1712 2501 1748 2534 P.
1762 2501 1954 2546 Cajetanus
1983 2503 2119 2535 Benitez
2146 2502 2187 2534 ‹le
2205 2503 2299 2546 Lugo
2318 2503 2384 2534 Do-

1264 2551 1462 2585 minicanus
1491 2549 1524 2582 in
1549 2559 1679 2593 opere,
1703 2547 1759 2581 cui
1786 2548 1910 2582 titulus
1939 2550 1982 2581 de
2009 2561 2084 2582 ver«
2104 2549 2241 2581 Christi
2267 2551 2384 2591 gratia

1265 2599 1385 2631 Roma·
1410 2597 1511 2640 1733.
1540 2595 1633 2628 Diss.
1654 2594 1713 2627 ΙΙΙ.
1739 2594 1856 2628 Dubio
1876 2595 1899 2627 Ι.

1312 2649 1358 2683 (c)
1384 2643 1486 2676 lllum
1512 2639 1667 2674 defendit
1694 2640 1786 2672 inter
1812 2640 1897 2673 alios
1915 2639 2096 2671 Bossuetus
2119 2638 2151 2671 in
2169 2649 2295 2683 oqere,
2323 2638 2381 2673 cui

1266 2689 1414 2723 titulus:
1443 2687 1683 2732 Justtfica.·ion
1710 2688 1774 2719 des
1802 2686 1991 2726 reste'rions
2016 2687 2163 2719 morales
2183 2696 2239 2718 sur
2256 2688 2289 2719 le
2302 2697 2384 2717 nou-

1267 2749 1346 2770 ‹veau
1372 2733 1567 2769 Testament
1582 2756 1592 2774 ,
1616 2737 1818 2777 approiwe'es
1843 2743 1905 2774 par
1934 2730 2006 2762 ΜΓ.
2033 2733 2065 2763 le
2080 2732 2186 2764 Car-ci.
2205 2733 2249 2765 cle
2265 2731 2386 2765 Noui!-

1267 2784 1320 2817 [ες
1347 2781 1566 2825 Archeive'qme
1592 2781 1637 2812 de
1663 2778 1763 2811 Paris
1781 2798 1790 2816 ‚
1817 2773 1908 2820 quod
1932 2784 1984 2808 est
2011 2774 2054 2808 ad
2079 2778 2211 2811 calcem
2234 2778 2291 2811 lll.
2314 2778 2384 2812 To-

1267 2829 1315 2862 mi
1341 2830 1385 2862 de
1399 2831 1446 2862 ia
1471 2827 1616 2871 defense
1640 2825 1684 2857 cle
1703 2826 1736 2856 Ιιι
1755 2824 1925 2856 declarat.
1940 2826 2014 2855 σε.
2041 2823 2249 2857 Bossuetum
2269 2832 2385 2858 tamen

1267 2875 1475 2908 sententiam
1503 2882 1620 2918 postea
1647 2877 1796 2901 mutasse
1816 2888 1827 2908 ,
1864 2876 2049 2914 aperteque
2074 2868 2269 2903 declarasse
2286 2892 2297 2911 ‚
2323 2869 2385 2904 da-

1268 2929 1405 2954 mnatas
1430 2920 1586 2965 quinque
1612 2915 1864 2959 propositiones
1891 2914 1925 2947 in
1951 2914 2070 2949 eodem
2096 2915 2188 2950 libro
2212 2917 2382 2961 reperiri,

1269 2965 1448 3001 contendit
1475 2966 1508 2997 Ρ.
1534 2965 1568 2997 la
1596 2960 1764 2995 Fontaine
1789 2964 1825 2994 in
1851 2960 2039 3000 Constitut-
2058 2960 2269 3008 Unigenitus
2287 2963 2383 2996 theo·

1270 3015 1384 3058 logice
1407 3016 1617 3057 propugnata
1644 3008 1746 3041 Tom-
1768 3008 1792 3040 l.
1818 3008 1947 3052 proleg.
1976 3020 2006 3041 c.
2026 3005 2088 3051 „lg-5
2114 3007 2222 3043 solide
2251 3020 2315 3050 ne,
2342 3020 2384 3043 ,m

1271 3060 1392 3099 secus,
1416 3059 1475 3092 alii
1503 3054 1676 3087 viderint.
1716 3052 1836 3098 Neque
1861 3051 2012 3095 desunt,
2050 3055 2112 3100 qui
2140 3055 2202 3089 lioc
2229 3054 2385 3088 Bossueti

1269 3116 1354 3150 opus
1379 3101 1642 3148 supposititium
1667 3111 1740 3133 esse
1765 3097 1977 3134 contendunt
1993 3121 2004 3141 ‚
2029 3110 2067 3135 ut
2096 3101 2307 3145 Languentis
2336 3099 2383 3135 E-

1269 3151 1356 3195 pisc.
1382 3152 1505 3183 Senon.
1536 3149 1569 3179 in
1597 3146 1639 3180 V.
1667 3144 1809 3180 Docum-
1838 3145 1972 3180 Pastor.
2000 3147 2035 3180 P.
2057 3148 2099 3180 11.
2126 3159 2180 3193 ap.
2209 3148 2311 3181 Auet.
2339 3148 2384 3180 li-

1267 3195 1349 3236 bri,
1375 3196 1429 3228 cui
1458 3194 1609 3227 titulus:
1637 3190 1692 3225 De
1719 3205 1871 3237 suprema
1890 3193 2026 3227 Roman.
2055 3192 2151 3226 Pont.
2179 3196 2382 3227 arc-ariense

1268 3242 1437 3275 hodierna
1465 3239 1633 3274 Ecclesiae
1658 3239 1757 3273 Gall.
1782 3241 1941 3273 doctrina
1968 3242 2099 3279 Auca,
2126 3239 2169 3273 N.
2198 3240 2241 3273 N.
2271 3255 2302 3272 ,11
2333 3252 2384 3271 rs„-

1269 3289 1323 3332 gia
1350 3287 1542 3320 Universit.
1569 3285 1716 3319 Taurin.
1741 3285 1840 3320 Juris
1865 3295 1936 3320 utr.
1960 3287 2255 3322 Doce-Avenione
2281 3285 2380 3329 1747.

1268 3334 1305 3367 in
1329 3332 1364 3379 4.
1392 3333 1436 3368 Τ.
1454 3334 1499 3368 11.
1521 3343 1559 3380 p.
1581 3331 1660 3369 185.

1792 3438 1841 3466 10
