2562 3694
978 128 1058 174 DE
1093 127 1482 175 PURGATORIO
1498 160 1509 173 .

124 208 217 258 544.
247 211 319 251 His
330 210 461 250 Sanct.
476 206 631 246 Parrum
652 200 876 247 testfmoniis
897 222 1077 260 magnum
1099 222 1194 262 pon-

69 263 142 304 dns
161 266 302 305 addunt
322 274 461 303 veteres
482 270 559 299 tam
580 262 791 301 Orientales
811 264 994 314 Liturgiae
1009 293 1019 310 ,
1051 265 1087 300 in
1107 265 1193 314 qui-

68 318 142 357 bus
172 330 325 371 preces,
358 316 391 352 ἃ
420 314 630 353 oblationes
658 330 727 368 pro
755 317 956 355 Defunctis
985 318 1194 368 saepissime

70 377 302 410 occurrunt.
345 367 479 421 Neque
509 381 598 406 vero
625 371 804 408 audiendi
835 379 920 407 suut
957 366 1193 415 adversarii,

102 426 139 461 ui
167 435 257 460 cum
286 420 363 460 Jos.
394 421 603 472 Bingliamo
631 423 670 461 in
701 422 927 474 Originibus
959 421 1070 459 Eccl.
1103 423 1191 460 Lib.

115 474 160 513 V·
189 488 276 527 cap.
307 475 344 514 5.
375 474 414 528 ᾗ.
452 475 509 512 ιῦ.
547 477 593 513 ad
622 475 845 514 elevamlam
876 476 1097 513 earumdem
1128 476 1192 512 Li-

68 527 282 580 turgiarum
312 530 572 567 auctoritatem
591 530 834 580 respondent,
866 531 902 566 in
933 531 977 566 iis
1006 529 1190 566 contineri

67 595 199 633 preces
228 583 341 620 etiam
372 595 439 634 pro
455 582 600 621 Sanctis
618 612 628 631 ,
659 596 732 621 non
761 592 915 635 excepta
945 583 1025 634 ipsa
1054 582 1192 619 beatis·

65 635 163 673 sima
194 634 350 686 Virgine
380 634 534 673 Maria.

124 687 218 734 345.
248 687 332 727 Non
360 690 522 741 inquam
553 690 621 726 ista
650 690 821 741 exceptio
849 685 1084 727 admittenda
1113 695 1191 726 est.

66 739 206 779 Primo
234 742 337 780 enim
367 755 411 780 ex
441 743 655 780 diversitate
687 741 941 780 fortnuhtrum
977 741 1090 779 facile
1120 754 1188 793 ap-

66 804 174 846 paret
190 822 202 841 ,
229 798 629 835 commemorationem
650 795 875 834 Sanctorum
906 795 991 832 fieri
1009 823 1020 842 ,
1050 807 1122 831 non
1142 794 1189 831 ad

66 860 180 900 opem
212 849 302 900 ipsis
331 850 525 888 terendam
543 877 554 898 ‚
591 849 655 886 sed
685 849 808 900 potius
836 849 884 886 ad
912 861 1024 900 opem
1062 847 1110 884 ab
1141 846 1189 884 iis

62 901 374 953 implorandam,
416 912 529 955 atque
557 902 605 940 ad
635 915 765 940 eorum
795 901 958 953 gloriam
988 899 1188 939 celebran-

64 954 182 1000 dam3
225 955 284 992 vel
314 957 430 994 etiam
459 965 499 994 ut
536 956 759 993 eorumdem
795 955 1108 992 commemoratio
1142 953 1190 991 ad

62 1017 206 1046 sanctas
235 1009 406 1060 ipsorum
436 1010 591 1047 virtutes
622 1008 822 1046 imitandas
850 1021 917 1045 nos
945 1008 1104 1044 excitet.
1136 1007 1189 1044 lta

62 1061 104 1098 in
132 1061 438 1100 Sacramentario
470 1061 663 1100 Leoniano
705 1062 804 1099 facta
837 1061 1063 1098 Sanctorum
1107 1073 1187 1098 me-

60 1116 212 1164 moria,
242 1114 325 1152 laaec
353 1115 588 1152 subnectitur
614 1114 852 1164 deprecatio:
893 1112 1072 1164 Quorum
1102 1127 1186 1151 me·

60 1170 146 1204 ritis
162 1198 173 1215 ,
200 1167 453 1218 precibusque
479 1164 680 1204 concetlas
696 1197 706 1215 ,
749 1176 788 1204 ut
817 1171 860 1204 in
887 1166 1068 1205 omnibus
1096 1179 1184 1218 pro-

60 1224 241 1258 tectionis
267 1229 349 1259 tuoe
377 1224 612 1258 muniamur
641 1221 821 1259 auxillo.
866 1221 910 1259 ln
940 1220 1112 1271 Liturgia
1141 1221 1183 1259 S.

58 1271 120 1310 Jo.
147 1273 408 1326 Chrysostomi
435 1273 669 1312 sacrificium
698 1272 828 1312 offerri
862 1275 1004 1312 dicitur
1047 1277 1088 1310 in
1119 1272 1183 1311 720-

58 1337 227 1375 norem,
267 1326 318 1368 <9²
352 1331 595 1365 memoriam
628 1340 744 1376 super
785 1340 926 1365 omnes
968 1326 1184 1365 benetictae

57 1380 243 1432 gloriosae
259 1379 426 1432 Reginae
445 1390 594 1418 nostroe
609 1379 822 1430 Deip.zrae,
851 1381 901 1423 ὠ·
921 1394 1078 1428 semper
1097 1378 1135 1416 V
1133 1386 1184 1417 ir-

58 1436 165 1484 ginis
194 1431 370 1482 ΛΙιινὶσε,
399 1435 512 1482 cujus
540 1433 714 1483 precibus
743 1437 896 1483 suscipe
914 1434 1089 1471 Domine
1117 1446 1184 1471 sa-

59 1484 257 1538 crificium
285 1486 388 1524 istud
404 1512 415 1524 .
443 1482 496 1525 'ln
518 1487 689 1538 Litnrgia
707 1487 748 1525 S.
765 1488 895 1526 Basilii
917 1486 1052 1539 Magni
1079 1501 1183 1526 com-

61 1541 282 1578 memoratis
309 1539 459 1578 Sanctis
487 1539 660 1578 additur:
696 1540 871 1591 Quorum
900 1540 1103 1590 precibus,
1132 1542 1182 1582 <J

58 1588 402 1631 intercessionibus
430 1601 610 1630 nostrum
640 1598 829 1631 miserere
846 1620 856 1631 .
886 1594 934 1632 Et
952 1594 1183 1632 facillimum

56 1654 152 1684 esset
179 1646 293 1697 plura
318 1644 458 1684 addere
473 1658 533 1684 »ex
560 1645 738 1684 omnibus
767 1647 847 1684 fere
875 1648 1043 1698 antiquis
1058 1647 1185 1685 Litur-

53 1699 128 1750 giis
156 1699 222 1749 (a)
238 1724 252 1738 ο

113 1751 205 1797 546.
235 1750 387 1792 inficias
415 1758 543 1791 tamen
572 1764 646 1791 non
667 1764 737 1802 e0,
765 1748 974 1806 aliquando
989 1751 1102 1790 etiam
1120 1765 1189 1805 pro

57 1805 209 1845 Sanctis
239 1805 352 1844 fuisse
379 1808 421 1845 in
449 1806 682 1859 quibusdam
702 1807 885 1858 Liturgiis
913 1816 1088 1850 oratum;
1119 1818 1186 1843 cu·

57 1858 119 1911 jus
149 1859 204 1897 rei
244 1859 520 1898 documentum
561 1862 776 1912 suppeditat
805 1856 929 1899 Missa
971 1859 1011 1898 S.
1048 1857 1186 1898 Leonis

57 1911 222 1964 Magni,
254 1913 292 1950 iu
321 1926 398 1964 qua
429 1913 513 1952 haec
541 1913 636 1951 olim
666 1913 907 1966 legebantur:
940 1913 1084 1951 Annae
1114 1926 1185 1949 no-

55 1962 140 2014 bis,
172 1964 374 2015 Domine,
404 1973 446 2003 ut
473 1969 630 2004 animae
647 1966 807 2019 famuli
835 1970 894 2005 tui
922 1964 1070 2004 Leonis
1101 1964 1185 2003 lzcec

55 2022 178 2070 prosit
197 2017 342 2058 oblatio
357 2020 444 2061 &cn
473 2020 522 2058 Et
550 2031 790 2073 quamquam
818 2030 945 2073 postea
975 2022 1014 2058 in
1044 2015 1186 2058 Missa-

54 2072 160 2112 libus
189 2073 330 2112 recusis
360 2072 444 2113 haec
472 2083 640 2113 correcta
661 2074 775 2113 fuerit
788 2075 940 2120 oratio,
970 2082 1186 2111 nontamen

56 2134 227 2166 correcta
256 2126 328 2165 fuit
356 2126 551 2174 Secreta,
595 2128 662 2166 ubi
691 2128 857 2165 dicitur:
905 2125 956 2164 Ut
995 2138 1065 2176 per
1101 2123 1187 2163 ἧστο

57 2183 136 2231 pice
163 2180 403 2231 placationis
431 2178 567 2226 officia
594 2180 644 2220 ἔγ
674 2179 785 2218 illum
826 2179 948 2218 beata
990 2177 1190 2218 retributio

59 2236 297 2281 comitetur,
323 2232 373 2273 <9⁶
402 2228 512 2270 nobis
539 2237 687 2285 gratioe
715 2242 795 2271 tuae
823 2233 931 2271 clona
952 2233 1132 2271 conciliet
1149 2257 1160 2272 .

117 2286 209 2337 547.
239 2285 427 2324 Observat
464 2299 553 2323 vero
591 2288 912 2326 eminentissimus
939 2285 1052 2325 Card.
1083 2286 1188 2326 Bona

60 2339 151 2380 Lib.
184 2339 232 2377 ll.
262 2338 411 2377 Rerum
453 2339 730 2390 liturgicarum
759 2354 846 2393 cap.
885 2339 945 2385 14.
976 2355 1016 2378 n.
1051 2340 1118 2389 4.,
1149 2340 1188 2379 id

61 2401 188 2431 ortum
220 2392 334 2431 fuisse
354 2406 398 2430 ex
419 2393 577 2445 antiqua
596 2392 777 2432 Ecclesiae
797 2393 1002 2446 disciplina
1024 2423 1035 2442 ,
1065 2407 1188 2446 quan-

60 2446 111 2485 do
137 2445 227 2484 solis
256 2445 497 2499 Martyribus
564 2444 712 2485 ublieus
731 2477 741 2495 ‚
784 2447 817 2484 8c
847 2447 1024 2486 solemnis
1065 2447 1191 2486 cultus

59 2499 217 2539 concedi
238 2500 404 2539 solebat:
434 2529 459 2548 „
478 2461 630 2552 Reliqui
660 2510 786 2539 autem
805 2531 815 2549 ,
846 2501 1055 2554 praesertim
1077 2500 1190 2552 Epis-

60 2583 89 2604 „
117 2553 227 2606 copi,
257 2554 326 2606 qui
356 2556 396 2593 in
418 2566 513 2606 pace
529 2552 714 2592 Ecclesiae
743 2555 857 2593 etiam
886 2569 976 2593 cum
1005 2555 1189 2606 opinione

60 2635 90 2656 „
117 2609 326 2646 sanctitatis
345 2607 602 2655 decedebant,
631 2608 748 2646 sacris
763 2608 1030 2647 defunctorum
1047 2606 1188 2647 tabulis

60 2689 88 2709 „
117 2660 299 2710 inscribi,
330 2673 542 2714 eorumque
572 2663 730 2700 nomina
760 2663 974 2714 promiscue
1004 2660 1076 2714 legi
1098 2674 1185 2700 con·

59 2743 91 2766 „
119 2723 344 2761 sueverant;
392 2715 444 2754 ita
474 2724 514 2753 ut
543 2713 695 2753 nullum
736 2716 942 2754 discrimen
971 2725 1061 2753 esset
1091 2717 1188 2754 inter

61 2796 89 2815 „
120 2765 232 2815 illos,
259 2770 326 2820 qui
360 2777 485 2820 postea
512 2767 644 2807 Sancti
674 2770 879 2821 noncupati
908 2778 995 2807 sunt
1013 2799 1024 2816 ,
1053 2768 1186 2821 quales

61 2849 89 2869 „
121 2819 272 2859 fuerunt
302 2821 502 2870 Hilarius,
542 2821 798 2871 Athanasius,
828 2822 899 2861 &c.
921 2849 962 2861 ...
983 2821 1084 2860 Cum
1114 2823 1184 2874 igi-

61 2902 88 2922 „
119 2881 180 2911 tur
208 2886 252 2912 eo
279 2882 447 2928 tempore
463 2885 714 2929 utrorumque
734 2889 804 2929 par
823 2889 939 2914 cansa
967 2886 1084 2925 esset,
1114 2887 1186 2915 nec

61 3033 182 3068 uilius
199 3054 209 3074 ,
232 3034 338 3079 vulgo
352 3035 479 3083 Petrus
491 3037 634 3082 Martyr
648 3058 659 3078 ,
675 3036 760 3071 (lum
779 3036 815 3071 P.
832 3038 890 3071 ΙΙΙ.
917 3037 1081 3072 Locorum
1101 3050 1190 3071 com·-

62 3084 206 3114 munium
231 3092 305 3126 cap.
321 3093 355 3124 9.
383 3085 415 3125 ς.
434 3083 488 3116 52.
515 3083 570 3116 De
597 3083 754 3118 Patribus
770 3106 782 3125 ‚
809 3085 948 3128 inquit,
973 3086 1054 3129 qnid
1073 3097 1189 3117 sense—

67 3130 139 3176 ζίηι
163 3127 229 3161 hac
254 3129 297 3161 de
325 3141 382 3168 re,
409 3142 473 3161 non
492 3130 599 3162 haheo
618 3132 699 3174 qnid
716 3132 814 3164 alind
833 3130 979 3173 referam
994 3153 1004 3171 ‚
1030 3134 1100 3163 nisi
1121 3144 1190 3163 triu-

60 3177 172 3216 Jorem
197 3176 333 3208 illorum
357 3184 486 3218 partem
512 3180 545 3208 in
573 3189 645 3209 eam
671 3181 874 3218 sententiam
893 3189 969 3209 esse
988 3190 1191 3220 propensos,

66 3225 102 3250 nt
126 3216 360 3264 Purgatorium
385 3225 596 3256 concedunt.
625 3223 700 3255 Sed
722 3225 814 3265 apud
840 3225 965 3256 nullum
991 3237 1101 3256 eorum
1125 3236 1191 3255 tne-

65 3267 152 3297 mint'
177 3278 226 3299 me
251 3270 385 3312 legisse
404 3289 415 3308 ,
441 3273 621 3303 articulum
647 3282 724 3302 esse
741 3268 837 3313 fidei
853 3291 862 3308 ,
889 3277 924 3302 ut
951 3272 1006 3313 qni
1032 3281 1128 3302 secus
1154 3282 1191 3302 o-

67 3314 207 3354 pinatus
223 3312 364 3356 fuerit,
389 3319 531 3350 salutem
557 3317 680 3350 habere
706 3329 768 3348 ηυη
793 3320 925 3359 possit.

111 3357 300 3398 (⁴1)Nicot.
326 3362 507 3397 Cabasilas
546 3364 579 3396 in
618 3364 834 3408 expositione
867 3362 1033 3406 Limrgiae
1069 3371 1190 3407 graecae

2248 152 2327 196 ¹27

1260 236 1289 259 „
1318 206 1400 247 ulla
1415 209 1599 248 Ecclesiae
1630 211 1884 252 declaratione
1912 222 2115 264 constaret,
2144 229 2382 270 quemquam

1262 293 1288 313 ,‚
1317 276 1362 301 ex
1392 262 1471 302 illis
1490 262 1564 300 Dei
1594 266 1739 303 visione
1771 268 1845 304 frui
1863 298 1874 315 ,
1904 267 1937 304 8(
1958 280 2228 322 consequenter
2249 273 2381 310 vivene-

1263 345 1290 365 „
1318 319 1415 355 tium
1444 328 1515 355 non
1546 316 1715 368 indigere
1742 319 1951 372 suffragiis,
1985 337 2053 373 pro
2075 324 2253 362 omnibus
2282 325 2380 362 indi·

1262 399 1288 417 „
1318 369 1567 407 scriminatim
1600 384 1727 421 preces
1745 400 1755 418 ,
1785 371 1819 408 8t
1838 374 2028 412 sacrificia
2055 376 2309 416 otl'erebantur
2329 379 2351 394 ''
2369 403 2382 416 .

1263 423 1433 461 Fortasse
1462 422 1533 461 illa
1562 435 1630 475 pro
1657 423 1699 461 S.
1721 424 1845 461 Leone
1864 427 1984 463 oratio
2013 439 2055 464 eo
2085 437 2252 481 tempore
2281 431 2381 470 sacta

1262 476 1335 513 fuit
1352 507 1363 525 ‚
1393 489 1469 528 quo
1497 489 1627 514 recens
1654 475 1825 527 ejusdem
1845 478 2026 529 depositio
2044 482 2276 521 recolebatur
2294 514 2304 532 ,
2333 497 2380 522 ac

1261 538 1386 580 postca
1417 531 1455 568 in
1486 529 1658 580 ejusdem
1688 528 1808 568 Missa
1845 541 2014 580 retenta,
2056 536 2208 584 quando
2235 536 2382 577 Sanctis

1260 585 1374 620 etiam
1390 582 1675 622 Confessoribus
1693 582 1874 635 Liturgiae
1890 583 2040 622 tributae
2060 588 2230 627 suerunt.
2247 590 2380 636 Quan-

1260 649 1378 686 quam
1410 637 1536 675 lnuoc.
1571 634 1637 673 llt.
1668 637 1706 674 in
1736 650 1823 688 cap.
1856 634 1957 675 Cum
1986 636 2168 678 lWarthae
2197 639 2244 678 <le
2280 642 2381 680 cele-

1260 686 1360 726 brat.
1393 689 1617 726 filimarum
1648 688 1756 728 illam
1784 689 1976 730 Secretam
2003 691 2045 730 S.
2066 693 2206 732 Leonis
2233 695 2288 732 sic
2316 708 2379 733 ex-

1261 741 1405 793 plicat,
1435 752 1474 778 ut
1503 741 1649 780 oblatio
1676 743 1729 779 illi
1757 749 1877 792 prosit
1907 745 1954 783 ad
1985 744 2189 785 honorem:
2228 755 2267 784 ut
2298 760 2379 785 ma-

1256 797 1312 845 gis
1332 810 1353 832 a
1376 795 1553 833 fidelibus
1572 796 1821 847 glorificetur.
1839 794 1929 837 Vid.
1945 813 2033 852 quae
2054 800 2253 839 dictasunt
2269 799 2385 840 Tom.

1258 849 1307 886 ll.
1338 848 1496 886 Dissert.
1527 849 1592 887 111.
1624 864 1664 887 n.
1687 862 1777 901 299.
1808 864 1886 904 seq.

1313 899 1404 946 545.
1437 901 1575 940 Dices.
1624 903 1667 940 ln
1699 903 1879 955 Liturgiis
1907 903 2095 944 Ecclesiae
2132 907 2385 946 inveniuntur

1258 968 1389 1007 preces
1417 956 1531 993 etiam
1563 967 1631 1007 pro
1659 956 1874 1007 damnatis,
1905 959 2047 1010 quibus
2077 968 2205 999 tamen
2232 969 2382 1000 certum

1258 1018 1336 1055 est,
1379 1009 1527 1046 easdem
1558 1007 1653 1046 nihil
1685 1009 1886 1060 prodesse.
1929 1012 1994 1050 Sic
2024 1012 2198 1051 Ecclesia
2225 1022 2307 1051 orat
2336 1014 2379 1051 in

1256 1059 1376 1100 Missa
1395 1062 1544 1099 Deum:
1566 1092 1591 1110 ,‚
1614 1060 1664 1100 Ut
1680 1063 1814 1102 liberet
1831 1067 1978 1103 animas
1996 1068 2172 1105 omnium
2202 1064 2384 1106 fidelium

1255 1143 1281 1163 „
1311 1116 1577 1153 defunctorum
1607 1116 1653 1153 de
1682 1119 1808 1167 poenis
1835 1118 2001 1166 interni,
2045 1119 2079 1156 &
2109 1120 2155 1157 de
2184 1119 2379 1172 profundo

1253 1196 1279 1216 ,‚
1311 1167 1425 1214 lacu3
1456 1178 1494 1206 nt
1524 1169 1660 1206 liberet
1688 1183 1749 1207 eas
1769 1171 1815 1208 de
1833 1184 1898 1209 ore
1928 1171 2069 1221 leonis,
2100 1187 2147 1211 ne
2177 1173 2380 1212 absorbeat

1251 1248 1277 1269 „
1307 1236 1369 1260 eas
1399 1230 1586 1270 tartarus,
1618 1235 1665 1260 ne
1693 1222 1830 1262 cadant
1860 1226 1899 1262 in
1928 1224 2137 1264 obscurum
2167 1223 2239 1266 &c-
2267 1225 2382 1264 Prae-

1252 1303 1278 1322 ‚,
1308 1284 1421 1313 terea
1449 1273 1639 1313 Ecclesia
1667 1286 1758 1313 orat
1775 1306 1786 1325 ,
1816 1286 1857 1314 ut
1884 1277 2096 1317 liberentur
2125 1280 2169 1318 de
2190 1288 2311 1318 morte
2328 1292 2381 1317 ae-

1253 1357 1280 1376 ,‚
1309 1338 1415 1366 terna
1445 1330 1484 1366 in
1516 1327 1662 1366 dieilla
1678 1331 1872 1368 tremenda
1893 1361 1904 1379 ,
1934 1333 2089 1384 quando
2110 1332 2200 1371 coeli
2224 1345 2382 1372 moven-

1254 1410 1280 1429 ‚,
1310 1383 1348 1420 di
1379 1392 1489 1430 sunt,
1519 1383 1553 1419 δε
1584 1392 1708 1430 terra,
1736 1382 1830 1421 dum
1861 1387 2005 1424 venerit
2035 1381 2284 1437 (Christus)
2315 1385 2380 1438 ju·

1253 1464 1279 1483 „
1308 1435 1437 1473 dicare
1465 1435 1654 1474 saeculum
1684 1450 1751 1487 per
1782 1438 1907 1488 ignem
1929 1439 1975 1476 ’':
2006 1453 2077 1477 non
2105 1453 2193 1491 ergo
2223 1437 2296 1478 &c-

1308 1488 1400 1539 549.
1431 1487 1544 1541 Resp.
1573 1487 1629 1526 αλ
1656 1494 1854 1539 primum,
1898 1494 2050 1533 nomine
2080 1492 2258 1543 inferni,
2287 1504 2377 1543 pro-

1236 1537 1364 1593 fundi
1392 1541 1505 1579 lacus
1533 1543 1621 1583 &a
1651 1555 1726 1581 non
1758 1545 1912 1596 proprie
1954 1545 2146 1598 designari
2184 1547 2384 1585 infernum

1252 1596 1379 1646 ipsum
1397 1625 1408 1642 ‚
1440 1596 1506 1634 ubi
1536 1594 1646 1633 nulla
1674 1604 1728 1634 est
1748 1597 1979 1649 redempti03
2008 1598 2071 1636 sed
2088 1596 2381 1651 Purgatorium‚

1254 1647 1368 1698 cujus
1396 1648 1501 1686 locus
1528 1648 1796 1687 subterraneus
1840 1664 1917 1688 esse
1958 1651 2154 1696 creditnr3
2199 1653 2233 1689 St
2271 1652 2385 1702 cujus

1254 1713 1384 1750 poenae
1414 1701 1614 1738 acerrimae
1636 1708 1748 1748 sunt,
1785 1715 2013 1754 quanquam
2041 1716 2132 1741 cum
2161 1705 2288 1756 poenis
2314 1705 2384 1743 da-

1255 1760 1475 1790 mnatorum
1505 1765 1578 1791 non
1607 1755 1876 1805 comparandae
1894 1781 1906 1793 .

1310 1804 1402 1844 550.
1434 1805 1492 1843 Ad
1519 1805 1738 1843 secunzlum
1755 1833 1766 1845 .
1809 1804 1983 1848 Ecclesia
2019 1816 2101 1848 orat
2129 1821 2200 1861 pro
2228 1809 2307 1849 suis
2336 1806 2383 1849 fi·

1253 1856 1433 1906 delibus,
1478 1866 1518 1896 ut
1548 1870 1624 1897 non
1654 1861 1898 1898 inveniantur
1926 1861 2042 1899 simul
2073 1877 2164 1901 cum
2208 1863 2385 1915 reprobis

1254 1912 1294 1950 in
1323 1911 1517 1950 tremenda
1545 1911 1608 1949 die
1636 1910 1772 1962 judicii
1791 1939 1801 1950 .
1849 1913 2085 1965 Quanquam
2128 1929 2218 1954 vero
2245 1916 2385 1955 defun*

1254 1974 1405 2003 ctornm
1434 1977 1512 2002 sors
1540 1966 1587 2002 sit
1606 1964 1688 2015 jam
1709 1965 1860 2014 decisa,
1890 1979 1957 2005 nec
1974 1967 2059 2005 fieri
2088 1970 2230 2020 possit,
2260 1971 2385 2022 utqui

1254 2017 1368 2055 modo
1399 2018 1439 2056 in
1469 2015 1688 2069 purgatorio
1716 2028 1800 2057 suut
1822 2047 1833 2067 ,
1870 2019 1912 2057 iu
1940 2020 2002 2057 die
2031 2019 2168 2072 judicii
2197 2035 2242 2061 ex
2273 2032 2382 2075 parte

1253 2071 1407 2109 sinistra
1436 2070 1554 2109 simul
1582 2084 1672 2109 cum
1703 2070 1876 2124 reprobis
1897 2073 2164 2123 inveniantur,
2194 2077 2314 2114 utitur
2329 2084 2385 2114 ta·

1257 2137 1346 2162 men
1376 2124 1513 2162 iisdem
1544 2125 1728 2177 precandi
1758 2125 1935 2165 formulis
1963 2140 2025 2166 eas
2045 2128 2242 2168 referendo
2269 2129 2383 2168 adil-

1256 2176 1324 2216 lud
1354 2179 1519 2226 instans,
1549 2190 1626 2230 quo
1645 2178 1785 2217 animae
1802 2194 1822 2218 e
1838 2192 1996 2232 corpore
2017 2180 2255 2233 migrarunt,
2283 2182 2388 2236 quod

1257 2232 1298 2270 iu
1327 2232 1556 2270 memoriam
1588 2240 1813 2280 revocatur,
1843 2234 1997 2286 quando
2027 2248 2156 2286 preces
2184 2235 2233 2274 ad
2255 2236 2386 2275 Deum

1255 2285 1500 2326 funduntur.
1542 2285 1608 2324 Sic
1637 2287 1752 2324 etiam
1782 2284 1957 2326 Ecclesia
1986 2295 2158 2339 tempore
2187 2290 2387 2329 Adventus

1252 2347 1358 2377 orat:
1400 2337 1549 2377 Rorate
1578 2338 1669 2377 caeli
1697 2339 1864 2391 desuper
1881 2371 1892 2389 ‚
1921 2342 1971 2382 <9
2000 2341 2120 2379 nubes
2148 2343 2289 2392 pluant
2315 2342 2385 2381 Ju-

1258 2401 1364 2431 stum
1381 2421 1391 2440 ,
1422 2396 1630 2442 aperiatur
1658 2401 1769 2432 terra
1785 2420 1797 2442 ,
1825 2394 2085 2447 &germinet
2107 2394 2386 2442 Salvatorem,·

1258 2459 1333 2485 non
1362 2455 1462 2484 certe
1491 2447 1601 2498 qnasi
1630 2445 1669 2485 id
1698 2449 1903 2500 quotannis
1929 2444 2016 2486 fieri
2045 2448 2207 2498 debeat,
2250 2450 2311 2488 sed
2342 2451 2386 2488 in
2438 2486 2447 2492 ,

1259 2500 1487 2538 memoriam
1519 2499 1626 2539 illius
1663 2500 1879 2540 felicissimi
1917 2503 2118 2553 temporis,
2155 2516 2231 2555 quo
2261 2503 2299 2541 id
2329 2503 2387 2542 fa—

1256 2562 1360 2591 ctum
1393 2561 1472 2590 est.
1516 2553 1620 2592 ldem
1652 2556 1767 2594 etiam
1798 2552 1884 2592 fieri
1913 2555 2107 2593 consuevit
2136 2557 2174 2593 in
2204 2553 2288 2594 aliis
2318 2555 2386 2594 Fi-

1255 2607 1316 2644 dei
1347 2615 1483 2644 nostrae
1515 2621 1550 2645 m
1585 2609 1707 2647 steriis
1728 2635 1739 2657 ,
1768 2606 1922 2660 quando
1942 2607 2106 2657 majores
2133 2608 2387 2647 solemnitates

1254 2669 1485 2698 recurrunt.
1521 2620 1682 2711 ltiempe
1709 2673 1816 2709 soepe
1845 2665 1904 2698 ita
1932 2661 2154 2710 loquimur,
2184 2665 2312 2715 inquit
2339 2663 2385 2701 S.

1255 2714 1485 2765 Augustinus
1527 2717 1636 2767 epist.
1658 2713 1807 2753 XXlll.
1836 2714 1884 2751 ad
1913 2714 2158 2752 Bonifacium
2176 2745 2188 2764 ,
2233 2725 2274 2753 ut
2304 2714 2384 2754 Pa-

1254 2766 1353 2805 seha
1381 2772 1669 2818 propinquante
1698 2766 1910 2815 dicamus,
1940 2770 2195 2817 crastinam,
2225 2769 2285 2808 vel
2311 2782 2379 2820 pe·

1255 2819 1472 2859 rentlirtam
1489 2820 1655 2858 Domini
1681 2824 1936 2870 passionem,
1965 2833 2057 2859 cum
2085 2822 2152 2861 ille
2180 2832 2277 2863 ante
2292 2832 2382 2862 tam

1256 2875 1398 2914 multos
1426 2885 1558 2913 annos
1586 2886 1728 2925 passus
1757 2877 1807 2912 sit
1836 2874 1923 2915 &a

2238 2926 2332 2970 551.

1259 3042 1335 3080 cap.
1355 3035 1411 3068 33.
1438 3033 1480 3068 de
1505 3033 1742 3069 oblationibus
1767 3045 1830 3079 pro
1855 3035 1993 3069 Sanctis
2019 3035 2066 3070 ita
2092 3035 2271 3082 loquitur:
2315 3035 2382 3070 Pro

1259 3085 1306 3113 ns
1332 3083 1434 3123 offert
1464 3081 1649 3121 (Ecclesia)
1674 3082 1912 3115 rationabilem
1936 3082 2024 3116 hunc
2051 3085 2200 3123 cultum,
2227 3093 2381 3127 tanquam

1260 3126 1337 3160 Deo
1363 3133 1547 3172 gratiarnm
1576 3132 1766 3168 actionem,
1805 3133 1846 3161 (9·
1882 3141 1947 3171 prae
1984 3134 2113 3163 ceteris
2147 3130 2297 3162 omnibns
2320 3143 2382 3172 pro

1263 3172 1369 3207 Beata
1397 3174 1465 3207 Dei
1492 3174 1608 3207 Matre
1624 3196 1634 3214 ,
1660 3183 1694 3206 nt
1719 3187 1784 3219 «χιιι
1809 3188 1937 3208 ornnem
1962 3181 2180 3210 sanctitatem
2205 3178 2352 3209 erceclat
2371 3197 2381 3206 .

1262 3219 1448 3264 Propterea
1476 3221 1566 3254 mlul
1591 3233 1650 3263 pro
1676 3226 1728 3254 eis
1754 3230 1830 3255 orat
1855 3221 2030 3255 Sacerdos
2050 3244 2060 3262 ,
2098 3226 2158 3256 sed
2182 3232 2293 3265 ponus
2321 3235 2380 3256 cos

1261 3276 1360 3307 orat,
1387 3277 1420 3300 ut
1446 3267 1486 3300 ab
1511 3271 1564 3300 eis
1590 3268 1800 3301 orationibus
1824 3269 2000 3314 adjuvetur
2016 3292 2024 3301 .
2050 3269 2139 3315 Quia
2159 3282 2222 3301 non
2239 3269 2283 3300 acl
2302 3281 2379 3311 sup-

1260 3315 1483 3356 plicationem
1498 3335 1508 3353 ,
1537 3316 1599 3350 sed
1622 3316 1668 3348 ad
1691 3319 1879 3359 gratiarum
1896 3320 2087 3356 actionem,
2113 3323 2147 3350 ut
2165 3316 2291 3348 dictam
2310 3322 2378 3356 est,

1251 3360 1348 3404 fucit
1371 3372 1433 3405 pro
1461 3363 1549 3405 ipsis
1574 3362 1735 3396 donorum
1759 3363 1964 3398 oblationem
1979 3385 1987 3393 .
