<?xml version="1.0" encoding="UTF-8"?>
<!DOCTYPE html PUBLIC "-//W3C//DTD XHTML 1.0 Transitional//EN"
    "http://www.w3.org/TR/xhtml1/DTD/xhtml1-transitional.dtd">
<html xmlns="http://www.w3.org/1999/xhtml" xml:lang="en" lang="en">
 <head>
  <title>
</title>
<meta http-equiv="Content-Type" content="text/html;charset=utf-8" />
  <meta name='ocr-system' content='tesseract 3.04.00' />
  <meta name='ocr-capabilities' content='ocr_page ocr_carea ocr_par ocr_line ocrx_word'/>
</head>
<body>
  <div class='ocr_page' id='page_1' title='image "./fratrispetrimari06gazzuoft/fratrispetrimari06gazzuoft_0374.png"; bbox 0 0 2562 3694; ppageno 0'>
   <div class='ocr_carea' id='block_1_1' title="bbox 243 155 326 194">
    <p class='ocr_par' dir='ltr' id='par_1_1' title="bbox 243 155 326 194">
     <span class='ocr_line' id='line_1_1' title="bbox 243 155 326 194; baseline 0 -1"><span class='ocrx_word' id='word_1_1' title='bbox 243 155 326 194; x_wconf 80' lang='lat'>106</span> 
     </span>
    </p>
   </div>
   <div class='ocr_carea' id='block_1_2' title="bbox 152 222 1289 3302">
    <p class='ocr_par' dir='ltr' id='par_1_2' title="bbox 168 222 1289 322">
     <span class='ocr_line' id='line_1_2' title="bbox 170 222 1289 279; baseline -0.004 -13"><span class='ocrx_word' id='word_1_2' title='bbox 170 230 220 269; x_wconf 82' lang='lat' dir='ltr'>ab</span> <span class='ocrx_word' id='word_1_3' title='bbox 250 228 340 279; x_wconf 84' lang='lat' dir='ltr'>ipsis</span> <span class='ocrx_word' id='word_1_4' title='bbox 368 224 663 274; x_wconf 85' lang='lat' dir='ltr'>liberabuntur,</span> <span class='ocrx_word' id='word_1_5' title='bbox 691 232 733 262; x_wconf 85' lang='lat' dir='ltr'>ut</span> <span class='ocrx_word' id='word_1_6' title='bbox 760 224 802 262; x_wconf 86' lang='lat' dir='ltr'>in</span> <span class='ocrx_word' id='word_1_7' title='bbox 822 224 875 262; x_wconf 87' lang='lat' dir='ltr'>eis</span> <span class='ocrx_word' id='word_1_8' title='bbox 893 222 1093 264; x_wconf 81' lang='lat' dir='ltr'>subsistere</span> <span class='ocrx_word' id='word_1_9' title='bbox 1119 238 1196 263; x_wconf 87' lang='lat' dir='ltr'>non</span> <span class='ocrx_word' id='word_1_10' title='bbox 1223 226 1289 263; x_wconf 83' lang='lat' dir='ltr'>de-</span> 
     </span>
     <span class='ocr_line' id='line_1_3' title="bbox 168 284 306 322; baseline -0.007 -3"><span class='ocrx_word' id='word_1_11' title='bbox 168 284 306 322; x_wconf 81' lang='lat' dir='ltr'>beaut-</span> 
     </span>
    </p>

    <p class='ocr_par' dir='ltr' id='par_1_3' title="bbox 152 330 1287 711">
     <span class='ocr_line' id='line_1_4' title="bbox 229 330 1286 384; baseline -0.004 -13"><span class='ocrx_word' id='word_1_12' title='bbox 229 334 326 372; x_wconf 69' lang='lat'>183„</span> <span class='ocrx_word' id='word_1_13' title='bbox 346 332 461 384; x_wconf 80' lang='lat' dir='ltr'>Resp.</span> <span class='ocrx_word' id='word_1_14' title='bbox 489 330 611 370; x_wconf 87' lang='lat' dir='ltr'>alium</span> <span class='ocrx_word' id='word_1_15' title='bbox 641 344 718 370; x_wconf 88' lang='lat' dir='ltr'>esse</span> <span class='ocrx_word' id='word_1_16' title='bbox 747 344 880 370; x_wconf 87' lang='lat' dir='ltr'>eorum</span> <span class='ocrx_word' id='word_1_17' title='bbox 900 331 1103 370; x_wconf 86' lang='lat' dir='ltr'>verborum</span> <span class='ocrx_word' id='word_1_18' title='bbox 1124 343 1286 377; x_wconf 83' lang='lat' dir='ltr'>sensum,</span> 
     </span>
     <span class='ocr_line' id='line_1_5' title="bbox 168 382 1287 441; baseline -0.004 -17"><span class='ocrx_word' id='word_1_19' title='bbox 168 401 284 441; x_wconf 88' lang='lat' dir='ltr'>quem</span> <span class='ocrx_word' id='word_1_20' title='bbox 312 386 425 424; x_wconf 83' lang='lat' dir='ltr'>nobis</span> <span class='ocrx_word' id='word_1_21' title='bbox 452 384 608 423; x_wconf 84' lang='lat' dir='ltr'>exhibet</span> <span class='ocrx_word' id='word_1_22' title='bbox 628 385 669 424; x_wconf 90' lang='lat' dir='ltr'>S.</span> <span class='ocrx_word' id='word_1_23' title='bbox 689 385 946 438; x_wconf 81' lang='lat' dir='ltr'>Hieronymus</span> <span class='ocrx_word' id='word_1_24' title='bbox 975 384 1181 422; x_wconf 69' lang='lat' dir='ltr'>haebraicae</span> <span class='ocrx_word' id='word_1_25' title='bbox 1211 382 1287 420; x_wconf 88' lang='lat' dir='ltr'>lin-</span> 
     </span>
     <span class='ocr_line' id='line_1_6' title="bbox 167 438 1287 493; baseline -0.004 -15"><span class='ocrx_word' id='word_1_26' title='bbox 167 455 253 493; x_wconf 86' lang='lat' dir='ltr'>guae</span> <span class='ocrx_word' id='word_1_27' title='bbox 282 438 605 487; x_wconf 79' lang='lat' dir='ltr'><strong>callentissimus,</strong></span> <span class='ocrx_word' id='word_1_28' title='bbox 645 452 784 492; x_wconf 85' lang='lat' dir='ltr'>nempe</span> <span class='ocrx_word' id='word_1_29' title='bbox 813 440 952 490; x_wconf 89' lang='lat' dir='ltr'>impios</span> <span class='ocrx_word' id='word_1_30' title='bbox 983 449 1179 486; x_wconf 84' lang='lat' dir='ltr'>nunquam</span> <span class='ocrx_word' id='word_1_31' title='bbox 1209 449 1287 473; x_wconf 88' lang='lat' dir='ltr'>esse</span> 
     </span>
     <span class='ocr_line' id='line_1_7' title="bbox 166 487 1286 544; baseline -0.008 -10"><span class='ocrx_word' id='word_1_32' title='bbox 166 509 190 535; x_wconf 80' lang='lat' dir='ltr'>a</span> <span class='ocrx_word' id='word_1_33' title='bbox 218 494 381 532; x_wconf 85' lang='lat' dir='ltr'>miseriis</span> <span class='ocrx_word' id='word_1_34' title='bbox 411 492 647 538; x_wconf 78' lang='lat' dir='ltr'>liberaud0s3</span> <span class='ocrx_word' id='word_1_35' title='bbox 677 493 729 530; x_wconf 87' lang='lat' dir='ltr'>ita</span> <span class='ocrx_word' id='word_1_36' title='bbox 759 493 863 529; x_wconf 88' lang='lat' dir='ltr'>enim</span> <span class='ocrx_word' id='word_1_37' title='bbox 884 491 1014 529; x_wconf 86' lang='lat' dir='ltr'>vertit:</span> <span class='ocrx_word' id='word_1_38' title='bbox 1049 487 1204 544; x_wconf 44' lang='lat' dir='ltr'>(ludent</span> <span class='ocrx_word' id='word_1_39' title='bbox 1222 501 1286 526; x_wconf 82' lang='lat' dir='ltr'>su-</span> 
     </span>
     <span class='ocr_line' id='line_1_8' title="bbox 165 543 1284 599; baseline -0.007 -13"><span class='ocrx_word' id='word_1_40' title='bbox 165 561 234 599; x_wconf 85' lang='lat' dir='ltr'>per</span> <span class='ocrx_word' id='word_1_41' title='bbox 260 561 330 586; x_wconf 81' lang='lat' dir='ltr'>eos</span> <span class='ocrx_word' id='word_1_42' title='bbox 356 546 550 585; x_wconf 81' lang='lat' dir='ltr'>carbones</span> <span class='ocrx_word' id='word_1_43' title='bbox 567 549 669 597; x_wconf 76' lang='lat' dir='ltr'>ignis</span> <span class='ocrx_word' id='word_1_44' title='bbox 685 575 695 593; x_wconf 90' lang='lat'>,</span> <span class='ocrx_word' id='word_1_45' title='bbox 725 545 884 596; x_wconf 76' lang='lat' dir='ltr'>dejicies</span> <span class='ocrx_word' id='word_1_46' title='bbox 904 555 970 579; x_wconf 81' lang='lat' dir='ltr'>eos</span> <span class='ocrx_word' id='word_1_47' title='bbox 991 543 1187 591; x_wconf 65' lang='lat' dir='ltr'>inserens</span> <span class='ocrx_word' id='word_1_48' title='bbox 1203 570 1214 589; x_wconf 95' lang='lat'>,</span> <span class='ocrx_word' id='word_1_49' title='bbox 1244 551 1284 579; x_wconf 74' lang='lat' dir='ltr'>uc</span> 
     </span>
     <span class='ocr_line' id='line_1_9' title="bbox 165 593 1284 652; baseline -0.007 -12"><span class='ocrx_word' id='word_1_50' title='bbox 165 615 247 640; x_wconf 85' lang='lat' dir='ltr'>non</span> <span class='ocrx_word' id='word_1_51' title='bbox 274 609 545 652; x_wconf 76' lang='lat' dir='ltr'>consurgunt.</span> <span class='ocrx_word' id='word_1_52' title='bbox 572 601 662 637; x_wconf 84' lang='lat' dir='ltr'>Car.</span> <span class='ocrx_word' id='word_1_53' title='bbox 691 606 817 635; x_wconf 82' lang='lat' dir='ltr'>autem</span> <span class='ocrx_word' id='word_1_54' title='bbox 847 594 1066 644; x_wconf 85' lang='lat' dir='ltr'>Houbigaut</span> <span class='ocrx_word' id='word_1_55' title='bbox 1095 593 1207 645; x_wconf 83' lang='lat' dir='ltr'>legit:</span> <span class='ocrx_word' id='word_1_56' title='bbox 1236 593 1284 632; x_wconf 87' lang='grc' dir='ltr'>Ιη</span> 
     </span>
     <span class='ocr_line' id='line_1_10' title="bbox 152 648 1202 711; baseline -0.008 -17"><span class='ocrx_word' id='word_1_57' title='bbox 152 654 325 711; x_wconf 66' lang='lat' dir='ltr'>foveam</span> <span class='ocrx_word' id='word_1_58' title='bbox 354 653 514 703; x_wconf 74' lang='lat' dir='ltr'>dejicies</span> <span class='ocrx_word' id='word_1_59' title='bbox 542 665 628 700; x_wconf 82' lang='lat' dir='ltr'>eos,</span> <span class='ocrx_word' id='word_1_60' title='bbox 657 662 731 687; x_wconf 83' lang='lat' dir='ltr'>nec</span> <span class='ocrx_word' id='word_1_61' title='bbox 760 648 930 697; x_wconf 70' lang='lat' dir='ltr'>amplius</span> <span class='ocrx_word' id='word_1_62' title='bbox 957 650 1202 695; x_wconf 71' lang='lat' dir='ltr'>consistent.</span> 
     </span>
    </p>

    <p class='ocr_par' dir='ltr' id='par_1_4' title="bbox 152 699 1283 965">
     <span class='ocr_line' id='line_1_11' title="bbox 227 699 1283 757; baseline -0.005 -11"><span class='ocrx_word' id='word_1_63' title='bbox 227 708 314 755; x_wconf 71' lang='lat'>184.</span> <span class='ocrx_word' id='word_1_64' title='bbox 344 703 433 746; x_wconf 79' lang='lat' dir='ltr'>Inst.</span> <span class='ocrx_word' id='word_1_65' title='bbox 461 710 610 757; x_wconf 83' lang='lat' dir='ltr'>primo.</span> <span class='ocrx_word' id='word_1_66' title='bbox 658 701 754 740; x_wconf 85' lang='lat' dir='ltr'>Aliis</span> <span class='ocrx_word' id='word_1_67' title='bbox 784 702 823 738; x_wconf 92' lang='lat' dir='ltr'>in</span> <span class='ocrx_word' id='word_1_68' title='bbox 863 699 955 737; x_wconf 91' lang='lat' dir='ltr'>locis</span> <span class='ocrx_word' id='word_1_69' title='bbox 989 701 1116 751; x_wconf 78' lang='lat' dir='ltr'>regius</span> <span class='ocrx_word' id='word_1_70' title='bbox 1144 699 1283 741; x_wconf 81' lang='lat' dir='ltr'>Psaltes</span> 
     </span>
     <span class='ocr_line' id='line_1_12' title="bbox 163 753 1282 801; baseline -0.007 0"><span class='ocrx_word' id='word_1_71' title='bbox 163 764 336 801; x_wconf 81' lang='lat' dir='ltr'>futuram</span> <span class='ocrx_word' id='word_1_72' title='bbox 363 761 414 798; x_wconf 88' lang='lat' dir='ltr'>ab</span> <span class='ocrx_word' id='word_1_73' title='bbox 442 759 591 796; x_wconf 88' lang='lat' dir='ltr'>inferno</span> <span class='ocrx_word' id='word_1_74' title='bbox 619 754 884 792; x_wconf 80' lang='lat' dir='ltr'>liberationem</span> <span class='ocrx_word' id='word_1_75' title='bbox 913 753 1114 792; x_wconf 81' lang='lat' dir='ltr'>manifeste</span> <span class='ocrx_word' id='word_1_76' title='bbox 1134 755 1282 793; x_wconf 81' lang='lat' dir='ltr'>innuit:</span> 
     </span>
     <span class='ocr_line' id='line_1_13' title="bbox 163 809 1282 857; baseline -0.008 -3"><span class='ocrx_word' id='word_1_77' title='bbox 163 816 224 854; x_wconf 80' lang='lat' dir='ltr'>Ps.</span> <span class='ocrx_word' id='word_1_78' title='bbox 241 815 332 853; x_wconf 90' lang='lat' dir='ltr'>XV.</span> <span class='ocrx_word' id='word_1_79' title='bbox 370 811 463 850; x_wconf 85' lang='lat' dir='ltr'>Non</span> <span class='ocrx_word' id='word_1_80' title='bbox 490 809 737 857; x_wconf 78' lang='lat' dir='ltr'>derelinques</span> <span class='ocrx_word' id='word_1_81' title='bbox 763 809 955 844; x_wconf 80' lang='lat' dir='ltr'>animam</span> <span class='ocrx_word' id='word_1_82' title='bbox 985 820 1124 844; x_wconf 79' lang='lat' dir='ltr'>meam</span> <span class='ocrx_word' id='word_1_83' title='bbox 1153 811 1194 845; x_wconf 87' lang='lat' dir='ltr'>in</span> <span class='ocrx_word' id='word_1_84' title='bbox 1223 812 1282 845; x_wconf 83' lang='lat' dir='ltr'>in-</span> 
     </span>
     <span class='ocr_line' id='line_1_14' title="bbox 162 858 1283 920; baseline -0.005 -14"><span class='ocrx_word' id='word_1_85' title='bbox 162 868 310 920; x_wconf 76' lang='lat' dir='ltr'>ferno‚·</span> <span class='ocrx_word' id='word_1_86' title='bbox 337 865 372 902; x_wconf 74' lang='grc' dir='ltr'>δε</span> <span class='ocrx_word' id='word_1_87' title='bbox 393 864 452 902; x_wconf 89' lang='lat' dir='ltr'>Ps.</span> <span class='ocrx_word' id='word_1_88' title='bbox 473 861 655 900; x_wconf 88' lang='lat' dir='ltr'>XLVIII.</span> <span class='ocrx_word' id='word_1_89' title='bbox 687 858 963 898; x_wconf 73' lang='lat' dir='ltr'>Veruntamen</span> <span class='ocrx_word' id='word_1_90' title='bbox 982 859 1094 899; x_wconf 86' lang='lat' dir='ltr'>Deus</span> <span class='ocrx_word' id='word_1_91' title='bbox 1114 860 1283 900; x_wconf 74' lang='lat' dir='ltr'>redimet</span> 
     </span>
     <span class='ocr_line' id='line_1_15' title="bbox 152 912 927 965; baseline -0.012 -4"><span class='ocrx_word' id='word_1_92' title='bbox 152 912 351 961; x_wconf 59' lang='lat' dir='ltr'>‘animum</span> <span class='ocrx_word' id='word_1_93' title='bbox 380 928 516 954; x_wconf 80' lang='lat' dir='ltr'>meam</span> <span class='ocrx_word' id='word_1_94' title='bbox 546 913 595 952; x_wconf 79' lang='lat' dir='ltr'>de</span> <span class='ocrx_word' id='word_1_95' title='bbox 624 927 751 951; x_wconf 82' lang='lat' dir='ltr'>manu</span> <span class='ocrx_word' id='word_1_96' title='bbox 779 912 927 965; x_wconf 83' lang='lat' dir='ltr'>inferi.</span> 
     </span>
    </p>

    <p class='ocr_par' dir='ltr' id='par_1_5' title="bbox 156 966 1281 1387">
     <span class='ocr_line' id='line_1_16' title="bbox 221 966 1281 1022; baseline -0.004 -10"><span class='ocrx_word' id='word_1_97' title='bbox 221 974 307 1012; x_wconf 86' lang='lat'>185.</span> <span class='ocrx_word' id='word_1_98' title='bbox 338 970 478 1022; x_wconf 84' lang='lat' dir='ltr'>Resp.,</span> <span class='ocrx_word' id='word_1_99' title='bbox 519 969 690 1020; x_wconf 87' lang='lat' dir='ltr'>priorem</span> <span class='ocrx_word' id='word_1_100' title='bbox 723 966 853 1006; x_wconf 89' lang='lat' dir='ltr'>locum</span> <span class='ocrx_word' id='word_1_101' title='bbox 895 968 1012 1005; x_wconf 78' lang='lat' dir='ltr'>fuisse</span> <span class='ocrx_word' id='word_1_102' title='bbox 1053 983 1076 1006; x_wconf 85' lang='lat' dir='ltr'>a</span> <span class='ocrx_word' id='word_1_103' title='bbox 1102 968 1145 1008; x_wconf 83' lang='lat' dir='ltr'>S.</span> <span class='ocrx_word' id='word_1_104' title='bbox 1174 968 1281 1008; x_wconf 83' lang='lat' dir='ltr'>Petro</span> 
     </span>
     <span class='ocr_line' id='line_1_17' title="bbox 162 1020 1281 1075; baseline -0.004 -8"><span class='ocrx_word' id='word_1_105' title='bbox 162 1027 309 1067; x_wconf 84' lang='lat' dir='ltr'>Act.11.</span> <span class='ocrx_word' id='word_1_106' title='bbox 331 1024 395 1064; x_wconf 78' lang='grc'>51.</span> <span class='ocrx_word' id='word_1_107' title='bbox 426 1022 637 1075; x_wconf 86' lang='lat' dir='ltr'>expositum</span> <span class='ocrx_word' id='word_1_108' title='bbox 667 1021 713 1059; x_wconf 88' lang='lat' dir='ltr'>de</span> <span class='ocrx_word' id='word_1_109' title='bbox 739 1020 881 1059; x_wconf 79' lang='lat' dir='ltr'>Christi</span> <span class='ocrx_word' id='word_1_110' title='bbox 908 1021 1211 1072; x_wconf 76' lang='lat' dir='ltr'>resurrectione,</span> <span class='ocrx_word' id='word_1_111' title='bbox 1240 1033 1281 1062; x_wconf 90' lang='lat' dir='ltr'>ut</span> 
     </span>
     <span class='ocr_line' id='line_1_18' title="bbox 159 1074 1279 1130; baseline -0.003 -12"><span class='ocrx_word' id='word_1_112' title='bbox 159 1082 303 1118; x_wconf 87' lang='lat' dir='ltr'>mirum</span> <span class='ocrx_word' id='word_1_113' title='bbox 332 1077 492 1130; x_wconf 83' lang='lat' dir='ltr'>proinde</span> <span class='ocrx_word' id='word_1_114' title='bbox 518 1076 595 1124; x_wconf 85' lang='lat' dir='ltr'>sit,</span> <span class='ocrx_word' id='word_1_115' title='bbox 637 1089 659 1112; x_wconf 90' lang='lat' dir='ltr'>a</span> <span class='ocrx_word' id='word_1_116' title='bbox 688 1074 904 1114; x_wconf 88' lang='lat' dir='ltr'>Socinianis</span> <span class='ocrx_word' id='word_1_117' title='bbox 932 1074 1031 1113; x_wconf 86' lang='lat' dir='ltr'>trahi</span> <span class='ocrx_word' id='word_1_118' title='bbox 1059 1076 1108 1113; x_wconf 88' lang='lat' dir='ltr'>ad</span> <span class='ocrx_word' id='word_1_119' title='bbox 1136 1075 1279 1115; x_wconf 83' lang='lat' dir='ltr'>libera·</span> 
     </span>
     <span class='ocr_line' id='line_1_19' title="bbox 158 1126 1280 1173; baseline -0.003 -1"><span class='ocrx_word' id='word_1_120' title='bbox 158 1133 300 1173; x_wconf 85' lang='lat' dir='ltr'>tionem</span> <span class='ocrx_word' id='word_1_121' title='bbox 326 1132 624 1169; x_wconf 83' lang='lat' dir='ltr'>damnatorum.</span> <span class='ocrx_word' id='word_1_122' title='bbox 654 1126 742 1167; x_wconf 79' lang='lat' dir='ltr'>Alio</span> <span class='ocrx_word' id='word_1_123' title='bbox 771 1140 862 1167; x_wconf 86' lang='lat' dir='ltr'>vero</span> <span class='ocrx_word' id='word_1_124' title='bbox 890 1128 930 1166; x_wconf 89' lang='lat' dir='ltr'>in</span> <span class='ocrx_word' id='word_1_125' title='bbox 959 1127 1042 1167; x_wconf 90' lang='lat' dir='ltr'>loco</span> <span class='ocrx_word' id='word_1_126' title='bbox 1062 1128 1189 1168; x_wconf 86' lang='lat' dir='ltr'>David</span> <span class='ocrx_word' id='word_1_127' title='bbox 1217 1144 1280 1169; x_wconf 80' lang='lat' dir='ltr'>ex-</span> 
     </span>
     <span class='ocr_line' id='line_1_20' title="bbox 158 1182 1280 1239; baseline -0.002 -14"><span class='ocrx_word' id='word_1_128' title='bbox 158 1186 292 1239; x_wconf 86' lang='lat' dir='ltr'>primit</span> <span class='ocrx_word' id='word_1_129' title='bbox 319 1197 428 1223; x_wconf 87' lang='lat' dir='ltr'>suam</span> <span class='ocrx_word' id='word_1_130' title='bbox 457 1183 614 1221; x_wconf 88' lang='lat' dir='ltr'>firmam</span> <span class='ocrx_word' id='word_1_131' title='bbox 641 1195 748 1234; x_wconf 87' lang='lat' dir='ltr'>spem</span> <span class='ocrx_word' id='word_1_132' title='bbox 768 1212 778 1230; x_wconf 91' lang='lat'>,</span> <span class='ocrx_word' id='word_1_133' title='bbox 820 1194 858 1219; x_wconf 85' lang='lat' dir='ltr'>se</span> <span class='ocrx_word' id='word_1_134' title='bbox 887 1195 966 1219; x_wconf 87' lang='lat' dir='ltr'>esse</span> <span class='ocrx_word' id='word_1_135' title='bbox 993 1196 1016 1220; x_wconf 87' lang='lat' dir='ltr'>a</span> <span class='ocrx_word' id='word_1_136' title='bbox 1043 1182 1179 1221; x_wconf 83' lang='lat' dir='ltr'>divina</span> <span class='ocrx_word' id='word_1_137' title='bbox 1207 1186 1280 1223; x_wconf 87' lang='lat' dir='ltr'>mi-</span> 
     </span>
     <span class='ocr_line' id='line_1_21' title="bbox 160 1236 1280 1285; baseline -0.003 -6"><span class='ocrx_word' id='word_1_138' title='bbox 160 1239 366 1280; x_wconf 78' lang='lat' dir='ltr'>sericordia</span> <span class='ocrx_word' id='word_1_139' title='bbox 393 1236 640 1275; x_wconf 84' lang='lat' dir='ltr'>liberandum</span> <span class='ocrx_word' id='word_1_140' title='bbox 657 1265 668 1285; x_wconf 91' lang='lat'>,</span> <span class='ocrx_word' id='word_1_141' title='bbox 698 1244 738 1273; x_wconf 89' lang='lat' dir='ltr'>ut</span> <span class='ocrx_word' id='word_1_142' title='bbox 767 1247 840 1273; x_wconf 88' lang='lat' dir='ltr'>non</span> <span class='ocrx_word' id='word_1_143' title='bbox 860 1236 1073 1274; x_wconf 81' lang='lat' dir='ltr'>incurreret</span> <span class='ocrx_word' id='word_1_144' title='bbox 1094 1245 1280 1276; x_wconf 79' lang='lat' dir='ltr'>aeternum</span> 
     </span>
     <span class='ocr_line' id='line_1_22' title="bbox 157 1289 1280 1346; baseline -0.001 -14"><span class='ocrx_word' id='word_1_145' title='bbox 157 1292 396 1346; x_wconf 83' lang='lat' dir='ltr'>supplicium</span> <span class='ocrx_word' id='word_1_146' title='bbox 413 1321 424 1341; x_wconf 91' lang='lat'>,</span> <span class='ocrx_word' id='word_1_147' title='bbox 453 1290 555 1342; x_wconf 82' lang='lat' dir='ltr'>quod</span> <span class='ocrx_word' id='word_1_148' title='bbox 583 1290 661 1329; x_wconf 87' lang='lat' dir='ltr'>suis</span> <span class='ocrx_word' id='word_1_149' title='bbox 685 1289 926 1342; x_wconf 82' lang='lat' dir='ltr'>gravissimis</span> <span class='ocrx_word' id='word_1_150' title='bbox 948 1289 1073 1342; x_wconf 87' lang='lat' dir='ltr'>culpis</span> <span class='ocrx_word' id='word_1_151' title='bbox 1089 1294 1280 1343; x_wconf 85' lang='lat' dir='ltr'>promeri-</span> 
     </span>
     <span class='ocr_line' id='line_1_23' title="bbox 156 1354 348 1387; baseline -0.01 -1"><span class='ocrx_word' id='word_1_152' title='bbox 156 1356 216 1387; x_wconf 87' lang='lat' dir='ltr'>tus</span> <span class='ocrx_word' id='word_1_153' title='bbox 244 1354 348 1385; x_wconf 85' lang='lat' dir='ltr'>erat.</span> 
     </span>
    </p>

    <p class='ocr_par' dir='ltr' id='par_1_6' title="bbox 154 1396 1279 2089">
     <span class='ocr_line' id='line_1_24' title="bbox 216 1396 1278 1438; baseline 0 0"><span class='ocrx_word' id='word_1_154' title='bbox 216 1400 305 1438; x_wconf 82' lang='lat'>186.</span> <span class='ocrx_word' id='word_1_155' title='bbox 335 1400 422 1437; x_wconf 82' lang='lat' dir='ltr'>lust.</span> <span class='ocrx_word' id='word_1_156' title='bbox 451 1397 651 1436; x_wconf 78' lang='lat' dir='ltr'>secundo.</span> <span class='ocrx_word' id='word_1_157' title='bbox 678 1396 831 1436; x_wconf 81' lang='lat' dir='ltr'>Psalmo</span> <span class='ocrx_word' id='word_1_158' title='bbox 850 1397 1074 1437; x_wconf 87' lang='lat' dir='ltr'>LXXXVI.</span> <span class='ocrx_word' id='word_1_159' title='bbox 1104 1399 1207 1437; x_wconf 86' lang='lat' dir='ltr'>idem</span> <span class='ocrx_word' id='word_1_160' title='bbox 1236 1399 1278 1438; x_wconf 82' lang='lat' dir='ltr'>S.</span> 
     </span>
     <span class='ocr_line' id='line_1_25' title="bbox 158 1451 1277 1505; baseline -0.001 -14"><span class='ocrx_word' id='word_1_161' title='bbox 158 1452 346 1505; x_wconf 85' lang='lat' dir='ltr'>Propheta</span> <span class='ocrx_word' id='word_1_162' title='bbox 361 1454 414 1491; x_wconf 86' lang='lat' dir='ltr'>ita</span> <span class='ocrx_word' id='word_1_163' title='bbox 430 1452 503 1490; x_wconf 92' lang='lat' dir='ltr'>Dei</span> <span class='ocrx_word' id='word_1_164' title='bbox 518 1451 821 1489; x_wconf 84' lang='lat' dir='ltr'>misericordiam</span> <span class='ocrx_word' id='word_1_165' title='bbox 838 1452 1056 1502; x_wconf 81' lang='lat' dir='ltr'>magnificat</span> <span class='ocrx_word' id='word_1_166' title='bbox 1073 1464 1081 1488; x_wconf 72' lang='grc' dir='ltr'><em>ι</em></span> <span class='ocrx_word' id='word_1_167' title='bbox 1112 1482 1138 1500; x_wconf 85' lang='lat'>„</span> <span class='ocrx_word' id='word_1_168' title='bbox 1155 1453 1277 1490; x_wconf 87' lang='lat' dir='ltr'>Num-</span> 
     </span>
     <span class='ocr_line' id='line_1_26' title="bbox 157 1502 1278 1558; baseline -0.001 -14"><span class='ocrx_word' id='word_1_169' title='bbox 157 1536 184 1557; x_wconf 82' lang='lat'><em>„</em></span> <span class='ocrx_word' id='word_1_170' title='bbox 212 1506 307 1558; x_wconf 85' lang='lat' dir='ltr'>quid</span> <span class='ocrx_word' id='word_1_171' title='bbox 337 1507 376 1544; x_wconf 89' lang='lat' dir='ltr'>in</span> <span class='ocrx_word' id='word_1_172' title='bbox 408 1513 598 1543; x_wconf 85' lang='lat' dir='ltr'>aeternum</span> <span class='ocrx_word' id='word_1_173' title='bbox 625 1502 804 1556; x_wconf 81' lang='lat' dir='ltr'>projiciet</span> <span class='ocrx_word' id='word_1_174' title='bbox 835 1504 965 1553; x_wconf 88' lang='lat' dir='ltr'>Deus,</span> <span class='ocrx_word' id='word_1_175' title='bbox 1008 1514 1073 1543; x_wconf 88' lang='lat' dir='ltr'>aut</span> <span class='ocrx_word' id='word_1_176' title='bbox 1100 1519 1178 1543; x_wconf 83' lang='lat' dir='ltr'>non</span> <span class='ocrx_word' id='word_1_177' title='bbox 1209 1521 1278 1558; x_wconf 87' lang='lat' dir='ltr'>ap-</span> 
     </span>
     <span class='ocr_line' id='line_1_27' title="bbox 157 1556 1276 1613; baseline -0.001 -15"><span class='ocrx_word' id='word_1_178' title='bbox 157 1589 183 1610; x_wconf 86' lang='lat'>„</span> <span class='ocrx_word' id='word_1_179' title='bbox 212 1568 349 1613; x_wconf 87' lang='lat' dir='ltr'>ponet,</span> <span class='ocrx_word' id='word_1_180' title='bbox 380 1569 420 1598; x_wconf 90' lang='lat' dir='ltr'>ut</span> <span class='ocrx_word' id='word_1_181' title='bbox 446 1557 713 1611; x_wconf 79' lang='lat' dir='ltr'>complacitior</span> <span class='ocrx_word' id='word_1_182' title='bbox 728 1558 778 1596; x_wconf 86' lang='lat' dir='ltr'>sit</span> <span class='ocrx_word' id='word_1_183' title='bbox 797 1556 953 1596; x_wconf 75' lang='lat' dir='ltr'>adhuc?</span> <span class='ocrx_word' id='word_1_184' title='bbox 984 1558 1057 1595; x_wconf 84' lang='lat' dir='ltr'>Aut</span> <span class='ocrx_word' id='word_1_185' title='bbox 1087 1559 1126 1596; x_wconf 92' lang='lat' dir='ltr'>in</span> <span class='ocrx_word' id='word_1_186' title='bbox 1156 1558 1276 1597; x_wconf 82' lang='lat' dir='ltr'>finem</span> 
     </span>
     <span class='ocr_line' id='line_1_28' title="bbox 156 1610 1277 1663; baseline -0.001 -11"><span class='ocrx_word' id='word_1_187' title='bbox 156 1643 182 1663; x_wconf 90' lang='lat'>„</span> <span class='ocrx_word' id='word_1_188' title='bbox 214 1614 514 1653; x_wconf 84' lang='lat' dir='ltr'>misericordiam</span> <span class='ocrx_word' id='word_1_189' title='bbox 542 1625 653 1651; x_wconf 84' lang='lat' dir='ltr'>suam</span> <span class='ocrx_word' id='word_1_190' title='bbox 695 1610 892 1650; x_wconf 78' lang='lat' dir='ltr'>abscindet</span> <span class='ocrx_word' id='word_1_191' title='bbox 919 1625 942 1648; x_wconf 85' lang='lat' dir='ltr'>a</span> <span class='ocrx_word' id='word_1_192' title='bbox 969 1613 1210 1663; x_wconf 74' lang='lat' dir='ltr'>generatione</span> <span class='ocrx_word' id='word_1_193' title='bbox 1238 1614 1277 1651; x_wconf 89' lang='lat' dir='ltr'>iu</span> 
     </span>
     <span class='ocr_line' id='line_1_29' title="bbox 157 1663 1278 1719; baseline -0.001 -14"><span class='ocrx_word' id='word_1_194' title='bbox 157 1696 184 1717; x_wconf 84' lang='lat'>‚,</span> <span class='ocrx_word' id='word_1_195' title='bbox 212 1665 520 1719; x_wconf 72' lang='lat' dir='ltr'>generationem?</span> <span class='ocrx_word' id='word_1_196' title='bbox 566 1665 638 1703; x_wconf 86' lang='lat' dir='ltr'>Aut</span> <span class='ocrx_word' id='word_1_197' title='bbox 663 1663 912 1703; x_wconf 85' lang='lat' dir='ltr'>obliviscetur</span> <span class='ocrx_word' id='word_1_198' title='bbox 941 1666 1113 1703; x_wconf 84' lang='lat' dir='ltr'>misereri</span> <span class='ocrx_word' id='word_1_199' title='bbox 1143 1665 1278 1704; x_wconf 84' lang='lat' dir='ltr'>Dens?</span> 
     </span>
     <span class='ocr_line' id='line_1_30' title="bbox 157 1718 1277 1768; baseline -0.001 -11"><span class='ocrx_word' id='word_1_200' title='bbox 157 1749 184 1768; x_wconf 86' lang='lat'>,‚</span> <span class='ocrx_word' id='word_1_201' title='bbox 215 1722 289 1757; x_wconf 75' lang='lat' dir='ltr'>Aut</span> <span class='ocrx_word' id='word_1_202' title='bbox 315 1720 526 1757; x_wconf 84' lang='lat' dir='ltr'>continebit</span> <span class='ocrx_word' id='word_1_203' title='bbox 552 1719 593 1755; x_wconf 83' lang='lat' dir='ltr'>in</span> <span class='ocrx_word' id='word_1_204' title='bbox 623 1719 680 1755; x_wconf 85' lang='lat' dir='ltr'>ira</span> <span class='ocrx_word' id='word_1_205' title='bbox 704 1731 776 1754; x_wconf 82' lang='lat' dir='ltr'>sua</span> <span class='ocrx_word' id='word_1_206' title='bbox 803 1718 1085 1756; x_wconf 70' lang='lat' dir='ltr'>misericordias</span> <span class='ocrx_word' id='word_1_207' title='bbox 1118 1733 1201 1756; x_wconf 87' lang='lat' dir='ltr'>suas</span> <span class='ocrx_word' id='word_1_208' title='bbox 1223 1718 1277 1757; x_wconf 80' lang='lat'>&#39;&#39;?</span> 
     </span>
     <span class='ocr_line' id='line_1_31' title="bbox 157 1769 1277 1810; baseline -0.002 0"><span class='ocrx_word' id='word_1_209' title='bbox 157 1771 307 1810; x_wconf 79' lang='lat' dir='ltr'>Psalmo</span> <span class='ocrx_word' id='word_1_210' title='bbox 336 1773 426 1809; x_wconf 87' lang='lat' dir='ltr'>item</span> <span class='ocrx_word' id='word_1_211' title='bbox 445 1772 529 1810; x_wconf 89' lang='lat' dir='ltr'>Cll.</span> <span class='ocrx_word' id='word_1_212' title='bbox 565 1769 763 1807; x_wconf 79' lang='lat' dir='ltr'>Dominus</span> <span class='ocrx_word' id='word_1_213' title='bbox 793 1773 1018 1807; x_wconf 78' lang='lat' dir='ltr'>misericors</span> <span class='ocrx_word' id='word_1_214' title='bbox 1036 1794 1097 1808; x_wconf 84' lang='lat'>....</span> <span class='ocrx_word' id='word_1_215' title='bbox 1125 1783 1206 1808; x_wconf 83' lang='lat' dir='ltr'>non</span> <span class='ocrx_word' id='word_1_216' title='bbox 1235 1775 1277 1809; x_wconf 77' lang='lat' dir='ltr'>in</span> 
     </span>
     <span class='ocr_line' id='line_1_32' title="bbox 159 1825 1279 1876; baseline -0.001 -13"><span class='ocrx_word' id='word_1_217' title='bbox 159 1834 389 1876; x_wconf 80' lang='lat' dir='ltr'>perpetuum</span> <span class='ocrx_word' id='word_1_218' title='bbox 420 1828 636 1871; x_wconf 67' lang='lat' dir='ltr'>irascetur,</span> <span class='ocrx_word' id='word_1_219' title='bbox 666 1834 790 1872; x_wconf 76' lang='lat' dir='ltr'>neque</span> <span class='ocrx_word' id='word_1_220' title='bbox 818 1825 859 1859; x_wconf 80' lang='lat' dir='ltr'>in</span> <span class='ocrx_word' id='word_1_221' title='bbox 886 1832 1085 1860; x_wconf 64' lang='lat' dir='ltr'>aeternum</span> <span class='ocrx_word' id='word_1_222' title='bbox 1114 1827 1279 1862; x_wconf 84' lang='lat' dir='ltr'>commi-</span> 
     </span>
     <span class='ocr_line' id='line_1_33' title="bbox 156 1874 1279 1925; baseline 0 -9"><span class='ocrx_word' id='word_1_223' title='bbox 156 1877 313 1916; x_wconf 73' lang='lat' dir='ltr'>nubitur</span> <span class='ocrx_word' id='word_1_224' title='bbox 332 1904 343 1915; x_wconf 89' lang='lat'>.</span> <span class='ocrx_word' id='word_1_225' title='bbox 374 1877 443 1914; x_wconf 88' lang='lat' dir='ltr'>His</span> <span class='ocrx_word' id='word_1_226' title='bbox 463 1876 605 1915; x_wconf 81' lang='lat' dir='ltr'>similia</span> <span class='ocrx_word' id='word_1_227' title='bbox 633 1874 748 1913; x_wconf 81' lang='lat' dir='ltr'>habet</span> <span class='ocrx_word' id='word_1_228' title='bbox 778 1875 890 1913; x_wconf 74' lang='lat' dir='ltr'>isaias</span> <span class='ocrx_word' id='word_1_229' title='bbox 909 1876 1086 1913; x_wconf 87' lang='lat' dir='ltr'>c.-LVlI.</span> <span class='ocrx_word' id='word_1_230' title='bbox 1110 1876 1168 1915; x_wconf 80' lang='lat'>16.</span> <span class='ocrx_word' id='word_1_231' title='bbox 1186 1907 1196 1925; x_wconf 87' lang='lat'>,</span> <span class='ocrx_word' id='word_1_232' title='bbox 1226 1879 1279 1916; x_wconf 85' lang='lat' dir='ltr'>ita.</span> 
     </span>
     <span class='ocr_line' id='line_1_34' title="bbox 154 1927 1279 1982; baseline -0.002 -12"><span class='ocrx_word' id='word_1_233' title='bbox 154 1932 283 1970; x_wconf 89' lang='lat' dir='ltr'>Deum</span> <span class='ocrx_word' id='word_1_234' title='bbox 313 1930 529 1982; x_wconf 86' lang='lat' dir='ltr'>loquentem</span> <span class='ocrx_word' id='word_1_235' title='bbox 554 1929 765 1967; x_wconf 74' lang='lat' dir='ltr'>inducens:</span> <span class='ocrx_word' id='word_1_236' title='bbox 802 1927 898 1965; x_wconf 87' lang='lat' dir='ltr'>Non</span> <span class='ocrx_word' id='word_1_237' title='bbox 926 1932 1035 1966; x_wconf 82' lang='lat' dir='ltr'>enim</span> <span class='ocrx_word' id='word_1_238' title='bbox 1064 1933 1106 1965; x_wconf 81' lang='lat' dir='ltr'>in</span> <span class='ocrx_word' id='word_1_239' title='bbox 1134 1935 1279 1980; x_wconf 84' lang='lat' dir='ltr'>sempi-</span> 
     </span>
     <span class='ocr_line' id='line_1_35' title="bbox 155 1980 1276 2035; baseline -0.001 -13"><span class='ocrx_word' id='word_1_240' title='bbox 155 1994 314 2023; x_wconf 70' lang='lat' dir='ltr'>ternum</span> <span class='ocrx_word' id='word_1_241' title='bbox 342 1982 503 2035; x_wconf 75' lang='lat' dir='ltr'>litigabo</span> <span class='ocrx_word' id='word_1_242' title='bbox 532 1984 547 2032; x_wconf 96' lang='lat'>(</span> <span class='ocrx_word' id='word_1_243' title='bbox 570 1980 631 2018; x_wconf 88' lang='lat' dir='ltr'>vel</span> <span class='ocrx_word' id='word_1_244' title='bbox 661 1989 702 2017; x_wconf 85' lang='lat' dir='ltr'>ut</span> <span class='ocrx_word' id='word_1_245' title='bbox 732 1980 873 2018; x_wconf 85' lang='lat' dir='ltr'>habent</span> <span class='ocrx_word' id='word_1_246' title='bbox 893 1981 1022 2020; x_wconf 84' lang='lat' dir='ltr'>LXX.</span> <span class='ocrx_word' id='word_1_247' title='bbox 1052 1980 1276 2033; x_wconf 67' lang='lat' dir='ltr'>moisem)</span> 
     </span>
     <span class='ocr_line' id='line_1_36' title="bbox 156 2033 881 2089; baseline -0.006 -13"><span class='ocrx_word' id='word_1_248' title='bbox 156 2052 283 2089; x_wconf 82' lang='lat' dir='ltr'>neque</span> <span class='ocrx_word' id='word_1_249' title='bbox 309 2050 430 2087; x_wconf 73' lang='lat' dir='ltr'>usque</span> <span class='ocrx_word' id='word_1_250' title='bbox 457 2035 513 2074; x_wconf 81' lang='lat' dir='ltr'>ad</span> <span class='ocrx_word' id='word_1_251' title='bbox 528 2033 665 2088; x_wconf 84' lang='lat' dir='ltr'>finem</span> <span class='ocrx_word' id='word_1_252' title='bbox 696 2037 881 2072; x_wconf 73' lang='lat' dir='ltr'>irascar.</span> 
     </span>
    </p>

    <p class='ocr_par' dir='ltr' id='par_1_7' title="bbox 153 2086 1281 3302">
     <span class='ocr_line' id='line_1_37' title="bbox 212 2086 1281 2143; baseline -0.001 -13"><span class='ocrx_word' id='word_1_253' title='bbox 212 2091 300 2143; x_wconf 86' lang='lat'>187.</span> <span class='ocrx_word' id='word_1_254' title='bbox 331 2091 445 2143; x_wconf 79' lang='lat' dir='ltr'>Resp.</span> <span class='ocrx_word' id='word_1_255' title='bbox 470 2103 565 2128; x_wconf 51' lang='lat' dir='ltr'>¹cum</span> <span class='ocrx_word' id='word_1_256' title='bbox 593 2087 634 2126; x_wconf 89' lang='lat' dir='ltr'>S.</span> <span class='ocrx_word' id='word_1_257' title='bbox 657 2087 867 2139; x_wconf 80' lang='lat' dir='ltr'>Augustino</span> <span class='ocrx_word' id='word_1_258' title='bbox 895 2088 936 2127; x_wconf 92' lang='lat' dir='ltr'>in</span> <span class='ocrx_word' id='word_1_259' title='bbox 964 2086 1281 2129; x_wconf 85' lang='lat' dir='ltr'>Enarrationibus</span> 
     </span>
     <span class='ocr_line' id='line_1_38' title="bbox 155 2140 1280 2198; baseline -0.002 -14"><span class='ocrx_word' id='word_1_260' title='bbox 155 2159 270 2198; x_wconf 85' lang='lat' dir='ltr'>super</span> <span class='ocrx_word' id='word_1_261' title='bbox 299 2153 505 2196; x_wconf 86' lang='lat' dir='ltr'>utrumque</span> <span class='ocrx_word' id='word_1_262' title='bbox 533 2140 757 2190; x_wconf 88' lang='lat' dir='ltr'>Psalmnm,</span> <span class='ocrx_word' id='word_1_263' title='bbox 798 2140 856 2179; x_wconf 89' lang='lat' dir='ltr'>ibi</span> <span class='ocrx_word' id='word_1_264' title='bbox 884 2154 1095 2182; x_wconf 88' lang='lat' dir='ltr'>sermonem</span> <span class='ocrx_word' id='word_1_265' title='bbox 1126 2158 1203 2182; x_wconf 88' lang='lat' dir='ltr'>esse</span> <span class='ocrx_word' id='word_1_266' title='bbox 1232 2145 1280 2182; x_wconf 86' lang='lat' dir='ltr'>de</span> 
     </span>
     <span class='ocr_line' id='line_1_39' title="bbox 155 2194 1278 2252; baseline 0.001 -17"><span class='ocrx_word' id='word_1_267' title='bbox 155 2199 354 2252; x_wconf 83' lang='lat' dir='ltr'>punitione</span> <span class='ocrx_word' id='word_1_268' title='bbox 374 2198 448 2236; x_wconf 90' lang='lat' dir='ltr'>Dei</span> <span class='ocrx_word' id='word_1_269' title='bbox 478 2198 516 2235; x_wconf 88' lang='lat' dir='ltr'>in</span> <span class='ocrx_word' id='word_1_270' title='bbox 544 2194 616 2233; x_wconf 79' lang='lat' dir='ltr'>hac</span> <span class='ocrx_word' id='word_1_271' title='bbox 644 2195 748 2242; x_wconf 80' lang='lat' dir='ltr'>vita,</span> <span class='ocrx_word' id='word_1_272' title='bbox 779 2196 821 2233; x_wconf 91' lang='lat' dir='ltr'>in</span> <span class='ocrx_word' id='word_1_273' title='bbox 846 2209 926 2248; x_wconf 86' lang='lat' dir='ltr'>qua</span> <span class='ocrx_word' id='word_1_274' title='bbox 949 2210 1033 2234; x_wconf 85' lang='lat' dir='ltr'>snae</span> <span class='ocrx_word' id='word_1_275' title='bbox 1064 2197 1278 2236; x_wconf 88' lang='lat' dir='ltr'>misericor-</span> 
     </span>
     <span class='ocr_line' id='line_1_40' title="bbox 155 2249 1277 2304; baseline -0.001 -13"><span class='ocrx_word' id='word_1_276' title='bbox 155 2254 231 2291; x_wconf 78' lang='lat' dir='ltr'>diae</span> <span class='ocrx_word' id='word_1_277' title='bbox 259 2265 409 2304; x_wconf 84' lang='lat' dir='ltr'>semper</span> <span class='ocrx_word' id='word_1_278' title='bbox 437 2249 680 2297; x_wconf 81' lang='lat' dir='ltr'>recordatur,</span> <span class='ocrx_word' id='word_1_279' title='bbox 722 2256 909 2301; x_wconf 86' lang='lat' dir='ltr'>quatenus</span> <span class='ocrx_word' id='word_1_280' title='bbox 944 2262 1013 2302; x_wconf 84' lang='lat' dir='ltr'>per</span> <span class='ocrx_word' id='word_1_281' title='bbox 1040 2249 1157 2302; x_wconf 83' lang='lat' dir='ltr'>huJ&#39;us</span> <span class='ocrx_word' id='word_1_282' title='bbox 1186 2253 1277 2290; x_wconf 79' lang='lat' dir='ltr'>vitae</span> 
     </span>
     <span class='ocr_line' id='line_1_41' title="bbox 155 2301 1276 2357; baseline -0.003 -12"><span class='ocrx_word' id='word_1_283' title='bbox 155 2304 311 2357; x_wconf 77' lang='lat' dir='ltr'>flagella</span> <span class='ocrx_word' id='word_1_284' title='bbox 337 2318 407 2342; x_wconf 86' lang='lat' dir='ltr'>nos</span> <span class='ocrx_word' id='word_1_285' title='bbox 435 2305 538 2342; x_wconf 88' lang='lat' dir='ltr'>Deus</span> <span class='ocrx_word' id='word_1_286' title='bbox 566 2304 702 2342; x_wconf 86' lang='lat' dir='ltr'>invitat</span> <span class='ocrx_word' id='word_1_287' title='bbox 742 2302 790 2340; x_wconf 87' lang='lat' dir='ltr'>ad</span> <span class='ocrx_word' id='word_1_288' title='bbox 835 2301 1006 2354; x_wconf 86' lang='lat' dir='ltr'>ejusdem</span> <span class='ocrx_word' id='word_1_289' title='bbox 1044 2304 1145 2342; x_wconf 86' lang='lat' dir='ltr'>iram</span> <span class='ocrx_word' id='word_1_290' title='bbox 1175 2304 1276 2343; x_wconf 88' lang='lat' dir='ltr'>salu-</span> 
     </span>
     <span class='ocr_line' id='line_1_42' title="bbox 154 2355 1275 2410; baseline 0.001 -13"><span class='ocrx_word' id='word_1_291' title='bbox 154 2360 227 2397; x_wconf 73' lang='lat' dir='ltr'>tari</span> <span class='ocrx_word' id='word_1_292' title='bbox 257 2359 484 2410; x_wconf 85' lang='lat' dir='ltr'>poenitentia</span> <span class='ocrx_word' id='word_1_293' title='bbox 508 2355 736 2407; x_wconf 80' lang='lat' dir='ltr'>placandam</span> <span class='ocrx_word' id='word_1_294' title='bbox 755 2381 766 2394; x_wconf 87' lang='lat'>.</span> <span class='ocrx_word' id='word_1_295' title='bbox 795 2356 843 2395; x_wconf 87' lang='lat' dir='ltr'>Et</span> <span class='ocrx_word' id='word_1_296' title='bbox 872 2357 975 2394; x_wconf 87' lang='lat' dir='ltr'>idem</span> <span class='ocrx_word' id='word_1_297' title='bbox 1000 2357 1045 2396; x_wconf 84' lang='lat' dir='ltr'>S.</span> <span class='ocrx_word' id='word_1_298' title='bbox 1061 2356 1170 2396; x_wconf 86' lang='lat' dir='ltr'>Pater</span> <span class='ocrx_word' id='word_1_299' title='bbox 1184 2359 1275 2398; x_wconf 83' lang='lat' dir='ltr'>Lib.</span> 
     </span>
     <span class='ocr_line' id='line_1_43' title="bbox 154 2409 1276 2463; baseline 0 -12"><span class='ocrx_word' id='word_1_300' title='bbox 154 2411 269 2452; x_wconf 84' lang='lat' dir='ltr'>XXI.</span> <span class='ocrx_word' id='word_1_301' title='bbox 298 2410 364 2450; x_wconf 87' lang='lat' dir='ltr'>De</span> <span class='ocrx_word' id='word_1_302' title='bbox 391 2414 462 2449; x_wconf 59' lang='lat' dir='ltr'>civ.</span> <span class='ocrx_word' id='word_1_303' title='bbox 492 2409 570 2448; x_wconf 74' lang='lat' dir='ltr'>Dei</span> <span class='ocrx_word' id='word_1_304' title='bbox 596 2425 683 2462; x_wconf 84' lang='lat' dir='ltr'>cap.</span> <span class='ocrx_word' id='word_1_305' title='bbox 705 2409 770 2456; x_wconf 72' lang='lat'>24.</span> <span class='ocrx_word' id='word_1_306' title='bbox 812 2417 1015 2463; x_wconf 85' lang='lat' dir='ltr'>postquam</span> <span class='ocrx_word' id='word_1_307' title='bbox 1044 2411 1188 2450; x_wconf 72' lang='lat' dir='ltr'>iterum</span> <span class='ocrx_word' id='word_1_308' title='bbox 1216 2413 1276 2451; x_wconf 87' lang='lat' dir='ltr'>di-</span> 
     </span>
     <span class='ocr_line' id='line_1_44' title="bbox 155 2463 1277 2513; baseline -0.002 -7"><span class='ocrx_word' id='word_1_309' title='bbox 155 2468 294 2513; x_wconf 75' lang='lat' dir='ltr'>xisset,</span> <span class='ocrx_word' id='word_1_310' title='bbox 336 2464 404 2503; x_wconf 77' lang='lat' dir='ltr'>illa</span> <span class='ocrx_word' id='word_1_311' title='bbox 432 2463 593 2503; x_wconf 85' lang='lat' dir='ltr'>Davidis</span> <span class='ocrx_word' id='word_1_312' title='bbox 621 2463 739 2503; x_wconf 85' lang='lat' dir='ltr'>verba</span> <span class='ocrx_word' id='word_1_313' title='bbox 766 2463 813 2502; x_wconf 88' lang='lat' dir='ltr'>ad</span> <span class='ocrx_word' id='word_1_314' title='bbox 858 2463 955 2503; x_wconf 79' lang='lat' dir='ltr'>hanc</span> <span class='ocrx_word' id='word_1_315' title='bbox 998 2467 1277 2504; x_wconf 69' lang='lat' dir='ltr'>aerumnosissi-</span> 
     </span>
     <span class='ocr_line' id='line_1_45' title="bbox 153 2516 1279 2570; baseline 0.001 -13"><span class='ocrx_word' id='word_1_316' title='bbox 153 2533 261 2560; x_wconf 84' lang='lat' dir='ltr'>mam</span> <span class='ocrx_word' id='word_1_317' title='bbox 289 2520 407 2557; x_wconf 85' lang='lat' dir='ltr'>vitam</span> <span class='ocrx_word' id='word_1_318' title='bbox 434 2520 647 2570; x_wconf 83' lang='lat' dir='ltr'>pertinere,</span> <span class='ocrx_word' id='word_1_319' title='bbox 675 2518 717 2555; x_wconf 88' lang='lat' dir='ltr'>in</span> <span class='ocrx_word' id='word_1_320' title='bbox 745 2531 823 2568; x_wconf 85' lang='lat' dir='ltr'>qua</span> <span class='ocrx_word' id='word_1_321' title='bbox 842 2516 946 2554; x_wconf 90' lang='lat' dir='ltr'>Deus</span> <span class='ocrx_word' id='word_1_322' title='bbox 974 2518 1089 2556; x_wconf 88' lang='lat' dir='ltr'>simul</span> <span class='ocrx_word' id='word_1_323' title='bbox 1111 2532 1201 2557; x_wconf 90' lang='lat' dir='ltr'>cum</span> <span class='ocrx_word' id='word_1_324' title='bbox 1220 2521 1279 2558; x_wconf 87' lang='lat' dir='ltr'>ira</span> 
     </span>
     <span class='ocr_line' id='line_1_46' title="bbox 154 2569 1278 2625; baseline -0.002 -13"><span class='ocrx_word' id='word_1_325' title='bbox 154 2572 459 2613; x_wconf 81' lang='lat' dir='ltr'>:misericordiam</span> <span class='ocrx_word' id='word_1_326' title='bbox 488 2571 684 2623; x_wconf 84' lang='lat' dir='ltr'>conjungit</span> <span class='ocrx_word' id='word_1_327' title='bbox 712 2570 766 2607; x_wconf 87' lang='lat' dir='ltr'>ita</span> <span class='ocrx_word' id='word_1_328' title='bbox 793 2569 947 2608; x_wconf 84' lang='lat' dir='ltr'>subdit:</span> <span class='ocrx_word' id='word_1_329' title='bbox 977 2601 1004 2620; x_wconf 88' lang='lat'><strong>„</strong></span> <span class='ocrx_word' id='word_1_330' title='bbox 1034 2572 1109 2610; x_wconf 88' lang='lat' dir='ltr'>Sed</span> <span class='ocrx_word' id='word_1_331' title='bbox 1137 2572 1278 2625; x_wconf 88' lang='lat' dir='ltr'>quibus</span> 
     </span>
     <span class='ocr_line' id='line_1_47' title="bbox 158 2624 1278 2713; baseline 0 -50"><span class='ocrx_word' id='word_1_332' title='bbox 158 2657 184 2677; x_wconf 84' lang='lat'>„</span> <span class='ocrx_word' id='word_1_333' title='bbox 214 2625 364 2679; x_wconf 84' lang='lat' dir='ltr'>placet,</span> <span class='ocrx_word' id='word_1_334' title='bbox 406 2626 517 2664; x_wconf 89' lang='lat' dir='ltr'>istam</span> <span class='ocrx_word' id='word_1_335' title='bbox 544 2624 770 2663; x_wconf 87' lang='lat' dir='ltr'>sententiam</span> <span class='ocrx_word' id='word_1_336' title='bbox 798 2637 919 2713; x_wconf 49' lang='lat' dir='ltr'>usque</span> <span class='ocrx_word' id='word_1_337' title='bbox 962 2626 1009 2662; x_wconf 85' lang='lat' dir='ltr'>ad</span> <span class='ocrx_word' id='word_1_338' title='bbox 1038 2624 1108 2664; x_wconf 87' lang='lat' dir='ltr'>illa</span> <span class='ocrx_word' id='word_1_339' title='bbox 1137 2627 1278 2678; x_wconf 90' lang='lat' dir='ltr'>impio-</span> 
     </span>
     <span class='ocr_line' id='line_1_48' title="bbox 153 2677 1279 2732; baseline 0 -14"><span class='ocrx_word' id='word_1_340' title='bbox 153 2711 182 2732; x_wconf 82' lang='lat'><em>„</em></span> <span class='ocrx_word' id='word_1_341' title='bbox 210 2694 297 2718; x_wconf 87' lang='lat' dir='ltr'>rum</span> <span class='ocrx_word' id='word_1_342' title='bbox 327 2688 509 2718; x_wconf 86' lang='lat' dir='ltr'>tormenta</span> <span class='ocrx_word' id='word_1_343' title='bbox 536 2677 759 2730; x_wconf 86' lang='lat' dir='ltr'>protendere</span> <span class='ocrx_word' id='word_1_344' title='bbox 775 2705 786 2725; x_wconf 81' lang='lat'>,</span> <span class='ocrx_word' id='word_1_345' title='bbox 815 2691 854 2715; x_wconf 83' lang='lat' dir='ltr'>sa</span> <span class='ocrx_word' id='word_1_346' title='bbox 875 2686 947 2715; x_wconf 90' lang='lat' dir='ltr'>tem</span> <span class='ocrx_word' id='word_1_347' title='bbox 964 2679 1018 2717; x_wconf 88' lang='lat' dir='ltr'>sic</span> <span class='ocrx_word' id='word_1_348' title='bbox 1037 2678 1279 2730; x_wconf 82' lang='lat' dir='ltr'>intelligant,</span> 
     </span>
     <span class='ocr_line' id='line_1_49' title="bbox 159 2730 1278 2783; baseline -0.001 -11"><span class='ocrx_word' id='word_1_349' title='bbox 159 2763 186 2783; x_wconf 86' lang='lat'>„</span> <span class='ocrx_word' id='word_1_350' title='bbox 214 2743 254 2772; x_wconf 85' lang='lat' dir='ltr'>ut</span> <span class='ocrx_word' id='word_1_351' title='bbox 282 2741 459 2772; x_wconf 82' lang='lat' dir='ltr'>manente</span> <span class='ocrx_word' id='word_1_352' title='bbox 489 2734 529 2771; x_wconf 91' lang='lat' dir='ltr'>iu</span> <span class='ocrx_word' id='word_1_353' title='bbox 557 2733 611 2770; x_wconf 88' lang='lat' dir='ltr'>eis</span> <span class='ocrx_word' id='word_1_354' title='bbox 640 2734 697 2770; x_wconf 88' lang='lat' dir='ltr'>ira</span> <span class='ocrx_word' id='word_1_355' title='bbox 726 2730 829 2779; x_wconf 87' lang='lat' dir='ltr'>Dei,</span> <span class='ocrx_word' id='word_1_356' title='bbox 853 2744 953 2783; x_wconf 74' lang='lat' dir='ltr'>quae</span> <span class='ocrx_word' id='word_1_357' title='bbox 982 2732 1024 2769; x_wconf 88' lang='lat' dir='ltr'>in</span> <span class='ocrx_word' id='word_1_358' title='bbox 1055 2740 1195 2770; x_wconf 82' lang='lat' dir='ltr'>aeterno</span> <span class='ocrx_word' id='word_1_359' title='bbox 1223 2743 1278 2771; x_wconf 86' lang='lat' dir='ltr'>est</span> 
     </span>
     <span class='ocr_line' id='line_1_50' title="bbox 160 2785 1276 2839; baseline 0 -14"><span class='ocrx_word' id='word_1_360' title='bbox 160 2815 187 2835; x_wconf 61' lang='lat'>3,</span> <span class='ocrx_word' id='word_1_361' title='bbox 215 2789 470 2838; x_wconf 72' lang='lat' dir='ltr'>praenuntiata</span> <span class='ocrx_word' id='word_1_362' title='bbox 497 2785 716 2839; x_wconf 87' lang='lat' dir='ltr'>supplicio,</span> <span class='ocrx_word' id='word_1_363' title='bbox 757 2796 831 2822; x_wconf 89' lang='lat' dir='ltr'>non</span> <span class='ocrx_word' id='word_1_364' title='bbox 867 2785 1061 2823; x_wconf 83' lang='lat' dir='ltr'>contineat</span> <span class='ocrx_word' id='word_1_365' title='bbox 1089 2785 1195 2823; x_wconf 89' lang='lat' dir='ltr'>Deus</span> <span class='ocrx_word' id='word_1_366' title='bbox 1233 2787 1276 2825; x_wconf 85' lang='lat' dir='ltr'>in</span> 
     </span>
     <span class='ocr_line' id='line_1_51' title="bbox 158 2837 1277 2891; baseline 0.004 -17"><span class='ocrx_word' id='word_1_367' title='bbox 158 2869 186 2891; x_wconf 51' lang='grc' dir='ltr'><strong>υ</strong></span> <span class='ocrx_word' id='word_1_368' title='bbox 214 2839 283 2877; x_wconf 80' lang='lat' dir='ltr'>hac:</span> <span class='ocrx_word' id='word_1_369' title='bbox 312 2842 368 2879; x_wconf 86' lang='lat' dir='ltr'>ira</span> <span class='ocrx_word' id='word_1_370' title='bbox 397 2855 464 2879; x_wconf 89' lang='lat' dir='ltr'>sua</span> <span class='ocrx_word' id='word_1_371' title='bbox 482 2840 743 2878; x_wconf 84' lang='lat' dir='ltr'>miserationes</span> <span class='ocrx_word' id='word_1_372' title='bbox 760 2851 870 2887; x_wconf 80' lang='lat' dir='ltr'>suas,</span> <span class='ocrx_word' id='word_1_373' title='bbox 897 2837 1167 2888; x_wconf 77' lang='lat' dir='ltr'>&amp;faciateos‚</span> <span class='ocrx_word' id='word_1_374' title='bbox 1196 2853 1277 2878; x_wconf 89' lang='lat' dir='ltr'>non</span> 
     </span>
     <span class='ocr_line' id='line_1_52' title="bbox 159 2892 1280 2946; baseline 0.004 -18"><span class='ocrx_word' id='word_1_375' title='bbox 159 2922 188 2942; x_wconf 85' lang='lat'>„</span> <span class='ocrx_word' id='word_1_376' title='bbox 218 2900 362 2941; x_wconf 78' lang='lat' dir='ltr'>tanta,</span> <span class='ocrx_word' id='word_1_377' title='bbox 390 2902 545 2945; x_wconf 78' lang='lat' dir='ltr'>quanta</span> <span class='ocrx_word' id='word_1_378' title='bbox 572 2892 681 2946; x_wconf 71' lang='lat' dir='ltr'>(ligni</span> <span class='ocrx_word' id='word_1_379' title='bbox 700 2900 819 2941; x_wconf 78' lang='lat' dir='ltr'>sunt,</span> <span class='ocrx_word' id='word_1_380' title='bbox 848 2904 1059 2944; x_wconf 80' lang='lat' dir='ltr'>poenarum</span> <span class='ocrx_word' id='word_1_381' title='bbox 1087 2897 1280 2932; x_wconf 75' lang='lat' dir='ltr'>atrocita-</span> 
     </span>
     <span class='ocr_line' id='line_1_53' title="bbox 160 2946 1279 2999; baseline 0.004 -18"><span class='ocrx_word' id='word_1_382' title='bbox 160 2973 188 2995; x_wconf 78' lang='lat'>„</span> <span class='ocrx_word' id='word_1_383' title='bbox 218 2953 256 2983; x_wconf 83' lang='lat' dir='ltr'>te</span> <span class='ocrx_word' id='word_1_384' title='bbox 284 2951 451 2985; x_wconf 79' lang='lat' dir='ltr'>cruciari</span> <span class='ocrx_word' id='word_1_385' title='bbox 471 2973 514 2987; x_wconf 86' lang='lat'>...</span> <span class='ocrx_word' id='word_1_386' title='bbox 543 2946 656 2995; x_wconf 88' lang='lat' dir='ltr'>Quod</span> <span class='ocrx_word' id='word_1_387' title='bbox 685 2946 843 2999; x_wconf 89' lang='lat' dir='ltr'>quidem</span> <span class='ocrx_word' id='word_1_388' title='bbox 873 2959 946 2984; x_wconf 91' lang='lat' dir='ltr'>non</span> <span class='ocrx_word' id='word_1_389' title='bbox 973 2946 1059 2984; x_wconf 88' lang='lat' dir='ltr'>ideo</span> <span class='ocrx_word' id='word_1_390' title='bbox 1078 2946 1279 2997; x_wconf 87' lang='lat' dir='ltr'>confirmo,</span> 
     </span>
     <span class='ocr_line' id='line_1_54' title="bbox 159 2998 1280 3048; baseline 0.005 -14"><span class='ocrx_word' id='word_1_391' title='bbox 159 3028 187 3047; x_wconf 72' lang='lat'>‚,</span> <span class='ocrx_word' id='word_1_392' title='bbox 216 3000 397 3048; x_wconf 85' lang='lat' dir='ltr'>quoniam</span> <span class='ocrx_word' id='word_1_393' title='bbox 424 3014 501 3039; x_wconf 89' lang='lat' dir='ltr'>non</span> <span class='ocrx_word' id='word_1_394' title='bbox 529 3002 659 3039; x_wconf 81' lang='lat' dir='ltr'>resisto</span> <span class='ocrx_word' id='word_1_395' title='bbox 672 3000 694 3016; x_wconf 81' lang='lat'>’&#39;</span> <span class='ocrx_word' id='word_1_396' title='bbox 711 3026 722 3038; x_wconf 87' lang='lat'>.</span> <span class='ocrx_word' id='word_1_397' title='bbox 750 3000 930 3038; x_wconf 87' lang='lat' dir='ltr'>Ceterum</span> <span class='ocrx_word' id='word_1_398' title='bbox 958 3000 1061 3038; x_wconf 87' lang='lat' dir='ltr'>idem</span> <span class='ocrx_word' id='word_1_399' title='bbox 1082 2998 1280 3040; x_wconf 83' lang='lat' dir='ltr'>Psalmista</span> 
     </span>
     <span class='ocr_line' id='line_1_55' title="bbox 161 3050 1281 3106; baseline 0.002 -16"><span class='ocrx_word' id='word_1_400' title='bbox 161 3052 202 3090; x_wconf 82' lang='lat' dir='ltr'>ni</span> <span class='ocrx_word' id='word_1_401' title='bbox 233 3050 290 3089; x_wconf 83' lang='lat' dir='ltr'>Ps.</span> <span class='ocrx_word' id='word_1_402' title='bbox 316 3050 492 3091; x_wconf 77' lang='lat' dir='ltr'>XLVIII.</span> <span class='ocrx_word' id='word_1_403' title='bbox 515 3068 579 3092; x_wconf 78' lang='lat'>20.</span> <span class='ocrx_word' id='word_1_404' title='bbox 622 3054 668 3091; x_wconf 89' lang='lat' dir='ltr'>de</span> <span class='ocrx_word' id='word_1_405' title='bbox 695 3054 814 3092; x_wconf 82' lang='lat' dir='ltr'>divite</span> <span class='ocrx_word' id='word_1_406' title='bbox 844 3051 1006 3106; x_wconf 87' lang='lat' dir='ltr'>reprobo</span> <span class='ocrx_word' id='word_1_407' title='bbox 1034 3055 1085 3091; x_wconf 89' lang='lat' dir='ltr'>ita</span> <span class='ocrx_word' id='word_1_408' title='bbox 1113 3067 1281 3106; x_wconf 88' lang='lat' dir='ltr'>pronun-</span> 
     </span>
     <span class='ocr_line' id='line_1_56' title="bbox 162 3103 1279 3160; baseline 0.003 -17"><span class='ocrx_word' id='word_1_409' title='bbox 162 3106 262 3143; x_wconf 84' lang='lat' dir='ltr'>ciat:</span> <span class='ocrx_word' id='word_1_410' title='bbox 292 3103 465 3141; x_wconf 83' lang='lat' dir='ltr'>Introibz&#39;t</span> <span class='ocrx_word' id='word_1_411' title='bbox 494 3119 612 3157; x_wconf 77' lang='lat' dir='ltr'>usque</span> <span class='ocrx_word' id='word_1_412' title='bbox 639 3111 682 3145; x_wconf 77' lang='lat' dir='ltr'>in</span> <span class='ocrx_word' id='word_1_413' title='bbox 702 3110 909 3160; x_wconf 75' lang='lat' dir='ltr'>progenies</span> <span class='ocrx_word' id='word_1_414' title='bbox 924 3115 1085 3159; x_wconf 83' lang='lat' dir='ltr'>patrum</span> <span class='ocrx_word' id='word_1_415' title='bbox 1104 3120 1279 3157; x_wconf 77' lang='lat' dir='ltr'>suorum,</span> 
     </span>
     <span class='ocr_line' id='line_1_57' title="bbox 161 3157 1281 3208; baseline 0.004 -14"><span class='ocrx_word' id='word_1_416' title='bbox 161 3157 211 3199; x_wconf 73' lang='lat'>&lt;9⁶</span> <span class='ocrx_word' id='word_1_417' title='bbox 241 3170 359 3207; x_wconf 81' lang='lat' dir='ltr'>usque</span> <span class='ocrx_word' id='word_1_418' title='bbox 389 3160 430 3194; x_wconf 84' lang='lat' dir='ltr'>in</span> <span class='ocrx_word' id='word_1_419' title='bbox 458 3166 651 3197; x_wconf 78' lang='lat' dir='ltr'>oeternum</span> <span class='ocrx_word' id='word_1_420' title='bbox 678 3174 761 3198; x_wconf 84' lang='lat' dir='ltr'>non</span> <span class='ocrx_word' id='word_1_421' title='bbox 790 3158 926 3198; x_wconf 76' lang='lat' dir='ltr'>videbit</span> <span class='ocrx_word' id='word_1_422' title='bbox 941 3161 1097 3208; x_wconf 86' lang='lat' dir='ltr'>lumen,</span> <span class='ocrx_word' id='word_1_423' title='bbox 1126 3161 1221 3199; x_wconf 89' lang='lat' dir='ltr'>idest</span> <span class='ocrx_word' id='word_1_424' title='bbox 1240 3171 1281 3200; x_wconf 88' lang='lat' dir='ltr'>ut</span> 
     </span>
     <span class='ocr_line' id='line_1_58' title="bbox 161 3210 1280 3265; baseline 0.003 -15"><span class='ocrx_word' id='word_1_425' title='bbox 161 3210 204 3251; x_wconf 88' lang='lat' dir='ltr'>S.</span> <span class='ocrx_word' id='word_1_426' title='bbox 224 3211 453 3260; x_wconf 79' lang='lat' dir='ltr'>Augustinus</span> <span class='ocrx_word' id='word_1_427' title='bbox 473 3214 648 3262; x_wconf 85' lang='lat' dir='ltr'>exponit,</span> <span class='ocrx_word' id='word_1_428' title='bbox 677 3218 876 3265; x_wconf 78' lang='lat' dir='ltr'>excipient</span> <span class='ocrx_word' id='word_1_429' title='bbox 892 3228 987 3253; x_wconf 84' lang='lat' dir='ltr'>eum</span> <span class='ocrx_word' id='word_1_430' title='bbox 1007 3212 1179 3253; x_wconf 73' lang='lat' dir='ltr'>tenebrae</span> <span class='ocrx_word' id='word_1_431' title='bbox 1199 3223 1280 3253; x_wconf 78' lang='lat' dir='ltr'>tor-</span> 
     </span>
     <span class='ocr_line' id='line_1_59' title="bbox 162 3271 416 3302; baseline -0.004 0"><span class='ocrx_word' id='word_1_432' title='bbox 162 3271 387 3302; x_wconf 81' lang='lat' dir='ltr'>mentorum</span> <span class='ocrx_word' id='word_1_433' title='bbox 404 3290 416 3301; x_wconf 86' lang='grc'><strong>.</strong></span> 
     </span>
    </p>
   </div>
   <div class='ocr_carea' id='block_1_3' title="bbox 222 3316 1280 3376">
    <p class='ocr_par' dir='ltr' id='par_1_8' title="bbox 222 3316 1280 3376">
     <span class='ocr_line' id='line_1_60' title="bbox 222 3316 1280 3376; baseline 0.007 -20"><span class='ocrx_word' id='word_1_434' title='bbox 222 3316 311 3356; x_wconf 70' lang='grc'><strong>188.</strong></span> <span class='ocrx_word' id='word_1_435' title='bbox 339 3317 454 3357; x_wconf 83' lang='lat' dir='ltr'>Isaias</span> <span class='ocrx_word' id='word_1_436' title='bbox 481 3323 608 3355; x_wconf 83' lang='lat' dir='ltr'>autem</span> <span class='ocrx_word' id='word_1_437' title='bbox 629 3319 746 3359; x_wconf 82' lang='lat' dir='ltr'>multo</span> <span class='ocrx_word' id='word_1_438' title='bbox 765 3323 929 3373; x_wconf 84' lang='lat' dir='ltr'>apertius</span> <span class='ocrx_word' id='word_1_439' title='bbox 942 3321 1113 3376; x_wconf 85' lang='lat' dir='ltr'>loquitur</span> <span class='ocrx_word' id='word_1_440' title='bbox 1131 3322 1176 3363; x_wconf 89' lang='lat' dir='ltr'>de</span> <span class='ocrx_word' id='word_1_441' title='bbox 1195 3336 1280 3376; x_wconf 85' lang='lat' dir='ltr'>poe·</span> 
     </span>
    </p>
   </div>
   <div class='ocr_carea' id='block_1_4' title="bbox 686 127 1973 190">
    <p class='ocr_par' dir='ltr' id='par_1_9' title="bbox 686 127 1973 190">
     <span class='ocr_line' id='line_1_61' title="bbox 686 127 1973 190; baseline 0 -1"><span class='ocrx_word' id='word_1_442' title='bbox 686 144 766 189; x_wconf 78' lang='lat' dir='ltr'>DE</span> <span class='ocrx_word' id='word_1_443' title='bbox 800 143 938 189; x_wconf 80' lang='lat' dir='ltr'>Ac&#39;r.</span> <span class='ocrx_word' id='word_1_444' title='bbox 962 142 1127 188; x_wconf 80' lang='lat' dir='ltr'>HUM.</span> <span class='ocrx_word' id='word_1_445' title='bbox 1159 127 1521 188; x_wconf 73' lang='lat' dir='ltr'>mssnn‘r.&#39;1v.</span> <span class='ocrx_word' id='word_1_446' title='bbox 1556 143 1757 189; x_wconf 73' lang='lat' dir='ltr'>CARV.</span> <span class='ocrx_word' id='word_1_447' title='bbox 1790 145 1916 190; x_wconf 84' lang='lat' dir='ltr'>APP.</span> <span class='ocrx_word' id='word_1_448' title='bbox 1939 149 1973 189; x_wconf 73' lang='grc' dir='ltr'>Ι.</span> 
     </span>
    </p>
   </div>
   <div class='ocr_carea' id='block_1_5' title="bbox 1339 220 2481 3319">
    <p class='ocr_par' dir='ltr' id='par_1_10' title="bbox 1353 220 2481 418">
     <span class='ocr_line' id='line_1_62' title="bbox 1354 220 2481 274; baseline 0.006 -14"><span class='ocrx_word' id='word_1_449' title='bbox 1354 224 1412 260; x_wconf 74' lang='lat' dir='ltr'>nis</span> <span class='ocrx_word' id='word_1_450' title='bbox 1441 220 1557 272; x_wconf 73' lang='lat' dir='ltr'>liujus</span> <span class='ocrx_word' id='word_1_451' title='bbox 1583 223 1674 260; x_wconf 83' lang='lat' dir='ltr'>vitae</span> <span class='ocrx_word' id='word_1_452' title='bbox 1692 251 1703 270; x_wconf 86' lang='lat'>,</span> <span class='ocrx_word' id='word_1_453' title='bbox 1743 225 1887 274; x_wconf 83' lang='lat' dir='ltr'>quibus</span> <span class='ocrx_word' id='word_1_454' title='bbox 1915 225 2019 262; x_wconf 83' lang='lat' dir='ltr'>Deus</span> <span class='ocrx_word' id='word_1_455' title='bbox 2048 223 2222 262; x_wconf 80' lang='lat' dir='ltr'>homines</span> <span class='ocrx_word' id='word_1_456' title='bbox 2265 225 2340 264; x_wconf 82' lang='lat' dir='ltr'>sibi</span> <span class='ocrx_word' id='word_1_457' title='bbox 2374 241 2481 270; x_wconf 79' lang='lat' dir='ltr'>caros</span> 
     </span>
     <span class='ocr_line' id='line_1_63' title="bbox 1357 273 2480 333; baseline 0.004 -21"><span class='ocrx_word' id='word_1_458' title='bbox 1357 273 1524 325; x_wconf 78' lang='lat' dir='ltr'>affligit,</span> <span class='ocrx_word' id='word_1_459' title='bbox 1554 283 1593 311; x_wconf 84' lang='lat' dir='ltr'>ut</span> <span class='ocrx_word' id='word_1_460' title='bbox 1622 273 1785 326; x_wconf 61' lang='lat' dir='ltr'>vivificet</span> <span class='ocrx_word' id='word_1_461' title='bbox 1814 280 1992 327; x_wconf 67' lang='lat' dir='ltr'>spiritum</span> <span class='ocrx_word' id='word_1_462' title='bbox 2021 277 2252 326; x_wconf 75' lang='lat' dir='ltr'>humilium,</span> <span class='ocrx_word' id='word_1_463' title='bbox 2284 279 2333 319; x_wconf 55' lang='grc' dir='ltr'>ΕΞ·</span> <span class='ocrx_word' id='word_1_464' title='bbox 2362 280 2480 333; x_wconf 64' lang='grc' dir='ltr'><em>φὶφρῘῐ-</em></span> 
     </span>
     <span class='ocr_line' id='line_1_64' title="bbox 1353 330 2481 373; baseline 0.008 -9"><span class='ocrx_word' id='word_1_465' title='bbox 1353 336 1419 364; x_wconf 55' lang='lat' dir='ltr'>¹cet:</span> <span class='ocrx_word' id='word_1_466' title='bbox 1444 340 1514 364; x_wconf 80' lang='lat' dir='ltr'>cor</span> <span class='ocrx_word' id='word_1_467' title='bbox 1543 331 1800 366; x_wconf 79' lang='lat' dir='ltr'>contritorum</span> <span class='ocrx_word' id='word_1_468' title='bbox 1815 343 1830 372; x_wconf 86' lang='lat'>‚·</span> <span class='ocrx_word' id='word_1_469' title='bbox 1871 337 1912 367; x_wconf 87' lang='lat' dir='ltr'>ut</span> <span class='ocrx_word' id='word_1_470' title='bbox 1938 330 2084 369; x_wconf 77' lang='lat' dir='ltr'>ibidem</span> <span class='ocrx_word' id='word_1_471' title='bbox 2112 333 2334 371; x_wconf 73' lang='lat' dir='ltr'>immediate</span> <span class='ocrx_word' id='word_1_472' title='bbox 2368 344 2481 373; x_wconf 78' lang='lat' dir='ltr'>antea</span> 
     </span>
     <span class='ocr_line' id='line_1_65' title="bbox 1354 380 1524 418; baseline 0 0"><span class='ocrx_word' id='word_1_473' title='bbox 1354 380 1524 418; x_wconf 85' lang='lat' dir='ltr'>dicitur.</span> 
     </span>
    </p>

    <p class='ocr_par' dir='ltr' id='par_1_11' title="bbox 1344 432 2478 1594">
     <span class='ocr_line' id='line_1_66' title="bbox 1415 432 2477 492; baseline 0.008 -21"><span class='ocrx_word' id='word_1_474' title='bbox 1415 433 1503 484; x_wconf 82' lang='lat'>189.</span> <span class='ocrx_word' id='word_1_475' title='bbox 1529 432 1626 484; x_wconf 80' lang='lat' dir='ltr'>obj.</span> <span class='ocrx_word' id='word_1_476' title='bbox 1655 432 1828 472; x_wconf 80' lang='lat' dir='ltr'>secundo</span> <span class='ocrx_word' id='word_1_477' title='bbox 1857 447 1901 472; x_wconf 82' lang='lat' dir='ltr'>ex</span> <span class='ocrx_word' id='word_1_478' title='bbox 1931 434 1981 474; x_wconf 85' lang='lat' dir='ltr'>N.</span> <span class='ocrx_word' id='word_1_479' title='bbox 2002 435 2050 475; x_wconf 85' lang='lat' dir='ltr'>T.</span> <span class='ocrx_word' id='word_1_480' title='bbox 2065 436 2112 475; x_wconf 85' lang='lat' dir='ltr'>S.</span> <span class='ocrx_word' id='word_1_481' title='bbox 2127 436 2268 478; x_wconf 82' lang='lat' dir='ltr'>Paulus</span> <span class='ocrx_word' id='word_1_482' title='bbox 2297 454 2358 492; x_wconf 85' lang='lat' dir='ltr'>ep.</span> <span class='ocrx_word' id='word_1_483' title='bbox 2380 441 2477 480; x_wconf 59' lang='lat' dir='ltr'>uad</span> 
     </span>
     <span class='ocr_line' id='line_1_67' title="bbox 1350 487 2477 539; baseline 0.001 -15"><span class='ocrx_word' id='word_1_484' title='bbox 1350 487 1624 525; x_wconf 77' lang='lat' dir='ltr'>=C0r.XV.22.</span> <span class='ocrx_word' id='word_1_485' title='bbox 1644 487 1797 539; x_wconf 79' lang='lat' dir='ltr'>&amp;seq.:</span> <span class='ocrx_word' id='word_1_486' title='bbox 1828 487 1978 535; x_wconf 86' lang='lat' dir='ltr'>„Sicut</span> <span class='ocrx_word' id='word_1_487' title='bbox 1997 518 2007 536; x_wconf 90' lang='lat'>,</span> <span class='ocrx_word' id='word_1_488' title='bbox 2037 492 2181 539; x_wconf 77' lang='lat' dir='ltr'>inquit,</span> <span class='ocrx_word' id='word_1_489' title='bbox 2209 494 2250 530; x_wconf 81' lang='lat' dir='ltr'>in</span> <span class='ocrx_word' id='word_1_490' title='bbox 2282 494 2404 531; x_wconf 59' lang='lat' dir='ltr'>Adam</span> <span class='ocrx_word' id='word_1_491' title='bbox 2433 508 2477 532; x_wconf 68' lang='lat'>0..</span> 
     </span>
     <span class='ocr_line' id='line_1_68' title="bbox 1353 541 2478 589; baseline 0.001 -12"><span class='ocrx_word' id='word_1_492' title='bbox 1353 570 1379 589; x_wconf 87' lang='lat'><strong>„</strong></span> <span class='ocrx_word' id='word_1_493' title='bbox 1411 553 1515 578; x_wconf 87' lang='lat' dir='ltr'>mnes</span> <span class='ocrx_word' id='word_1_494' title='bbox 1543 541 1759 578; x_wconf 82' lang='lat' dir='ltr'>moriuntur</span> <span class='ocrx_word' id='word_1_495' title='bbox 1776 571 1787 588; x_wconf 87' lang='lat'>‚</span> <span class='ocrx_word' id='word_1_496' title='bbox 1827 542 1881 578; x_wconf 87' lang='lat' dir='ltr'>ita</span> <span class='ocrx_word' id='word_1_497' title='bbox 1908 541 1943 577; x_wconf 74' lang='lat'>8&lt;</span> <span class='ocrx_word' id='word_1_498' title='bbox 1971 542 2013 579; x_wconf 86' lang='lat' dir='ltr'>in</span> <span class='ocrx_word' id='word_1_499' title='bbox 2037 541 2192 580; x_wconf 55' lang='lat' dir='ltr'>*Christo</span> <span class='ocrx_word' id='word_1_500' title='bbox 2215 559 2349 584; x_wconf 81' lang='lat' dir='ltr'>omnes</span> <span class='ocrx_word' id='word_1_501' title='bbox 2380 548 2478 586; x_wconf 69' lang='lat' dir='ltr'>vivi-</span> 
     </span>
     <span class='ocr_line' id='line_1_69' title="bbox 1354 593 2473 653; baseline 0.008 -22"><span class='ocrx_word' id='word_1_502' title='bbox 1354 623 1379 642; x_wconf 87' lang='lat'>,‚</span> <span class='ocrx_word' id='word_1_503' title='bbox 1410 593 1630 632; x_wconf 87' lang='lat' dir='ltr'>ficabuntur</span> <span class='ocrx_word' id='word_1_504' title='bbox 1649 619 1693 632; x_wconf 77' lang='lat'>...</span> <span class='ocrx_word' id='word_1_505' title='bbox 1723 594 1879 645; x_wconf 83' lang='lat' dir='ltr'>Oportet</span> <span class='ocrx_word' id='word_1_506' title='bbox 1909 593 2023 632; x_wconf 90' lang='lat' dir='ltr'>illum</span> <span class='ocrx_word' id='word_1_507' title='bbox 2050 608 2229 646; x_wconf 81' lang='lat' dir='ltr'>regnare,</span> <span class='ocrx_word' id='word_1_508' title='bbox 2254 599 2377 638; x_wconf 82' lang='lat' dir='ltr'>donec</span> <span class='ocrx_word' id='word_1_509' title='bbox 2406 615 2473 653; x_wconf 87' lang='lat' dir='ltr'>po-</span> 
     </span>
     <span class='ocr_line' id='line_1_70' title="bbox 1353 646 2475 700; baseline 0.007 -16"><span class='ocrx_word' id='word_1_510' title='bbox 1353 676 1378 695; x_wconf 83' lang='lat'>„</span> <span class='ocrx_word' id='word_1_511' title='bbox 1407 654 1474 684; x_wconf 86' lang='lat' dir='ltr'>nat</span> <span class='ocrx_word' id='word_1_512' title='bbox 1503 660 1632 685; x_wconf 88' lang='lat' dir='ltr'>omnes</span> <span class='ocrx_word' id='word_1_513' title='bbox 1658 647 1836 685; x_wconf 82' lang='lat' dir='ltr'>inimicos</span> <span class='ocrx_word' id='word_1_514' title='bbox 1865 646 1936 685; x_wconf 87' lang='lat' dir='ltr'>sub</span> <span class='ocrx_word' id='word_1_515' title='bbox 1965 648 2127 699; x_wconf 85' lang='lat' dir='ltr'>pedibus</span> <span class='ocrx_word' id='word_1_516' title='bbox 2154 648 2238 700; x_wconf 83' lang='lat' dir='ltr'>ejus</span> <span class='ocrx_word' id='word_1_517' title='bbox 2256 677 2266 688; x_wconf 92' lang='lat'>.</span> <span class='ocrx_word' id='word_1_518' title='bbox 2305 653 2475 692; x_wconf 56' lang='lat' dir='ltr'>Novissi⁴</span> 
     </span>
     <span class='ocr_line' id='line_1_71' title="bbox 1350 700 2474 749; baseline 0.007 -12"><span class='ocrx_word' id='word_1_519' title='bbox 1350 729 1378 749; x_wconf 82' lang='lat'><strong>„</strong></span> <span class='ocrx_word' id='word_1_520' title='bbox 1408 714 1473 739; x_wconf 82' lang='lat' dir='ltr'>ma</span> <span class='ocrx_word' id='word_1_521' title='bbox 1502 709 1629 738; x_wconf 84' lang='lat' dir='ltr'>autem</span> <span class='ocrx_word' id='word_1_522' title='bbox 1659 700 1819 738; x_wconf 80' lang='lat' dir='ltr'>inimica</span> <span class='ocrx_word' id='word_1_523' title='bbox 1838 700 2047 738; x_wconf 80' lang='lat' dir='ltr'>destruetur</span> <span class='ocrx_word' id='word_1_524' title='bbox 2069 714 2190 747; x_wconf 82' lang='lat' dir='ltr'>mors3</span> <span class='ocrx_word' id='word_1_525' title='bbox 2216 706 2350 743; x_wconf 84' lang='lat' dir='ltr'>omnia</span> <span class='ocrx_word' id='word_1_526' title='bbox 2367 710 2474 745; x_wconf 84' lang='lat' dir='ltr'>enirn</span> 
     </span>
     <span class='ocr_line' id='line_1_72' title="bbox 1351 751 2476 806; baseline 0.008 -16"><span class='ocrx_word' id='word_1_527' title='bbox 1351 782 1378 803; x_wconf 84' lang='lat'><strong>„</strong></span> <span class='ocrx_word' id='word_1_528' title='bbox 1406 751 1569 805; x_wconf 77' lang='lat' dir='ltr'>subjecit</span> <span class='ocrx_word' id='word_1_529' title='bbox 1598 753 1668 792; x_wconf 88' lang='lat' dir='ltr'>sub</span> <span class='ocrx_word' id='word_1_530' title='bbox 1695 752 1859 806; x_wconf 88' lang='lat' dir='ltr'>pedibus</span> <span class='ocrx_word' id='word_1_531' title='bbox 1885 751 1971 804; x_wconf 77' lang='lat' dir='ltr'>ejus</span> <span class='ocrx_word' id='word_1_532' title='bbox 1988 779 1999 791; x_wconf 89' lang='lat'>.</span> <span class='ocrx_word' id='word_1_533' title='bbox 2024 754 2129 792; x_wconf 86' lang='lat' dir='ltr'>Cum</span> <span class='ocrx_word' id='word_1_534' title='bbox 2158 764 2286 794; x_wconf 82' lang='lat' dir='ltr'>autem</span> <span class='ocrx_word' id='word_1_535' title='bbox 2314 756 2387 797; x_wconf 81' lang='lat' dir='ltr'>hoe</span> <span class='ocrx_word' id='word_1_536' title='bbox 2412 762 2476 799; x_wconf 86' lang='lat' dir='ltr'>di·</span> 
     </span>
     <span class='ocr_line' id='line_1_73' title="bbox 1351 806 2473 861; baseline 0.005 -16"><span class='ocrx_word' id='word_1_537' title='bbox 1351 836 1378 855; x_wconf 86' lang='lat'>„</span> <span class='ocrx_word' id='word_1_538' title='bbox 1406 815 1493 845; x_wconf 76' lang='lat' dir='ltr'>cat:</span> <span class='ocrx_word' id='word_1_539' title='bbox 1521 808 1651 845; x_wconf 86' lang='lat' dir='ltr'>omnia</span> <span class='ocrx_word' id='word_1_540' title='bbox 1678 806 1852 858; x_wconf 81' lang='lat' dir='ltr'>subjecta</span> <span class='ocrx_word' id='word_1_541' title='bbox 1881 815 1964 844; x_wconf 89' lang='lat' dir='ltr'>sunt</span> <span class='ocrx_word' id='word_1_542' title='bbox 1990 807 2055 856; x_wconf 88' lang='lat' dir='ltr'>ei,</span> <span class='ocrx_word' id='word_1_543' title='bbox 2083 809 2166 846; x_wconf 83' lang='lat' dir='ltr'>siue</span> <span class='ocrx_word' id='word_1_544' title='bbox 2193 808 2314 847; x_wconf 90' lang='lat' dir='ltr'>dubio</span> <span class='ocrx_word' id='word_1_545' title='bbox 2333 822 2473 861; x_wconf 78' lang='lat' dir='ltr'>praeter</span> 
     </span>
     <span class='ocr_line' id='line_1_74' title="bbox 1351 859 2474 912; baseline 0.004 -14"><span class='ocrx_word' id='word_1_546' title='bbox 1351 890 1378 909; x_wconf 81' lang='lat'>‚,</span> <span class='ocrx_word' id='word_1_547' title='bbox 1406 873 1498 898; x_wconf 84' lang='lat' dir='ltr'>eum</span> <span class='ocrx_word' id='word_1_548' title='bbox 1515 891 1525 909; x_wconf 89' lang='lat'>‚</span> <span class='ocrx_word' id='word_1_549' title='bbox 1554 861 1623 912; x_wconf 83' lang='lat' dir='ltr'>qui</span> <span class='ocrx_word' id='word_1_550' title='bbox 1648 859 1814 911; x_wconf 78' lang='lat' dir='ltr'>subjecit</span> <span class='ocrx_word' id='word_1_551' title='bbox 1840 862 1879 898; x_wconf 84' lang='lat' dir='ltr'>ei</span> <span class='ocrx_word' id='word_1_552' title='bbox 1906 862 2063 898; x_wconf 85' lang='lat' dir='ltr'>omnia.</span> <span class='ocrx_word' id='word_1_553' title='bbox 2092 861 2197 899; x_wconf 85' lang='lat' dir='ltr'>Cum</span> <span class='ocrx_word' id='word_1_554' title='bbox 2226 872 2355 900; x_wconf 88' lang='lat' dir='ltr'>autem</span> <span class='ocrx_word' id='word_1_555' title='bbox 2382 866 2474 904; x_wconf 86' lang='lat' dir='ltr'>sub-</span> 
     </span>
     <span class='ocr_line' id='line_1_75' title="bbox 1345 912 2474 966; baseline 0.007 -19"><span class='ocrx_word' id='word_1_556' title='bbox 1345 943 1376 962; x_wconf 63' lang='lat'>„</span> <span class='ocrx_word' id='word_1_557' title='bbox 1405 912 1504 964; x_wconf 86' lang='lat' dir='ltr'>jecta</span> <span class='ocrx_word' id='word_1_558' title='bbox 1530 915 1686 952; x_wconf 77' lang='lat' dir='ltr'>fuerunt</span> <span class='ocrx_word' id='word_1_559' title='bbox 1716 913 1776 952; x_wconf 87' lang='lat' dir='ltr'>illi</span> <span class='ocrx_word' id='word_1_560' title='bbox 1793 914 1923 952; x_wconf 85' lang='lat' dir='ltr'>omnia</span> <span class='ocrx_word' id='word_1_561' title='bbox 1940 943 1950 962; x_wconf 88' lang='lat'>,</span> <span class='ocrx_word' id='word_1_562' title='bbox 1980 923 2067 952; x_wconf 84' lang='lat' dir='ltr'>tunc</span> <span class='ocrx_word' id='word_1_563' title='bbox 2087 914 2121 951; x_wconf 74' lang='grc' dir='ltr'>δε</span> <span class='ocrx_word' id='word_1_564' title='bbox 2142 916 2224 966; x_wconf 87' lang='lat' dir='ltr'>ipse</span> <span class='ocrx_word' id='word_1_565' title='bbox 2239 915 2365 954; x_wconf 71' lang='lat' dir='ltr'>Filius</span> <span class='ocrx_word' id='word_1_566' title='bbox 2383 918 2474 955; x_wconf 84' lang='lat' dir='ltr'>sub-</span> 
     </span>
     <span class='ocr_line' id='line_1_76' title="bbox 1350 967 2473 1019; baseline 0.003 -14"><span class='ocrx_word' id='word_1_567' title='bbox 1350 996 1377 1016; x_wconf 83' lang='lat'>„</span> <span class='ocrx_word' id='word_1_568' title='bbox 1407 967 1526 1018; x_wconf 84' lang='lat' dir='ltr'>jectus</span> <span class='ocrx_word' id='word_1_569' title='bbox 1562 969 1633 1006; x_wconf 86' lang='lat' dir='ltr'>erit</span> <span class='ocrx_word' id='word_1_570' title='bbox 1667 968 1729 1015; x_wconf 85' lang='lat' dir='ltr'>ei,</span> <span class='ocrx_word' id='word_1_571' title='bbox 1758 968 1827 1019; x_wconf 84' lang='lat' dir='ltr'>qui</span> <span class='ocrx_word' id='word_1_572' title='bbox 1855 967 2018 1017; x_wconf 85' lang='lat' dir='ltr'>subjecit</span> <span class='ocrx_word' id='word_1_573' title='bbox 2045 967 2121 1006; x_wconf 85' lang='lat' dir='ltr'>sibi</span> <span class='ocrx_word' id='word_1_574' title='bbox 2147 969 2308 1018; x_wconf 84' lang='lat' dir='ltr'>omnia,</span> <span class='ocrx_word' id='word_1_575' title='bbox 2354 978 2395 1007; x_wconf 78' lang='lat' dir='ltr'>nt</span> <span class='ocrx_word' id='word_1_576' title='bbox 2423 972 2473 1008; x_wconf 85' lang='lat' dir='ltr'>sit</span> 
     </span>
     <span class='ocr_line' id='line_1_77' title="bbox 1348 1019 2474 1068; baseline 0.004 -10"><span class='ocrx_word' id='word_1_577' title='bbox 1348 1049 1379 1068; x_wconf 82' lang='lat'><strong>„</strong></span> <span class='ocrx_word' id='word_1_578' title='bbox 1408 1020 1511 1059; x_wconf 90' lang='lat' dir='ltr'>Deus</span> <span class='ocrx_word' id='word_1_579' title='bbox 1531 1022 1663 1060; x_wconf 84' lang='lat' dir='ltr'>omnia</span> <span class='ocrx_word' id='word_1_580' title='bbox 1681 1021 1722 1058; x_wconf 88' lang='lat' dir='ltr'>in</span> <span class='ocrx_word' id='word_1_581' title='bbox 1738 1020 1914 1058; x_wconf 85' lang='lat' dir='ltr'>omnibus</span> <span class='ocrx_word' id='word_1_582' title='bbox 1932 1019 1970 1058; x_wconf 83' lang='lat'>&#39;’.</span> <span class='ocrx_word' id='word_1_583' title='bbox 2001 1021 2059 1059; x_wconf 77' lang='lat' dir='ltr'>Ex</span> <span class='ocrx_word' id='word_1_584' title='bbox 2076 1020 2151 1060; x_wconf 72' lang='lat' dir='ltr'>hoe</span> <span class='ocrx_word' id='word_1_585' title='bbox 2169 1031 2297 1060; x_wconf 87' lang='lat' dir='ltr'>autem</span> <span class='ocrx_word' id='word_1_586' title='bbox 2314 1021 2474 1062; x_wconf 86' lang='lat' dir='ltr'>Paulino</span> 
     </span>
     <span class='ocr_line' id='line_1_78' title="bbox 1346 1074 2476 1126; baseline 0.004 -15"><span class='ocrx_word' id='word_1_587' title='bbox 1346 1076 1561 1112; x_wconf 83' lang='lat' dir='ltr'>testimonio</span> <span class='ocrx_word' id='word_1_588' title='bbox 1589 1074 1710 1113; x_wconf 82' lang='lat' dir='ltr'>multa</span> <span class='ocrx_word' id='word_1_589' title='bbox 1723 1075 1947 1126; x_wconf 82' lang='lat' dir='ltr'>Origeuistae</span> <span class='ocrx_word' id='word_1_590' title='bbox 1976 1075 2017 1113; x_wconf 85' lang='lat' dir='ltr'>in</span> <span class='ocrx_word' id='word_1_591' title='bbox 2046 1088 2128 1113; x_wconf 84' lang='lat' dir='ltr'>rem</span> <span class='ocrx_word' id='word_1_592' title='bbox 2144 1090 2258 1115; x_wconf 85' lang='lat' dir='ltr'>suam</span> <span class='ocrx_word' id='word_1_593' title='bbox 2276 1077 2476 1115; x_wconf 81' lang='lat' dir='ltr'>derivant.</span> 
     </span>
     <span class='ocr_line' id='line_1_79' title="bbox 1348 1126 2477 1179; baseline 0.005 -16"><span class='ocrx_word' id='word_1_594' title='bbox 1348 1126 1499 1176; x_wconf 77' lang='lat' dir='ltr'>Primo,</span> <span class='ocrx_word' id='word_1_595' title='bbox 1514 1130 1609 1167; x_wconf 85' lang='lat' dir='ltr'>sicut</span> <span class='ocrx_word' id='word_1_596' title='bbox 1622 1142 1751 1166; x_wconf 88' lang='lat' dir='ltr'>omnes</span> <span class='ocrx_word' id='word_1_597' title='bbox 1767 1127 1940 1166; x_wconf 85' lang='lat' dir='ltr'>homiues</span> <span class='ocrx_word' id='word_1_598' title='bbox 1955 1128 1995 1166; x_wconf 89' lang='lat' dir='ltr'>in</span> <span class='ocrx_word' id='word_1_599' title='bbox 2012 1128 2135 1167; x_wconf 85' lang='lat' dir='ltr'>Adam</span> <span class='ocrx_word' id='word_1_600' title='bbox 2153 1130 2291 1169; x_wconf 91' lang='lat' dir='ltr'>mortui</span> <span class='ocrx_word' id='word_1_601' title='bbox 2307 1138 2409 1179; x_wconf 82' lang='lat' dir='ltr'>sunt,</span> <span class='ocrx_word' id='word_1_602' title='bbox 2424 1131 2477 1169; x_wconf 78' lang='lat' dir='ltr'>ita</span> 
     </span>
     <span class='ocr_line' id='line_1_80' title="bbox 1344 1181 2477 1229; baseline 0.003 -11"><span class='ocrx_word' id='word_1_603' title='bbox 1344 1194 1476 1221; x_wconf 79' lang='lat' dir='ltr'>omnes</span> <span class='ocrx_word' id='word_1_604' title='bbox 1491 1183 1530 1220; x_wconf 86' lang='lat' dir='ltr'>in</span> <span class='ocrx_word' id='word_1_605' title='bbox 1545 1181 1695 1220; x_wconf 81' lang='lat' dir='ltr'>Christo</span> <span class='ocrx_word' id='word_1_606' title='bbox 1713 1182 1818 1219; x_wconf 85' lang='lat' dir='ltr'>ocius</span> <span class='ocrx_word' id='word_1_607' title='bbox 1835 1211 1846 1229; x_wconf 89' lang='lat'>,</span> <span class='ocrx_word' id='word_1_608' title='bbox 1873 1183 1995 1219; x_wconf 85' lang='lat' dir='ltr'>serius</span> <span class='ocrx_word' id='word_1_609' title='bbox 2008 1194 2088 1220; x_wconf 84' lang='lat' dir='ltr'>esse</span> <span class='ocrx_word' id='word_1_610' title='bbox 2107 1183 2377 1223; x_wconf 85' lang='lat' dir='ltr'>vivificandos.</span> <span class='ocrx_word' id='word_1_611' title='bbox 2407 1183 2477 1221; x_wconf 87' lang='lat' dir='ltr'>Se—</span> 
     </span>
     <span class='ocr_line' id='line_1_81' title="bbox 1345 1235 2477 1284; baseline 0.004 -13"><span class='ocrx_word' id='word_1_612' title='bbox 1345 1235 1497 1284; x_wconf 80' lang='lat' dir='ltr'>cundo,</span> <span class='ocrx_word' id='word_1_613' title='bbox 1524 1237 1698 1273; x_wconf 87' lang='lat' dir='ltr'>omnium</span> <span class='ocrx_word' id='word_1_614' title='bbox 1720 1236 1969 1273; x_wconf 75' lang='lat' dir='ltr'>novissimam</span> <span class='ocrx_word' id='word_1_615' title='bbox 1990 1249 2068 1273; x_wconf 84' lang='lat' dir='ltr'>esse</span> <span class='ocrx_word' id='word_1_616' title='bbox 2087 1236 2353 1275; x_wconf 85' lang='lat' dir='ltr'>destruendam</span> <span class='ocrx_word' id='word_1_617' title='bbox 2375 1250 2477 1275; x_wconf 87' lang='lat' dir='ltr'>mor-</span> 
     </span>
     <span class='ocr_line' id='line_1_82' title="bbox 1349 1288 2475 1342; baseline 0.002 -16"><span class='ocrx_word' id='word_1_618' title='bbox 1349 1297 1438 1337; x_wconf 87' lang='lat' dir='ltr'>tem,</span> <span class='ocrx_word' id='word_1_619' title='bbox 1461 1303 1599 1339; x_wconf 84' lang='lat' dir='ltr'>nempe</span> <span class='ocrx_word' id='word_1_620' title='bbox 1614 1288 1822 1327; x_wconf 72' lang='lat' dir='ltr'>secundam</span> <span class='ocrx_word' id='word_1_621' title='bbox 1840 1297 2016 1336; x_wconf 82' lang='lat' dir='ltr'>mortem,</span> <span class='ocrx_word' id='word_1_622' title='bbox 2029 1288 2078 1326; x_wconf 76' lang='lat' dir='ltr'>de</span> <span class='ocrx_word' id='word_1_623' title='bbox 2092 1303 2168 1342; x_wconf 86' lang='lat' dir='ltr'>qua</span> <span class='ocrx_word' id='word_1_624' title='bbox 2183 1290 2355 1342; x_wconf 53' lang='lat' dir='ltr'>*loquitur</span> <span class='ocrx_word' id='word_1_625' title='bbox 2371 1290 2475 1328; x_wconf 84' lang='lat' dir='ltr'>S.J0.</span> 
     </span>
     <span class='ocr_line' id='line_1_83' title="bbox 1349 1339 2474 1395; baseline 0 -15"><span class='ocrx_word' id='word_1_626' title='bbox 1349 1343 1469 1392; x_wconf 80' lang='lat' dir='ltr'>Apoc.</span> <span class='ocrx_word' id='word_1_627' title='bbox 1485 1342 1578 1380; x_wconf 88' lang='lat' dir='ltr'>XX.</span> <span class='ocrx_word' id='word_1_628' title='bbox 1594 1340 1633 1379; x_wconf 85' lang='grc'>6.</span> <span class='ocrx_word' id='word_1_629' title='bbox 1662 1353 1828 1393; x_wconf 80' lang='lat' dir='ltr'>quaeque</span> <span class='ocrx_word' id='word_1_630' title='bbox 1854 1339 1956 1378; x_wconf 82' lang='lat' dir='ltr'>nihil</span> <span class='ocrx_word' id='word_1_631' title='bbox 1974 1349 2027 1378; x_wconf 83' lang='lat' dir='ltr'>est</span> <span class='ocrx_word' id='word_1_632' title='bbox 2047 1341 2152 1380; x_wconf 84' lang='lat' dir='ltr'>aliud</span> <span class='ocrx_word' id='word_1_633' title='bbox 2166 1373 2175 1390; x_wconf 92' lang='lat'>,</span> <span class='ocrx_word' id='word_1_634' title='bbox 2199 1357 2316 1393; x_wconf 84' lang='lat' dir='ltr'>quam</span> <span class='ocrx_word' id='word_1_635' title='bbox 2335 1344 2474 1395; x_wconf 88' lang='lat' dir='ltr'>impio-</span> 
     </span>
     <span class='ocr_line' id='line_1_84' title="bbox 1348 1392 2473 1445; baseline 0.001 -13"><span class='ocrx_word' id='word_1_636' title='bbox 1348 1408 1436 1433; x_wconf 82' lang='lat' dir='ltr'>rum</span> <span class='ocrx_word' id='word_1_637' title='bbox 1465 1395 1680 1432; x_wconf 84' lang='lat' dir='ltr'>damnatio.</span> <span class='ocrx_word' id='word_1_638' title='bbox 1714 1392 1865 1440; x_wconf 76' lang='lat' dir='ltr'>Tertio,</span> <span class='ocrx_word' id='word_1_639' title='bbox 1893 1394 2024 1431; x_wconf 81' lang='lat' dir='ltr'>omnia</span> <span class='ocrx_word' id='word_1_640' title='bbox 2043 1408 2121 1432; x_wconf 85' lang='lat' dir='ltr'>esse</span> <span class='ocrx_word' id='word_1_641' title='bbox 2141 1395 2386 1445; x_wconf 73' lang='lat' dir='ltr'>subjicienda</span> <span class='ocrx_word' id='word_1_642' title='bbox 2408 1395 2473 1434; x_wconf 85' lang='lat' dir='ltr'>Fi-</span> 
     </span>
     <span class='ocr_line' id='line_1_85' title="bbox 1346 1446 2474 1499; baseline 0 -14"><span class='ocrx_word' id='word_1_643' title='bbox 1346 1447 1426 1496; x_wconf 87' lang='lat' dir='ltr'>lio,</span> <span class='ocrx_word' id='word_1_644' title='bbox 1457 1457 1498 1486; x_wconf 89' lang='lat' dir='ltr'>ut</span> <span class='ocrx_word' id='word_1_645' title='bbox 1527 1447 1561 1483; x_wconf 71' lang='grc' dir='ltr'>ὃ(</span> <span class='ocrx_word' id='word_1_646' title='bbox 1590 1449 1669 1499; x_wconf 85' lang='lat' dir='ltr'>ipse</span> <span class='ocrx_word' id='word_1_647' title='bbox 1698 1446 1927 1498; x_wconf 84' lang='lat' dir='ltr'>subjiciatur</span> <span class='ocrx_word' id='word_1_648' title='bbox 1958 1446 2039 1484; x_wconf 84' lang='lat' dir='ltr'>Deo</span> <span class='ocrx_word' id='word_1_649' title='bbox 2055 1447 2185 1496; x_wconf 80' lang='lat' dir='ltr'>Patri,</span> <span class='ocrx_word' id='word_1_650' title='bbox 2215 1456 2257 1484; x_wconf 87' lang='lat' dir='ltr'>ut</span> <span class='ocrx_word' id='word_1_651' title='bbox 2284 1449 2333 1485; x_wconf 87' lang='lat' dir='ltr'>sit</span> <span class='ocrx_word' id='word_1_652' title='bbox 2361 1446 2474 1486; x_wconf 75' lang='lat' dir='ltr'>Deus</span> 
     </span>
     <span class='ocr_line' id='line_1_86' title="bbox 1345 1499 2472 1553; baseline 0 -14"><span class='ocrx_word' id='word_1_653' title='bbox 1345 1505 1486 1539; x_wconf 67' lang='lat' dir='ltr'>omnia</span> <span class='ocrx_word' id='word_1_654' title='bbox 1512 1505 1557 1539; x_wconf 78' lang='lat' dir='ltr'>in</span> <span class='ocrx_word' id='word_1_655' title='bbox 1584 1500 1765 1539; x_wconf 78' lang='lat' dir='ltr'>omnibus</span> <span class='ocrx_word' id='word_1_656' title='bbox 1782 1531 1793 1550; x_wconf 83' lang='grc'>,</span> <span class='ocrx_word' id='word_1_657' title='bbox 1822 1499 1933 1541; x_wconf 83' lang='lat' dir='ltr'>nulla</span> <span class='ocrx_word' id='word_1_658' title='bbox 1952 1500 2120 1553; x_wconf 85' lang='lat' dir='ltr'>amplius</span> <span class='ocrx_word' id='word_1_659' title='bbox 2139 1502 2319 1540; x_wconf 81' lang='lat' dir='ltr'>existente</span> <span class='ocrx_word' id='word_1_660' title='bbox 2339 1501 2472 1540; x_wconf 85' lang='lat' dir='ltr'>distin-</span> 
     </span>
     <span class='ocr_line' id='line_1_87' title="bbox 1346 1556 2356 1594; baseline 0.002 -1"><span class='ocrx_word' id='word_1_661' title='bbox 1346 1556 1470 1594; x_wconf 89' lang='lat' dir='ltr'>ctione</span> <span class='ocrx_word' id='word_1_662' title='bbox 1487 1581 1498 1594; x_wconf 96' lang='grc'><strong>.</strong></span> <span class='ocrx_word' id='word_1_663' title='bbox 2352 1567 2356 1571; x_wconf 88' lang='grc'><strong><em>’</em></strong></span> 
     </span>
    </p>

    <p class='ocr_par' dir='ltr' id='par_1_12' title="bbox 1340 1605 2477 2298">
     <span class='ocr_line' id='line_1_88' title="bbox 1406 1605 2477 1662; baseline 0 -15"><span class='ocrx_word' id='word_1_664' title='bbox 1406 1622 1493 1661; x_wconf 79' lang='lat'><strong>¹90·</strong></span> <span class='ocrx_word' id='word_1_665' title='bbox 1525 1607 1638 1662; x_wconf 77' lang='lat' dir='ltr'>Resp.</span> <span class='ocrx_word' id='word_1_666' title='bbox 1657 1638 1668 1657; x_wconf 90' lang='lat'>,</span> <span class='ocrx_word' id='word_1_667' title='bbox 1712 1616 1832 1647; x_wconf 82' lang='lat' dir='ltr'>totum</span> <span class='ocrx_word' id='word_1_668' title='bbox 1862 1606 1963 1647; x_wconf 82' lang='lat' dir='ltr'>hunc</span> <span class='ocrx_word' id='word_1_669' title='bbox 1995 1605 2163 1660; x_wconf 69' lang='lat' dir='ltr'>Apostoli</span> <span class='ocrx_word' id='word_1_670' title='bbox 2196 1605 2328 1647; x_wconf 87' lang='lat' dir='ltr'>locum</span> <span class='ocrx_word' id='word_1_671' title='bbox 2360 1609 2477 1661; x_wconf 78' lang='lat' dir='ltr'>perti-</span> 
     </span>
     <span class='ocr_line' id='line_1_89' title="bbox 1343 1661 2474 1715; baseline -0.001 -15"><span class='ocrx_word' id='word_1_672' title='bbox 1343 1675 1436 1700; x_wconf 87' lang='lat' dir='ltr'>nere</span> <span class='ocrx_word' id='word_1_673' title='bbox 1464 1663 1511 1700; x_wconf 85' lang='lat' dir='ltr'>ad</span> <span class='ocrx_word' id='word_1_674' title='bbox 1543 1662 1855 1701; x_wconf 86' lang='lat' dir='ltr'>resurrectionem</span> <span class='ocrx_word' id='word_1_675' title='bbox 1884 1661 2136 1710; x_wconf 84' lang='lat' dir='ltr'>Sanctorum,</span> <span class='ocrx_word' id='word_1_676' title='bbox 2162 1662 2309 1714; x_wconf 82' lang='lat' dir='ltr'>quibus</span> <span class='ocrx_word' id='word_1_677' title='bbox 2337 1675 2474 1715; x_wconf 73' lang='lat' dir='ltr'>propo-</span> 
     </span>
     <span class='ocr_line' id='line_1_90' title="bbox 1344 1715 2473 1768; baseline 0.002 -17"><span class='ocrx_word' id='word_1_678' title='bbox 1344 1716 1401 1752; x_wconf 89' lang='lat' dir='ltr'>nit</span> <span class='ocrx_word' id='word_1_679' title='bbox 1432 1716 1600 1752; x_wconf 84' lang='lat' dir='ltr'>futuram</span> <span class='ocrx_word' id='word_1_680' title='bbox 1629 1715 1943 1753; x_wconf 87' lang='lat' dir='ltr'>resurrectionem</span> <span class='ocrx_word' id='word_1_681' title='bbox 1972 1728 2062 1752; x_wconf 87' lang='lat' dir='ltr'>cum</span> <span class='ocrx_word' id='word_1_682' title='bbox 2079 1715 2256 1763; x_wconf 77' lang='lat' dir='ltr'>Christo,</span> <span class='ocrx_word' id='word_1_683' title='bbox 2285 1724 2473 1768; x_wconf 86' lang='lat' dir='ltr'>tanquam</span> 
     </span>
     <span class='ocr_line' id='line_1_91' title="bbox 1344 1767 2470 1820; baseline -0.001 -14"><span class='ocrx_word' id='word_1_684' title='bbox 1344 1781 1532 1819; x_wconf 79' lang='lat' dir='ltr'>magnum</span> <span class='ocrx_word' id='word_1_685' title='bbox 1560 1767 1729 1806; x_wconf 89' lang='lat' dir='ltr'>solamen</span> <span class='ocrx_word' id='word_1_686' title='bbox 1760 1769 1800 1805; x_wconf 87' lang='lat' dir='ltr'>in</span> <span class='ocrx_word' id='word_1_687' title='bbox 1831 1767 1987 1816; x_wconf 79' lang='lat' dir='ltr'>inultis,</span> <span class='ocrx_word' id='word_1_688' title='bbox 2029 1768 2172 1820; x_wconf 86' lang='lat' dir='ltr'>quibus</span> <span class='ocrx_word' id='word_1_689' title='bbox 2215 1778 2470 1820; x_wconf 83' lang='lat' dir='ltr'>premuntur,</span> 
     </span>
     <span class='ocr_line' id='line_1_92' title="bbox 1342 1817 2472 1873; baseline 0.001 -16"><span class='ocrx_word' id='word_1_690' title='bbox 1342 1817 1462 1873; x_wconf 77' lang='lat' dir='ltr'>liujus</span> <span class='ocrx_word' id='word_1_691' title='bbox 1491 1822 1580 1858; x_wconf 84' lang='lat' dir='ltr'>vitae</span> <span class='ocrx_word' id='word_1_692' title='bbox 1610 1821 1920 1866; x_wconf 79' lang='lat' dir='ltr'>calamitatibus3</span> <span class='ocrx_word' id='word_1_693' title='bbox 1954 1821 2052 1859; x_wconf 87' lang='lat' dir='ltr'>unde</span> <span class='ocrx_word' id='word_1_694' title='bbox 2082 1822 2120 1858; x_wconf 87' lang='lat' dir='ltr'>iu</span> <span class='ocrx_word' id='word_1_695' title='bbox 2152 1822 2352 1859; x_wconf 84' lang='lat' dir='ltr'>Commate</span> <span class='ocrx_word' id='word_1_696' title='bbox 2388 1832 2472 1873; x_wconf 65' lang='lat'>¹9¹³</span> 
     </span>
     <span class='ocr_line' id='line_1_93' title="bbox 1347 1873 2468 1927; baseline -0.001 -15"><span class='ocrx_word' id='word_1_697' title='bbox 1347 1903 1373 1922; x_wconf 85' lang='lat'><strong>„</strong></span> <span class='ocrx_word' id='word_1_698' title='bbox 1402 1875 1470 1923; x_wconf 85' lang='lat' dir='ltr'>Si,</span> <span class='ocrx_word' id='word_1_699' title='bbox 1500 1878 1650 1927; x_wconf 75' lang='lat' dir='ltr'>inquit,</span> <span class='ocrx_word' id='word_1_700' title='bbox 1679 1877 1719 1913; x_wconf 86' lang='lat' dir='ltr'>iu</span> <span class='ocrx_word' id='word_1_701' title='bbox 1748 1873 1819 1912; x_wconf 91' lang='lat' dir='ltr'>hac</span> <span class='ocrx_word' id='word_1_702' title='bbox 1848 1875 1927 1912; x_wconf 86' lang='lat' dir='ltr'>vita</span> <span class='ocrx_word' id='word_1_703' title='bbox 1954 1883 2103 1912; x_wconf 84' lang='lat' dir='ltr'>tantum</span> <span class='ocrx_word' id='word_1_704' title='bbox 2134 1876 2174 1912; x_wconf 89' lang='lat' dir='ltr'>in</span> <span class='ocrx_word' id='word_1_705' title='bbox 2204 1873 2355 1913; x_wconf 80' lang='lat' dir='ltr'>Christo</span> <span class='ocrx_word' id='word_1_706' title='bbox 2383 1888 2468 1926; x_wconf 87' lang='lat' dir='ltr'>spe-</span> 
     </span>
     <span class='ocr_line' id='line_1_94' title="bbox 1348 1926 2470 1976; baseline 0 -11"><span class='ocrx_word' id='word_1_707' title='bbox 1348 1956 1374 1975; x_wconf 88' lang='lat'><strong>„</strong></span> <span class='ocrx_word' id='word_1_708' title='bbox 1403 1936 1526 1966; x_wconf 82' lang='lat' dir='ltr'>rantes</span> <span class='ocrx_word' id='word_1_709' title='bbox 1552 1942 1685 1969; x_wconf 85' lang='lat' dir='ltr'>snmus</span> <span class='ocrx_word' id='word_1_710' title='bbox 1701 1958 1711 1976; x_wconf 81' lang='lat'>,</span> <span class='ocrx_word' id='word_1_711' title='bbox 1739 1926 2038 1966; x_wconf 83' lang='lat' dir='ltr'>miserabiliores</span> <span class='ocrx_word' id='word_1_712' title='bbox 2057 1941 2187 1966; x_wconf 87' lang='lat' dir='ltr'>sumus</span> <span class='ocrx_word' id='word_1_713' title='bbox 2207 1928 2388 1967; x_wconf 86' lang='lat' dir='ltr'>omnibus</span> <span class='ocrx_word' id='word_1_714' title='bbox 2404 1927 2470 1965; x_wconf 82' lang='lat' dir='ltr'>lio-</span> 
     </span>
     <span class='ocr_line' id='line_1_95' title="bbox 1348 1981 2473 2029; baseline 0 -11"><span class='ocrx_word' id='word_1_715' title='bbox 1348 2009 1375 2029; x_wconf 88' lang='lat'><strong>„</strong></span> <span class='ocrx_word' id='word_1_716' title='bbox 1405 1981 1574 2019; x_wconf 88' lang='lat' dir='ltr'>minibus</span> <span class='ocrx_word' id='word_1_717' title='bbox 1590 2008 1600 2020; x_wconf 90' lang='lat'>.</span> <span class='ocrx_word' id='word_1_718' title='bbox 1630 1982 1742 2020; x_wconf 90' lang='lat' dir='ltr'>Nunc</span> <span class='ocrx_word' id='word_1_719' title='bbox 1771 1990 1898 2020; x_wconf 88' lang='lat' dir='ltr'>autem</span> <span class='ocrx_word' id='word_1_720' title='bbox 1914 1982 2087 2020; x_wconf 83' lang='lat' dir='ltr'>&#39;Christus</span> <span class='ocrx_word' id='word_1_721' title='bbox 2107 1982 2312 2019; x_wconf 86' lang='lat' dir='ltr'>resurrexit</span> <span class='ocrx_word' id='word_1_722' title='bbox 2332 1994 2354 2019; x_wconf 87' lang='lat' dir='ltr'>a</span> <span class='ocrx_word' id='word_1_723' title='bbox 2370 1992 2473 2018; x_wconf 83' lang='lat' dir='ltr'>mor-</span> 
     </span>
     <span class='ocr_line' id='line_1_96' title="bbox 1344 2034 2472 2087; baseline 0.001 -17"><span class='ocrx_word' id='word_1_724' title='bbox 1344 2062 1378 2081; x_wconf 19' lang='lat'>⁷„</span> <span class='ocrx_word' id='word_1_725' title='bbox 1407 2034 1506 2083; x_wconf 81' lang='lat' dir='ltr'>tuis,</span> <span class='ocrx_word' id='word_1_726' title='bbox 1537 2037 1720 2087; x_wconf 82' lang='lat' dir='ltr'>primitiae</span> <span class='ocrx_word' id='word_1_727' title='bbox 1748 2035 2020 2073; x_wconf 83' lang='lat' dir='ltr'>dormientium</span> <span class='ocrx_word' id='word_1_728' title='bbox 2041 2034 2091 2080; x_wconf 82' lang='lat'>”3</span> <span class='ocrx_word' id='word_1_729' title='bbox 2120 2048 2209 2086; x_wconf 75' lang='lat' dir='ltr'>quae</span> <span class='ocrx_word' id='word_1_730' title='bbox 2239 2035 2285 2072; x_wconf 89' lang='lat' dir='ltr'>ad</span> <span class='ocrx_word' id='word_1_731' title='bbox 2315 2034 2472 2073; x_wconf 81' lang='lat' dir='ltr'>Sanctos</span> 
     </span>
     <span class='ocr_line' id='line_1_97' title="bbox 1348 2087 2472 2140; baseline 0.003 -17"><span class='ocrx_word' id='word_1_732' title='bbox 1348 2096 1516 2138; x_wconf 78' lang='lat' dir='ltr'>spectare</span> <span class='ocrx_word' id='word_1_733' title='bbox 1532 2117 1543 2136; x_wconf 90' lang='lat'>,</span> <span class='ocrx_word' id='word_1_734' title='bbox 1572 2098 1701 2140; x_wconf 87' lang='lat' dir='ltr'>aperte</span> <span class='ocrx_word' id='word_1_735' title='bbox 1728 2087 1875 2140; x_wconf 87' lang='lat' dir='ltr'>liquet:</span> <span class='ocrx_word' id='word_1_736' title='bbox 1904 2089 2041 2127; x_wconf 86' lang='lat' dir='ltr'>deinde</span> <span class='ocrx_word' id='word_1_737' title='bbox 2071 2095 2250 2126; x_wconf 83' lang='lat' dir='ltr'>cominat.</span> <span class='ocrx_word' id='word_1_738' title='bbox 2275 2087 2338 2126; x_wconf 77' lang='lat'>25.</span> <span class='ocrx_word' id='word_1_739' title='bbox 2359 2088 2406 2125; x_wconf 90' lang='lat' dir='ltr'>de</span> <span class='ocrx_word' id='word_1_740' title='bbox 2426 2089 2472 2126; x_wconf 80' lang='lat' dir='ltr'>iis</span> 
     </span>
     <span class='ocr_line' id='line_1_98' title="bbox 1348 2137 2470 2193; baseline 0.001 -17"><span class='ocrx_word' id='word_1_741' title='bbox 1348 2137 1543 2192; x_wconf 87' lang='lat' dir='ltr'>loquitur,</span> <span class='ocrx_word' id='word_1_742' title='bbox 1586 2146 1652 2193; x_wconf 82' lang='lat' dir='ltr'>qui</span> <span class='ocrx_word' id='word_1_743' title='bbox 1681 2152 1771 2179; x_wconf 75' lang='lat' dir='ltr'>sunt</span> <span class='ocrx_word' id='word_1_744' title='bbox 1803 2141 1973 2190; x_wconf 75' lang='lat' dir='ltr'>Christi,</span> <span class='ocrx_word' id='word_1_745' title='bbox 2016 2145 2080 2192; x_wconf 81' lang='lat' dir='ltr'>qui</span> <span class='ocrx_word' id='word_1_746' title='bbox 2109 2145 2151 2179; x_wconf 82' lang='lat' dir='ltr'>in</span> <span class='ocrx_word' id='word_1_747' title='bbox 2180 2141 2354 2179; x_wconf 60' lang='lat' dir='ltr'>adventu</span> <span class='ocrx_word' id='word_1_748' title='bbox 2383 2141 2470 2192; x_wconf 80' lang='lat' dir='ltr'>ejus</span> 
     </span>
     <span class='ocr_line' id='line_1_99' title="bbox 1344 2192 2472 2247; baseline 0.002 -17"><span class='ocrx_word' id='word_1_749' title='bbox 1344 2192 1626 2232; x_wconf 81' lang='lat' dir='ltr'>crediderunt.</span> <span class='ocrx_word' id='word_1_750' title='bbox 1668 2195 1756 2232; x_wconf 88' lang='lat' dir='ltr'>Hoc</span> <span class='ocrx_word' id='word_1_751' title='bbox 1785 2204 1912 2232; x_wconf 86' lang='lat' dir='ltr'>autem</span> <span class='ocrx_word' id='word_1_752' title='bbox 1941 2196 2089 2247; x_wconf 88' lang='lat' dir='ltr'>posito,</span> <span class='ocrx_word' id='word_1_753' title='bbox 2132 2194 2247 2232; x_wconf 80' lang='lat' dir='ltr'>:facile</span> <span class='ocrx_word' id='word_1_754' title='bbox 2277 2192 2472 2247; x_wconf 85' lang='lat' dir='ltr'>explican-</span> 
     </span>
     <span class='ocr_line' id='line_1_100' title="bbox 1340 2246 2192 2298; baseline 0.001 -13"><span class='ocrx_word' id='word_1_755' title='bbox 1340 2254 1408 2285; x_wconf 74' lang='lat' dir='ltr'>&#39;tur</span> <span class='ocrx_word' id='word_1_756' title='bbox 1425 2277 1436 2296; x_wconf 90' lang='lat'>,</span> <span class='ocrx_word' id='word_1_757' title='bbox 1465 2247 1500 2284; x_wconf 74' lang='grc' dir='ltr'>ἃ</span> <span class='ocrx_word' id='word_1_758' title='bbox 1530 2246 1784 2286; x_wconf 85' lang='lat' dir='ltr'>conciliantur</span> <span class='ocrx_word' id='word_1_759' title='bbox 1811 2249 1939 2285; x_wconf 87' lang='lat' dir='ltr'>omnia</span> <span class='ocrx_word' id='word_1_760' title='bbox 1966 2248 2192 2298; x_wconf 83' lang='lat' dir='ltr'>sequentia.</span> 
     </span>
    </p>

    <p class='ocr_par' dir='ltr' id='par_1_13' title="bbox 1339 2299 2475 2621">
     <span class='ocr_line' id='line_1_101' title="bbox 1406 2299 2475 2353; baseline 0 -14"><span class='ocrx_word' id='word_1_761' title='bbox 1406 2313 1492 2353; x_wconf 82' lang='lat'>191.</span> <span class='ocrx_word' id='word_1_762' title='bbox 1524 2299 1659 2339; x_wconf 87' lang='lat' dir='ltr'>Primo</span> <span class='ocrx_word' id='word_1_763' title='bbox 1688 2302 1803 2352; x_wconf 85' lang='lat' dir='ltr'>igitur</span> <span class='ocrx_word' id='word_1_764' title='bbox 1831 2301 1947 2340; x_wconf 86' lang='lat' dir='ltr'>dicit:</span> <span class='ocrx_word' id='word_1_765' title='bbox 1976 2300 2085 2339; x_wconf 82' lang='lat' dir='ltr'>Sicut</span> <span class='ocrx_word' id='word_1_766' title='bbox 2113 2304 2155 2338; x_wconf 88' lang='lat' dir='ltr'>in</span> <span class='ocrx_word' id='word_1_767' title='bbox 2183 2299 2319 2338; x_wconf 74' lang='lat' dir='ltr'>Adam</span> <span class='ocrx_word' id='word_1_768' title='bbox 2333 2312 2475 2339; x_wconf 78' lang='lat' dir='ltr'>omnes.</span> 
     </span>
     <span class='ocr_line' id='line_1_102' title="bbox 1343 2353 2474 2407; baseline -0.001 -14"><span class='ocrx_word' id='word_1_769' title='bbox 1343 2359 1567 2393; x_wconf 74' lang='lat' dir='ltr'>moriuntur</span> <span class='ocrx_word' id='word_1_770' title='bbox 1582 2385 1595 2404; x_wconf 88' lang='lat'>,</span> <span class='ocrx_word' id='word_1_771' title='bbox 1623 2354 1771 2393; x_wconf 88' lang='lat' dir='ltr'>scilicet</span> <span class='ocrx_word' id='word_1_772' title='bbox 1785 2363 1906 2393; x_wconf 87' lang='lat' dir='ltr'>morte</span> <span class='ocrx_word' id='word_1_773' title='bbox 1922 2353 2140 2407; x_wconf 83' lang='lat' dir='ltr'>spirituali,</span> <span class='ocrx_word' id='word_1_774' title='bbox 2162 2357 2219 2392; x_wconf 77' lang='lat' dir='ltr'>ita</span> <span class='ocrx_word' id='word_1_775' title='bbox 2234 2355 2283 2395; x_wconf 68' lang='lat'>(9⁶</span> <span class='ocrx_word' id='word_1_776' title='bbox 2301 2358 2344 2392; x_wconf 81' lang='lat' dir='ltr'>in</span> <span class='ocrx_word' id='word_1_777' title='bbox 2364 2353 2474 2392; x_wconf 71' lang='lat' dir='ltr'>Chri-</span> 
     </span>
     <span class='ocr_line' id='line_1_103' title="bbox 1344 2407 2469 2462; baseline -0.002 -15"><span class='ocrx_word' id='word_1_778' title='bbox 1344 2418 1405 2447; x_wconf 82' lang='lat' dir='ltr'>sto</span> <span class='ocrx_word' id='word_1_779' title='bbox 1433 2422 1576 2447; x_wconf 85' lang='lat' dir='ltr'>omnes</span> <span class='ocrx_word' id='word_1_780' title='bbox 1603 2407 1931 2461; x_wconf 67' lang='lat' dir='ltr'>vivificabuntur;</span> <span class='ocrx_word' id='word_1_781' title='bbox 1954 2421 2090 2447; x_wconf 53' lang='lat' dir='ltr'>&gt;omnes</span> <span class='ocrx_word' id='word_1_782' title='bbox 2109 2410 2271 2462; x_wconf 88' lang='lat' dir='ltr'>inquam</span> <span class='ocrx_word' id='word_1_783' title='bbox 2289 2438 2300 2456; x_wconf 84' lang='lat'>,</span> <span class='ocrx_word' id='word_1_784' title='bbox 2328 2409 2398 2461; x_wconf 84' lang='lat' dir='ltr'>qui</span> <span class='ocrx_word' id='word_1_785' title='bbox 2428 2420 2469 2446; x_wconf 83' lang='lat' dir='ltr'>e-</span> 
     </span>
     <span class='ocr_line' id='line_1_104' title="bbox 1339 2461 2474 2515; baseline -0.001 -16"><span class='ocrx_word' id='word_1_786' title='bbox 1339 2463 1505 2515; x_wconf 79' lang='lat' dir='ltr'>jusdem</span> <span class='ocrx_word' id='word_1_787' title='bbox 1537 2461 1677 2501; x_wconf 73' lang='lat' dir='ltr'>Christi</span> <span class='ocrx_word' id='word_1_788' title='bbox 1705 2471 1825 2511; x_wconf 77' lang='lat' dir='ltr'>sunt,</span> <span class='ocrx_word' id='word_1_789' title='bbox 1859 2476 1997 2514; x_wconf 87' lang='lat' dir='ltr'>nempe</span> <span class='ocrx_word' id='word_1_790' title='bbox 2022 2461 2163 2509; x_wconf 76' lang='lat' dir='ltr'>electi,</span> <span class='ocrx_word' id='word_1_791' title='bbox 2203 2462 2474 2501; x_wconf 83' lang='lat' dir='ltr'>excitabuntur</span> 
     </span>
     <span class='ocr_line' id='line_1_105' title="bbox 1345 2515 2467 2569; baseline -0.002 -15"><span class='ocrx_word' id='word_1_792' title='bbox 1345 2517 1395 2554; x_wconf 90' lang='lat' dir='ltr'>ad</span> <span class='ocrx_word' id='word_1_793' title='bbox 1424 2518 1543 2556; x_wconf 88' lang='lat' dir='ltr'>vitam</span> <span class='ocrx_word' id='word_1_794' title='bbox 1574 2516 1723 2555; x_wconf 88' lang='lat' dir='ltr'>beatam</span> <span class='ocrx_word' id='word_1_795' title='bbox 1741 2545 1753 2565; x_wconf 93' lang='lat'>,</span> <span class='ocrx_word' id='word_1_796' title='bbox 1783 2515 2034 2569; x_wconf 82' lang='lat' dir='ltr'>&amp;gloriosam</span> <span class='ocrx_word' id='word_1_797' title='bbox 2062 2518 2104 2554; x_wconf 90' lang='lat' dir='ltr'>in</span> <span class='ocrx_word' id='word_1_798' title='bbox 2131 2515 2244 2555; x_wconf 87' lang='lat' dir='ltr'>coelis</span> <span class='ocrx_word' id='word_1_799' title='bbox 2273 2528 2348 2553; x_wconf 84' lang='lat' dir='ltr'>una</span> <span class='ocrx_word' id='word_1_800' title='bbox 2377 2527 2467 2552; x_wconf 87' lang='lat' dir='ltr'>cum</span> 
     </span>
     <span class='ocr_line' id='line_1_106' title="bbox 1344 2570 1635 2621; baseline 0.003 -14"><span class='ocrx_word' id='word_1_801' title='bbox 1344 2570 1429 2621; x_wconf 49' lang='lat' dir='ltr'>&gt;ipso</span> <span class='ocrx_word' id='word_1_802' title='bbox 1456 2570 1607 2609; x_wconf 86' lang='lat' dir='ltr'>Christo</span> <span class='ocrx_word' id='word_1_803' title='bbox 1623 2594 1635 2608; x_wconf 89' lang='grc'><strong>.</strong></span> 
     </span>
    </p>

    <p class='ocr_par' dir='ltr' id='par_1_14' title="bbox 1341 2620 2476 3266">
     <span class='ocr_line' id='line_1_107' title="bbox 1407 2620 2470 2676; baseline 0 -16"><span class='ocrx_word' id='word_1_804' title='bbox 1407 2637 1495 2676; x_wconf 81' lang='lat'>192.</span> <span class='ocrx_word' id='word_1_805' title='bbox 1523 2621 1704 2662; x_wconf 85' lang='lat' dir='ltr'>Secundo</span> <span class='ocrx_word' id='word_1_806' title='bbox 1733 2636 1935 2676; x_wconf 86' lang='lat' dir='ltr'>perperam</span> <span class='ocrx_word' id='word_1_807' title='bbox 1955 2630 2116 2662; x_wconf 85' lang='lat' dir='ltr'>mortem</span> <span class='ocrx_word' id='word_1_808' title='bbox 2146 2620 2410 2661; x_wconf 85' lang='lat' dir='ltr'>destruendam</span> <span class='ocrx_word' id='word_1_809' title='bbox 2431 2636 2470 2660; x_wconf 84' lang='lat' dir='ltr'>a·</span> 
     </span>
     <span class='ocr_line' id='line_1_108' title="bbox 1345 2675 2472 2728; baseline 0 -16"><span class='ocrx_word' id='word_1_810' title='bbox 1345 2675 1447 2728; x_wconf 85' lang='lat' dir='ltr'>liqui</span> <span class='ocrx_word' id='word_1_811' title='bbox 1477 2679 1575 2715; x_wconf 90' lang='lat' dir='ltr'>inter</span> <span class='ocrx_word' id='word_1_812' title='bbox 1605 2687 1773 2716; x_wconf 88' lang='lat' dir='ltr'>retantur</span> <span class='ocrx_word' id='word_1_813' title='bbox 1801 2677 2008 2716; x_wconf 87' lang='lat' dir='ltr'>secundam</span> <span class='ocrx_word' id='word_1_814' title='bbox 2037 2685 2197 2714; x_wconf 85' lang='lat' dir='ltr'>mortem</span> <span class='ocrx_word' id='word_1_815' title='bbox 2216 2706 2226 2724; x_wconf 91' lang='lat'>,</span> <span class='ocrx_word' id='word_1_816' title='bbox 2257 2676 2302 2714; x_wconf 89' lang='lat' dir='ltr'>de</span> <span class='ocrx_word' id='word_1_817' title='bbox 2318 2690 2395 2728; x_wconf 82' lang='lat' dir='ltr'>qua</span> <span class='ocrx_word' id='word_1_818' title='bbox 2417 2676 2472 2713; x_wconf 83' lang='lat' dir='ltr'>lo·-</span> 
     </span>
     <span class='ocr_line' id='line_1_109' title="bbox 1346 2729 2476 2782; baseline 0 -15"><span class='ocrx_word' id='word_1_819' title='bbox 1346 2731 1479 2781; x_wconf 89' lang='lat' dir='ltr'>quitur</span> <span class='ocrx_word' id='word_1_820' title='bbox 1507 2730 1547 2769; x_wconf 91' lang='lat' dir='ltr'>S.</span> <span class='ocrx_word' id='word_1_821' title='bbox 1599 2745 1737 2770; x_wconf 87' lang='lat' dir='ltr'>oannes</span> <span class='ocrx_word' id='word_1_822' title='bbox 1766 2731 1806 2769; x_wconf 89' lang='lat' dir='ltr'>in</span> <span class='ocrx_word' id='word_1_823' title='bbox 1823 2729 2080 2782; x_wconf 81' lang='lat' dir='ltr'>Apocalypsi3</span> <span class='ocrx_word' id='word_1_824' title='bbox 2111 2743 2238 2768; x_wconf 87' lang='lat' dir='ltr'>sensus</span> <span class='ocrx_word' id='word_1_825' title='bbox 2263 2729 2476 2782; x_wconf 58' lang='lat' dir='ltr'>enimpla-</span> 
     </span>
     <span class='ocr_line' id='line_1_110' title="bbox 1347 2782 2474 2835; baseline 0.002 -15"><span class='ocrx_word' id='word_1_826' title='bbox 1347 2797 1420 2821; x_wconf 87' lang='lat' dir='ltr'>nus</span> <span class='ocrx_word' id='word_1_827' title='bbox 1447 2783 1482 2822; x_wconf 63' lang='lat'>8⁸</span> <span class='ocrx_word' id='word_1_828' title='bbox 1505 2783 1648 2824; x_wconf 88' lang='lat' dir='ltr'>obvius</span> <span class='ocrx_word' id='word_1_829' title='bbox 1675 2793 1758 2833; x_wconf 82' lang='lat' dir='ltr'>est,</span> <span class='ocrx_word' id='word_1_830' title='bbox 1786 2792 1948 2822; x_wconf 88' lang='lat' dir='ltr'>mortem</span> <span class='ocrx_word' id='word_1_831' title='bbox 1965 2798 2040 2822; x_wconf 88' lang='lat' dir='ltr'>esse</span> <span class='ocrx_word' id='word_1_832' title='bbox 2055 2782 2322 2821; x_wconf 87' lang='lat' dir='ltr'>destruendam</span> <span class='ocrx_word' id='word_1_833' title='bbox 2340 2813 2350 2832; x_wconf 87' lang='lat'>,</span> <span class='ocrx_word' id='word_1_834' title='bbox 2380 2785 2474 2835; x_wconf 80' lang='lat' dir='ltr'>quia.</span> 
     </span>
     <span class='ocr_line' id='line_1_111' title="bbox 1346 2836 2475 2891; baseline 0.001 -17"><span class='ocrx_word' id='word_1_835' title='bbox 1346 2836 1476 2876; x_wconf 88' lang='lat' dir='ltr'>Sancti</span> <span class='ocrx_word' id='word_1_836' title='bbox 1502 2848 1697 2891; x_wconf 83' lang='lat' dir='ltr'>resurgent</span> <span class='ocrx_word' id='word_1_837' title='bbox 1723 2837 1774 2876; x_wconf 84' lang='lat' dir='ltr'>ad</span> <span class='ocrx_word' id='word_1_838' title='bbox 1799 2839 1920 2876; x_wconf 78' lang='lat' dir='ltr'>vitam</span> <span class='ocrx_word' id='word_1_839' title='bbox 1949 2836 2207 2877; x_wconf 86' lang='lat' dir='ltr'>immortalem</span> <span class='ocrx_word' id='word_1_840' title='bbox 2225 2863 2234 2875; x_wconf 92' lang='lat'>.</span> <span class='ocrx_word' id='word_1_841' title='bbox 2274 2837 2316 2875; x_wconf 85' lang='lat' dir='ltr'>ld</span> <span class='ocrx_word' id='word_1_842' title='bbox 2345 2837 2475 2889; x_wconf 86' lang='lat' dir='ltr'>ipsum</span> 
     </span>
     <span class='ocr_line' id='line_1_112' title="bbox 1342 2891 2468 2945; baseline -0.001 -16"><span class='ocrx_word' id='word_1_843' title='bbox 1342 2897 1478 2929; x_wconf 68' lang='lat' dir='ltr'>‘tamen</span> <span class='ocrx_word' id='word_1_844' title='bbox 1504 2891 1553 2930; x_wconf 88' lang='lat' dir='ltr'>de</span> <span class='ocrx_word' id='word_1_845' title='bbox 1579 2891 1755 2945; x_wconf 82' lang='lat' dir='ltr'>reprobis</span> <span class='ocrx_word' id='word_1_846' title='bbox 1769 2892 1846 2930; x_wconf 87' lang='lat' dir='ltr'>dici</span> <span class='ocrx_word' id='word_1_847' title='bbox 1862 2893 2016 2944; x_wconf 89' lang='lat' dir='ltr'>proprie</span> <span class='ocrx_word' id='word_1_848' title='bbox 2033 2921 2044 2940; x_wconf 92' lang='lat'>,</span> <span class='ocrx_word' id='word_1_849' title='bbox 2073 2905 2145 2929; x_wconf 90' lang='lat' dir='ltr'>non</span> <span class='ocrx_word' id='word_1_850' title='bbox 2162 2899 2303 2942; x_wconf 85' lang='lat' dir='ltr'>potest3</span> <span class='ocrx_word' id='word_1_851' title='bbox 2330 2904 2468 2943; x_wconf 82' lang='lat' dir='ltr'>quam-</span> 
     </span>
     <span class='ocr_line' id='line_1_113' title="bbox 1346 2943 2467 2997; baseline -0.004 -15"><span class='ocrx_word' id='word_1_852' title='bbox 1346 2946 1408 2983; x_wconf 89' lang='lat' dir='ltr'>vis</span> <span class='ocrx_word' id='word_1_853' title='bbox 1436 2946 1540 2983; x_wconf 89' lang='lat' dir='ltr'>enim</span> <span class='ocrx_word' id='word_1_854' title='bbox 1568 2945 1604 2981; x_wconf 70' lang='lat'>⁷&amp;</span> <span class='ocrx_word' id='word_1_855' title='bbox 1630 2946 1706 2997; x_wconf 87' lang='lat' dir='ltr'>ipsi</span> <span class='ocrx_word' id='word_1_856' title='bbox 1734 2953 1949 2995; x_wconf 80' lang='lat' dir='ltr'>resurgent,</span> <span class='ocrx_word' id='word_1_857' title='bbox 1976 2957 2053 2983; x_wconf 85' lang='lat' dir='ltr'>non</span> <span class='ocrx_word' id='word_1_858' title='bbox 2082 2943 2251 2996; x_wconf 88' lang='lat' dir='ltr'>amplius</span> <span class='ocrx_word' id='word_1_859' title='bbox 2279 2943 2467 2989; x_wconf 85' lang='lat' dir='ltr'>morituri,</span> 
     </span>
     <span class='ocr_line' id='line_1_114' title="bbox 1344 2996 2466 3050; baseline -0.001 -15"><span class='ocrx_word' id='word_1_860' title='bbox 1344 3007 1582 3038; x_wconf 83' lang='lat' dir='ltr'>nontamen</span> <span class='ocrx_word' id='word_1_861' title='bbox 1623 2999 1702 3036; x_wconf 89' lang='lat' dir='ltr'>dici</span> <span class='ocrx_word' id='word_1_862' title='bbox 1744 3007 1899 3050; x_wconf 88' lang='lat' dir='ltr'>possunt</span> <span class='ocrx_word' id='word_1_863' title='bbox 1940 3013 1963 3036; x_wconf 92' lang='lat' dir='ltr'>a</span> <span class='ocrx_word' id='word_1_864' title='bbox 1990 3008 2110 3037; x_wconf 89' lang='lat' dir='ltr'>morte</span> <span class='ocrx_word' id='word_1_865' title='bbox 2150 2997 2329 3044; x_wconf 87' lang='lat' dir='ltr'>liberati,</span> <span class='ocrx_word' id='word_1_866' title='bbox 2373 2996 2466 3046; x_wconf 75' lang='lat' dir='ltr'>quia</span> 
     </span>
     <span class='ocr_line' id='line_1_115' title="bbox 1347 3048 2468 3101; baseline -0.003 -13"><span class='ocrx_word' id='word_1_867' title='bbox 1347 3052 1397 3089; x_wconf 87' lang='lat' dir='ltr'>ad</span> <span class='ocrx_word' id='word_1_868' title='bbox 1425 3053 1546 3090; x_wconf 88' lang='lat' dir='ltr'>vitam</span> <span class='ocrx_word' id='word_1_869' title='bbox 1574 3061 1695 3090; x_wconf 88' lang='lat' dir='ltr'>morte</span> <span class='ocrx_word' id='word_1_870' title='bbox 1725 3052 1954 3091; x_wconf 85' lang='lat' dir='ltr'>deteriorem</span> <span class='ocrx_word' id='word_1_871' title='bbox 1996 3050 2235 3091; x_wconf 88' lang='lat' dir='ltr'>transibunt:</span> <span class='ocrx_word' id='word_1_872' title='bbox 2274 3048 2468 3101; x_wconf 80' lang='lat' dir='ltr'>quomodo</span> 
     </span>
     <span class='ocr_line' id='line_1_116' title="bbox 1348 3101 2467 3158; baseline -0.004 -17"><span class='ocrx_word' id='word_1_873' title='bbox 1348 3106 1403 3141; x_wconf 89' lang='lat' dir='ltr'>rei</span> <span class='ocrx_word' id='word_1_874' title='bbox 1430 3104 1585 3158; x_wconf 87' lang='lat' dir='ltr'>quando</span> <span class='ocrx_word' id='word_1_875' title='bbox 1610 3105 1660 3143; x_wconf 87' lang='lat' dir='ltr'>de</span> <span class='ocrx_word' id='word_1_876' title='bbox 1688 3118 1840 3144; x_wconf 88' lang='lat' dir='ltr'>carcere</span> <span class='ocrx_word' id='word_1_877' title='bbox 1882 3104 2088 3144; x_wconf 81' lang='lat' dir='ltr'>trahuntur</span> <span class='ocrx_word' id='word_1_878' title='bbox 2130 3103 2176 3142; x_wconf 84' lang='lat' dir='ltr'>ad</span> <span class='ocrx_word' id='word_1_879' title='bbox 2203 3101 2437 3153; x_wconf 87' lang='lat' dir='ltr'>supplicium</span> <span class='ocrx_word' id='word_1_880' title='bbox 2455 3130 2467 3149; x_wconf 81' lang='lat'>,</span> 
     </span>
     <span class='ocr_line' id='line_1_117' title="bbox 1341 3156 2468 3211; baseline -0.004 -16"><span class='ocrx_word' id='word_1_881' title='bbox 1341 3169 1421 3196; x_wconf 56' lang='lat' dir='ltr'>‘non</span> <span class='ocrx_word' id='word_1_882' title='bbox 1446 3159 1605 3211; x_wconf 89' lang='lat' dir='ltr'>proprie</span> <span class='ocrx_word' id='word_1_883' title='bbox 1627 3159 1810 3198; x_wconf 57' lang='lat' dir='ltr'>*dicuntur</span> <span class='ocrx_word' id='word_1_884' title='bbox 1838 3159 1885 3197; x_wconf 88' lang='lat' dir='ltr'>de</span> <span class='ocrx_word' id='word_1_885' title='bbox 1913 3172 2066 3198; x_wconf 86' lang='lat' dir='ltr'>carcere</span> <span class='ocrx_word' id='word_1_886' title='bbox 2094 3156 2270 3203; x_wconf 85' lang='lat' dir='ltr'>liberati,</span> <span class='ocrx_word' id='word_1_887' title='bbox 2300 3156 2391 3206; x_wconf 85' lang='lat' dir='ltr'>quia</span> <span class='ocrx_word' id='word_1_888' title='bbox 2420 3156 2468 3192; x_wconf 84' lang='lat' dir='ltr'>de</span> 
     </span>
     <span class='ocr_line' id='line_1_118' title="bbox 1347 3212 2092 3266; baseline 0 -17"><span class='ocrx_word' id='word_1_889' title='bbox 1347 3224 1425 3250; x_wconf 88' lang='lat' dir='ltr'>uno</span> <span class='ocrx_word' id='word_1_890' title='bbox 1453 3212 1557 3251; x_wconf 86' lang='lat' dir='ltr'>malo</span> <span class='ocrx_word' id='word_1_891' title='bbox 1584 3212 1632 3251; x_wconf 88' lang='lat' dir='ltr'>ad</span> <span class='ocrx_word' id='word_1_892' title='bbox 1659 3213 1785 3264; x_wconf 82' lang='lat' dir='ltr'>majus</span> <span class='ocrx_word' id='word_1_893' title='bbox 1813 3214 2092 3266; x_wconf 82' lang='lat' dir='ltr'>commigrant.</span> 
     </span>
    </p>

    <p class='ocr_par' dir='ltr' id='par_1_15' title="bbox 1408 3258 2467 3319">
     <span class='ocr_line' id='line_1_119' title="bbox 1408 3258 2467 3319; baseline -0.003 -16"><span class='ocrx_word' id='word_1_894' title='bbox 1408 3266 1494 3318; x_wconf 77' lang='lat'>195.</span> <span class='ocrx_word' id='word_1_895' title='bbox 1523 3265 1759 3305; x_wconf 85' lang='lat' dir='ltr'>Postremum</span> <span class='ocrx_word' id='word_1_896' title='bbox 1788 3267 1954 3319; x_wconf 86' lang='lat' dir='ltr'>denique</span> <span class='ocrx_word' id='word_1_897' title='bbox 1983 3263 2137 3303; x_wconf 82' lang='lat' dir='ltr'>facilem</span> <span class='ocrx_word' id='word_1_898' title='bbox 2167 3258 2280 3299; x_wconf 85' lang='lat' dir='ltr'>habet</span> <span class='ocrx_word' id='word_1_899' title='bbox 2300 3260 2467 3313; x_wconf 84' lang='lat' dir='ltr'>explica-</span> 
     </span>
    </p>
   </div>
   <div class='ocr_carea' id='block_1_6' title="bbox 1346 3310 2466 3405">
    <p class='ocr_par' dir='ltr' id='par_1_16' title="bbox 1346 3310 2466 3405">
     <span class='ocr_line' id='line_1_120' title="bbox 1346 3310 2466 3363; baseline -0.006 -4"><span class='ocrx_word' id='word_1_900' title='bbox 1346 3319 1492 3360; x_wconf 82' lang='lat' dir='ltr'>tionem</span> <span class='ocrx_word' id='word_1_901' title='bbox 1521 3334 1610 3360; x_wconf 89' lang='lat' dir='ltr'>cum</span> <span class='ocrx_word' id='word_1_902' title='bbox 1638 3320 1680 3360; x_wconf 89' lang='lat' dir='ltr'>S.</span> <span class='ocrx_word' id='word_1_903' title='bbox 1696 3320 1849 3361; x_wconf 87' lang='lat' dir='ltr'>Thoma</span> <span class='ocrx_word' id='word_1_904' title='bbox 1876 3322 1918 3360; x_wconf 82' lang='lat' dir='ltr'>iu</span> <span class='ocrx_word' id='word_1_905' title='bbox 1932 3319 2007 3359; x_wconf 86' lang='lat' dir='ltr'>fine</span> <span class='ocrx_word' id='word_1_906' title='bbox 2021 3317 2128 3355; x_wconf 84' lang='lat' dir='ltr'>Lect.</span> <span class='ocrx_word' id='word_1_907' title='bbox 2143 3315 2192 3356; x_wconf 76' lang='grc' dir='ltr'>ΙΙ.</span> <span class='ocrx_word' id='word_1_908' title='bbox 2225 3313 2276 3363; x_wconf 69' lang='lat' dir='ltr'>Ut</span> <span class='ocrx_word' id='word_1_909' title='bbox 2289 3318 2338 3354; x_wconf 79' lang='lat' dir='ltr'>sit</span> <span class='ocrx_word' id='word_1_910' title='bbox 2354 3310 2466 3354; x_wconf 78' lang='lat' dir='ltr'>Deus</span> 
     </span>
     <span class='ocr_line' id='line_1_121' title="bbox 1927 3380 2415 3405; baseline -0.006 -14"><span class='ocrx_word' id='word_1_911' title='bbox 1927 3389 1929 3391; x_wconf 87' lang='lat'>.</span> <span class='ocrx_word' id='word_1_912' title='bbox 2374 3380 2415 3405; x_wconf 71' lang='grc' dir='ltr'>ο,</span> 
     </span>
    </p>
   </div>
  </div>
 </body>
</html>
