2570 3745
223 188 250 236 4
749 178 831 223 DE
866 176 1098 222 GRATIA
1131 176 1180 220 P.
1202 177 1238 221 Ι.
1269 174 1536 220 DISSERT.
1558 176 1593 218 1.
1626 175 1754 221 CAP.
1776 172 1835 220 ΙΙ.

157 264 207 302 11.
237 261 487 302 Monasticam
515 259 633 299 vitam
664 257 763 310 egit,
793 271 868 297 non
899 261 938 297 in
966 271 1114 306 eremo,
1143 258 1264 296 autin

156 317 329 355 caenobio
357 317 517 364 degens,
545 314 607 351 sed
637 314 677 350 in
707 313 871 363 propriis
899 313 1046 351 aedibus
1063 341 1073 360 ,
1105 311 1202 349 unde
1221 311 1263 349 S.

155 370 386 421 Augustinus
415 365 463 404 de
490 369 610 456 gestis
638 365 790 417 Pelagii
819 381 904 417 cap.
924 366 986 404 55.
1017 378 1103 402 eum
1123 394 1133 413 ,
1163 364 1264 415 ejus—

153 436 227 473 que
255 422 399 459 socium
427 419 493 458 Coe
515 420 649 458 estium
679 419 791 457 veluti
811 417 1038 456 Monachos
1057 421 1262 456 nominat.

152 474 327 525 Simplex
356 472 477 511 laicus
507 473 578 511 fuit
596 502 608 521 ‚
653 471 686 507 8<
723 481 876 510 externa
904 472 1108 510 sanctitatis
1137 472 1262 522 specie

151 526 365 579 plurimum
396 526 679 564 commendatus
696 552 706 563 .
736 526 936 563 Desiderio
955 524 1039 562 loca
1057 532 1184 562 sancta
1205 524 1262 561 in·

150 581 326 628 visendi,
356 581 525 633 primum
556 594 592 618 se
614 579 773 617 Romam
795 578 975 626 eontulit,
1005 577 1138 630 ibique
1158 577 1261 616 circa

152 647 215 672 an.
246 634 338 680 405.
369 647 452 671 suos
482 646 626 671 errores
653 633 900 671 disseminare
928 632 1071 684 coepit,
1109 630 1143 666 ἃ
1171 643 1261 668 cum

150 686 358 740 aliquando
387 687 621 738 Episcopum
653 686 814 724 audisset
843 686 1033 724 dicentem
1063 696 1107 721 ex
1131 682 1260 734 Augu-

149 742 236 780 stini
270 738 586 790 Confessionilms
617 739 703 778 Lib.
738 738 789 777 X.
833 753 918 791 cap.
953 738 1041 777 5¹.:
1085 735 1260 774 Domine

149 793 204 832 dtz
222 825 231 842 ,
261 793 362 845 quod
384 793 523 846 jubes,
553 794 601 833 <9‘
625 792 718 845 jube
747 792 847 844 quod
875 796 951 840 vis,
981 789 1260 828 contradicens

148 849 354 898 aliquanto
375 850 632 894 commotius,
660 858 760 896 pene
775 859 866 883 cum
882 859 954 892 eo,
985 847 1049 894 qui
1065 842 1134 880 illa
1150 853 1259 877 com-

149 899 427 949 memorabat,
455 901 646 953 litigavit.
675 900 730 937 Ita
745 898 786 939 S.
801 899 960 950 August.
990 895 1038 933 de
1052 893 1153 931 dono
1172 906 1260 945 per-

148 968 228 994 sev.
258 970 342 1007 cap.
366 968 429 993 20.

208 1009 268 1048 15.
299 1010 395 1046 Inter
424 1007 527 1046 illius
555 1006 761 1058 discipulos
782 1004 948 1042 maxime
964 1000 1156 1040 eminebat
1170 1001 1260 1040 Coe-

147 1062 277 1100 lestius
295 1093 305 1109 ,
336 1061 473 1099 illustri
502 1073 637 1112 genere
667 1067 772 1096 natus
803 1057 895 1107 (a);
932 1056 996 1094 sed
1024 1065 1171 1094 naturae
1200 1056 1258 1092 vi-

147 1117 200 1153 tio
218 1108 452 1152 'eunuchus.
496 1114 569 1150 Hic
598 1112 689 1149 adeo
717 1124 785 1164 pro
814 1110 1029 1161 Pelagianae
1063 1108 1259 1145 Haereseos

146 1167 363 1206 dilatatione
399 1165 671 1212 adlaboravit,
714 1174 754 1201 ut
782 1162 897 1213 hujus
933 1169 1042 1200 sectae
1084 1160 1259 1198 homines

145 1221 374 1272 quaudoque
404 1220 518 1256 etiam
551 1218 781 1255 coelestiani
808 1216 898 1254 dicti
918 1217 1017 1263 sint,
1047 1215 1167 1252 immo
1187 1213 1258 1251 sub

146 1272 218 1311 hoc
247 1275 327 1323 ipso
356 1273 510 1310 nomine
531 1271 568 1307 in
583 1270 755 1307 Concilio
771 1268 966 1320 Ephesino
985 1268 1153 1306 damnati
1176 1266 1257 1318 (b).

145 1326 300 1365 Alarico
314 1324 525 1362 Gothorum
544 1323 642 1375 Rege
666 1322 825 1360 Romam
841 1323 1065 1360 adventante
1086 1336 1148 1359 an.
1165 1321 1257 1371 409.

146 1378 320 1430 Pelagius
349 1392 436 1415 cum
475 1377 552 1414 fido
594 1389 660 1413 suo
687 1376 864 1414 Coelestio
901 1377 940 1413 in
971 1374 1144 1412 Siciliam
1180 1376 1256 1424 pri-

145 1446 282 1479 mum,
326 1431 462 1468 deinde
493 1439 570 1480 post
600 1430 801 1467 biennium
832 1430 872 1466 in
904 1429 1075 1465 Africam
1106 1429 1258 1477 naviga-

146 1487 230 1532 vit,
260 1485 360 1522 unde
389 1493 467 1535 post
496 1483 652 1519 brevem
683 1495 829 1518 moram
852 1511 862 1527 ,
905 1480 1083 1518 Coelestio
1112 1480 1257 1516 ibidem

144 1539 302 1583 relicto,
335 1538 372 1573 in
403 1535 645 1572 Palaestinam
672 1547 709 1570 se
738 1533 924 1571 contulit.
966 1531 1086 1569 Varia
1115 1531 1188 1569 suit
1217 1545 1259 1568 u-

143 1593 314 1641 triusque
345 1589 491 1624 fortuna
507 1613 517 1624 .

202 1645 263 1688 14.
293 1640 466 1691 Pelagius
481 1649 632 1678 externa
651 1641 818 1689 quadam
836 1638 984 1690 pietatis
997 1637 1151 1676 fictione
1170 1650 1259 1687 gra-

144 1698 237 1736 tiam
269 1695 420 1732 Joauuis
448 1692 631 1744 Episcopi
659 1691 915 1744 Jesosolymit.
945 1698 1156 1743 aucupatus
1176 1699 1258 1738 est,

145 1750 180 1787 δι
211 1763 280 1787 uon
311 1758 449 1798 paucos
477 1745 533 1782 sui
555 1745 691 1782 erroris
711 1758 855 1781 veneno
875 1744 1035 1793 infecit,
1063 1743 1165 1796 quod
1185 1743 1258 1780 mi-

144 1802 267 1842 rabile
297 1800 416 1839 videri
444 1812 519 1836 non
548 1798 684 1843 debet3
715 1797 827 1836 facile
856 1805 909 1834 est
937 1798 1041 1834 enim
1071 1797 1108 1832 id
1130 1809 1259 1847 super-

143 1857 203 1897 bis
234 1852 451 1892 homiuibus
481 1852 733 1903 persuadere,
778 1853 816 1888 in
853 1850 956 1902 quod
984 1848 1149 1887 naturali
1180 1849 1259 1885 fere

144 1909 327 1960 φιλαυτία
358 1905 610 1957 propendent,
642 1914 680 1941 ut
710 1918 846 1955 nempe
875 1903 948 1941 sibi
971 1903 1061 1954 ipsis
1082 1916 1164 1939 suas
1182 1903 1258 1939 vir·

145 1969 241 1998 tutes
271 1960 459 2005 tribuant,
489 1959 534 1995 de
563 1960 685 2010 iisque
713 1959 820 2010 quasi
850 1957 897 1994 de
917 1957 1079 2009 propriis
1102 1955 1257 1993 foetibus

143 2013 372 2065 glorientur.
407 2012 542 2049 Aderat
572 2013 665 2049 forte
695 2012 843 2049 fortuna
871 2011 911 2047 in
941 2009 1141 2047 Palaestina
1161 2008 1256 2046 Pau-

145 2067 204 2105 lus
233 2067 386 2104 Orosius
416 2066 708 2103 Tarraconensis
729 2064 956 2116 Presbyter,
985 2076 1029 2100 eo
1057 2062 1105 2100 ab
1129 2062 1255 2113 Augu-

144 2121 241 2158 stino
271 2120 424 2164 missus,
456 2119 548 2155 utS.
566 2119 847 2169 Hieronymum
877 2118 922 2154 de
950 2117 1096 2167 origine
1115 2116 1256 2153 animae

146 2172 351 2211 consuleret
368 2198 378 2209 .
409 2171 481 2208 Hic
497 2170 668 2222 gliscenti
686 2170 833 2207 Haeresi
863 2184 900 2207 se
920 2169 1042 2207 statim
1057 2169 1256 2220 opposuit,

147 2225 180 2260 &
209 2240 231 2262 a
257 2226 400 2262 Joanne
421 2223 734 2275 Jesosolymitano
746 2222 944 2275 Synodum
973 2221 1159 2260 celebrari
1184 2222 1258 2259 im-

147 2279 338 2331 petravit5
368 2278 405 2314 in
434 2290 510 2328 qua
540 2286 664 2313 tamen
683 2276 833 2327 Pelagio
861 2286 969 2314 caute
1000 2288 1144 2313 errores
1173 2287 1258 2313 suos

148 2330 437 2377 dissimulante,
467 2327 565 2366 nihil
589 2329 789 2366 definitum
806 2359 816 2376 ,
845 2330 908 2367 sed
937 2329 1088 2367 silentio
1109 2329 1259 2380 utrique

148 2385 248 2437 parti
277 2384 480 2436 impositO,
509 2395 566 2421 res
594 2381 640 2420 ad
671 2382 930 2421 Innocentium
953 2384 983 2421 I.
1013 2382 1124 2421 Rom.
1154 2380 1260 2421 Pont.

150 2531 313 2565 Albinum
337 2543 474 2571 cauem,·
499 2531 581 2576 quia
607 2539 694 2565 teste
710 2530 918 2565 Buclianano
942 2531 977 2565 in
992 2532 1088 2567 IIist.
1109 2535 1259 2575 Semne,

152 2578 333 2610 Britannia
358 2577 452 2611 dicta
477 2587 527 2611 est
564 2579 648 2612 olim
677 2579 798 2612 scotia
816 2601 826 2617 ,
863 2583 894 2611 8<
920 2580 1070 2612 Albion.
1107 2583 1260 2614 Consen-

152 2624 246 2655 tiunt
274 2625 490 2666 Augustinus
516 2625 627 2669 Epist.
658 2626 737 2658 106.
754 2646 764 2665 ‚
800 2626 944 2658 Orosius
971 2626 1005 2658 in
1031 2627 1203 2669 Apolog.‚
1230 2631 1261 2659 8<

151 2668 298 2711 Prosper
325 2670 423 2701 initio
441 2672 558 2703 Carm.
577 2669 618 2702 de
645 2675 815 2715 ingratis.
841 2671 958 2714 Quare
985 2671 1174 2704 audiendus
1194 2684 1261 2704 non

150 2723 204 2747 est
233 2714 439 2746 Lambertus
466 2716 640 2756 Danaeius,
665 2719 724 2761 qui
752 2719 785 2750 in
813 2717 927 2750 Schol.
957 2716 999 2751 ad
1026 2719 1102 2751 Lib.
1128 2719 1162 2751 S.
1190 2719 1262 2751 Au-

153 2769 246 2804 gust.
272 2761 315 2791 (le
342 2760 471 2792 Jlaeres.
498 2773 576 2794 eum
603 2763 683 2795 fecit
711 2765 848 2796 natione
874 2764 1042 2804 Gallum,
1083 2768 1113 2796 &
1141 2773 1262 2796 natum

153 2807 189 2839 in
219 2805 409 2838 Aremorici
432 2827 442 2845 ,
477 2808 653 2840 maritima
680 2810 804 2842 Gallias
838 2812 999 2854 regione,
1036 2823 1140 2854 quun
1178 2811 1262 2843 olim

149 2852 368 2886 Britanniam
395 2861 551 2884 vocatam
580 2854 684 2887 fuisse
710 2855 911 2896 contendit,
947 2869 987 2890 eo
1010 2857 1192 2890 translatis
1218 2869 1260 2890 ex

152 2898 300 2934 Albione
328 2898 441 2930 insula
470 2899 668 2931 Britannis.

205 2950 252 2982 (α)
278 2945 328 2977 De
354 2944 428 2988 ejus
454 2945 587 2988 origine
606 2943 813 2979 dissentiunt
840 2946 992 2981 eruditi.
1019 2950 1159 2982 Scotum
1181 2948 1262 2982 fecit

152 2991 320 3023 Baronius
338 2989 378 3024 a‹l
395 3003 448 3023 an.
465 2990 546 3032 410.
574 3002 669 3023 num.
690 2992 741 3023 16.
755 3014 764 3032 ‚
791 3006 890 3036 quem
919 3003 1036 3039 postea
1055 2995 1163 3028 secuti
1184 3004 1263 3029 sunt

154 3037 319 3070 Usserius
334 3059 344 3077 ,
370 3038 576 3077 Jansenius,
605 3040 635 3069 &
659 3038 760 3069 inulti
777 3039 856 3070 alii.
885 3042 1093 3086 Reli-agatur
1111 3042 1165 3074 Jo.
1181 3043 1264 3074 Gar-

153 3084 270 3115 nerius
299 3085 446 3116 Dissert.
468 3085 492 3116 1.
520 3084 552 3115 in
578 3083 727 3116 Marium
754 3083 898 3118 Mercat.
926 3099 999 3132 cap.
1023 3088 1081 3128 5.‚
1106 3091 1137 3120 &
1163 3097 1262 3133 putat

152 3130 257 3162 fnisse
287 3131 508 3170 Romanum,
537 3130 591 3161 vel
619 3131 860 3173 Campanum.

200 3177 243 3212 (bi
273 3177 320 3207 De
338 3176 489 3220 Pelagii,
517 3176 717 3209 &Coelestii
747 3176 908 3219 ingenio,
934 3189 972 3211 ac
997 3179 1155 3214 doctrina
1181 3192 1262 3214 con-

154 3220 260 3254 traria
287 3221 452 3254 videntur
480 3222 712 3266 Hieronymi,
739 3224 770 3253 δι’
797 3224 981 3265 Augustini
1007 3225 1160 3269 judicia·
1189 3227 1263 3259 Pri-

156 3277 235 3299 mus
264 3268 296 3300 in
325 3280 453 3311 proem.
485 3270 561 3302 Lib.
581 3270 641 3301 ΙΙΙ.
670 3268 702 3300 in
730 3269 858 3300 Jeretn.
888 3269 1060 3313 Pelagium
1087 3281 1182 3306 notat
1210 3277 1264 3305 in-

153 3314 285 3345 doctum
302 3336 311 3353 ‚
341 3319 381 3346 Θ
407 3317 679 3348 calumniatorem
696 3337 704 3345 .
731 3314 934 3347 Coelestium
954 3325 1066 3349 autem
1095 3318 1264 3351 irridetin

155 3360 255 3403 epist.
280 3362 326 3393 ad
352 3358 761 3405 Cresiphontequnasi
790 3372 857 3393 non
884 3372 943 3404 per
964 3365 1264 3406 syllogismorum,

149 3413 182 3439 ατ
210 3409 262 3439 sui
282 3408 498 3453 jactabant,
524 3409 587 3442 sed
608 3419 673 3451 per
700 3409 958 3441 solacismormn
983 3410 1118 3451 spineta
1143 3412 1266 3444 decur-

1331 257 1487 294 remissa
1515 263 1588 293 est.
1618 257 1804 308 (Orosius
1833 257 1872 294 iu
1905 253 2090 309 Apologia
2108 286 2119 306 ,
2148 254 2182 295 8c
2206 255 2443 310 Augustinus

1332 309 1381 348 de
1408 312 1528 361 gestis
1557 308 1708 363 Pelagii
1737 311 1850 348 Tom.
1873 308 1925 347 X.
1955 307 2117 359 P.1.)..

1390 364 1451 401 15.
1481 362 1574 399 Haec
1602 376 1662 401 an.
1692 364 1784 409 415.
1814 364 2073 414 contigerunt3
2115 370 2196 415 post
2224 373 2348 403 autem
2379 379 2442 403 eo-

1330 415 1418 454 dem
1447 426 1544 453 anno
1572 414 1647 452 duo
1672 416 1855 469 Episcopi
1884 415 2104 464 Gallicani,
2135 416 2274 464 Heros,
2305 417 2338 452 δι
2369 418 2442 457 La-

1328 482 1458 516 zarus,
1486 467 1554 519 qui
1581 469 1696 507 variis
1724 471 1770 508 de
1799 470 1921 508 causis
1949 484 1969 508 e
1997 471 2074 507 suis
2103 469 2254 506 sedibus
2275 469 2378 520 pulsi
2403 472 2444 508 in

1328 521 1462 560 Africa
1489 519 1702 570 degebant,
1730 522 1928 574 Pelagium
1958 523 2058 575 apud
2074 522 2281 574 Eulogium
2299 521 2445 559 Metro-

1329 574 1488 625 politam
1516 573 1788 613 Caesariensem
1828 578 1965 614 iterum
2003 582 2259 615 accusarunt.
2302 574 2446 614 Habita

1330 637 1382 665 est
1411 627 1481 665 hac
1509 624 1555 663 de
1583 639 1696 664 causa
1711 626 1885 678 Synodus
1900 629 2164 682 Diospolitana
2193 641 2238 666 ex
2266 627 2325 672 14.
2348 627 2447 680 Epi-

1327 682 1450 732 scopis
1478 678 1642 718 conflata
1672 678 1744 732 (S.
1775 678 1970 729 Angustia.
1991 683 2127 722 Lib.I.
2157 690 2263 719 cont.
2290 680 2367 718 Jul.
2397 693 2436 719 c.

1329 732 1368 770 5.
1398 733 1512 771 Tom.
1533 731 1585 770 X.
1602 731 1642 770 P.
1660 733 1689 770 Ι.
1707 733 1722 781 )
1742 762 1752 780 ,
1784 730 1851 769 ubi
1879 729 2050 783 Pelagius
2079 734 2220 775 callide
2236 733 2360 773 Patres
2390 734 2445 771 fe-

1328 785 1453 835 fellit,
1493 785 1527 821 &
1556 785 1766 824 catholicus
1796 783 1977 836 probatus
2006 796 2084 834 est,
2125 788 2204 825 solo
2233 796 2359 826 tamen
2388 799 2448 824 er-

1327 852 1411 877 rore
1441 840 1530 878 facti
1549 869 1559 887 ‚
1591 852 1664 876 non
1693 839 1894 877 doctrinae:
1924 852 2013 876 nam
2033 836 2116 889 ejus
2130 841 2296 878 Haeresis
2311 848 2442 893 aperte

1326 893 1529 944 reprobata
1548 893 1645 940 fuit,
1675 894 1755 944 ipse
1774 905 1863 931 vero
1883 890 2072 929 absolutus
2086 921 2096 938 ,
2126 894 2194 942 qui
2215 894 2341 932 verbis
2357 893 2446 931 sub-

1327 945 1423 983 dolis
1452 959 1537 983 eam
1566 944 1880 983 anathematizare
1909 944 2105 983 simulavit
2136 945 2245 995 (vid.
2275 945 2362 984 Nat.
2393 945 2446 984 A-

1325 998 1401 1036 lex.
1431 997 1591 1035 Dissert.
1621 998 1651 1036 1.
1682 999 1719 1035 in
1747 1013 1836 1036 saec.
1866 997 1916 1036 V.
1938 999 1953 1047 )
1973 1025 1984 1036 .
2026 997 2134 1035 Hauc
2163 1005 2288 1034 tamen
2318 997 2443 1048 Syno-

1326 1052 1419 1090 dum
1460 1050 1731 1089 miserabilem
1772 1060 1879 1091 voeat
1906 1051 1947 1089 S.
1978 1051 2237 1103 Hieronymus
2280 1051 2319 1087 in
2350 1051 2447 1102 epit.

1332 1104 1420 1150 145.
1442 1134 1452 1152 ,
1483 1118 1604 1156 neque
1634 1118 1718 1142 eam
1747 1104 1963 1156 approbare
1992 1103 2114 1142 voluit
2143 1104 2383 1142 Innocentius
2415 1102 2448 1142 I·

1341 1157 1439 1195 tom.
1469 1156 1668 1206 Pontifex,
1699 1165 1740 1194 ut
1769 1165 1921 1195 testatur
1949 1156 1991 1195 S.
2021 1158 2253 1207 Augustinus
2282 1156 2372 1195 Lib.
2394 1156 2448 1196 II·

1326 1210 1374 1249 de
1403 1223 1511 1262 pecc.
1539 1214 1639 1263 orig.
1669 1224 1755 1261 cap.
1772 1223 1811 1261 9.
1841 1210 1955 1247 Tom.
1977 1208 2029 1246 X.
2060 1209 2101 1246 P.
2123 1211 2153 1248 Ι.

1385 1263 1445 1302 16.
1475 1262 1740 1302 Haeresiarcha
1770 1262 1841 1301 hac
1870 1263 2067 1315 apparenti
2097 1262 2257 1301 victoria
2277 1261 2447 1302 tumidus

1325 1317 1447 1356 multo
1474 1318 1655 1355 audacius
1685 1318 1847 1370 impiam
1884 1317 2093 1354 doctrinam
2136 1314 2439 1361 disseminabat3

1325 1372 1359 1407 8:
1390 1381 1476 1408 tunc
1496 1369 1622 1408 Patres
1640 1370 1811 1409 Africani
1840 1370 1886 1407 de
1901 1371 2008 1420 gravi
2024 1369 2246 1406 discrimine
2266 1398 2275 1414 ‚
2307 1369 2348 1405 in
2369 1380 2445 1420 quo

1325 1424 1419 1462 fides
1448 1423 1696 1470 versabatur,
1726 1423 1932 1470 admoniti,
1963 1422 2119 1474 Synodo
2134 1420 2200 1459 68.
2232 1421 2443 1472 Episcopo-

1327 1490 1414 1512 rum
1443 1474 1669 1524 Carthagine
1697 1484 1825 1512 coacta
1856 1477 1949 1524 (an.
1967 1474 2090 1522 416.)
2124 1473 2285 1525 praeside
2322 1473 2444 1510 Aure-

1327 1527 1381 1566 lio
1410 1527 1573 1565 Primate
1593 1526 1920 1577 Carthaginiensi,
1952 1525 2193 1577 Pelagianam
2225 1525 2413 1562 Haeresim
2434 1555 2447 1574 ‚

1329 1595 1446 1632 quam
1476 1580 1556 1630 jam
1586 1588 1671 1617 ante
1699 1579 1999 1630 quadriennium
2028 1577 2265 1616 inCoelestio
2288 1578 2448 1616 damna-

1325 1641 1483 1681 verant,
1521 1634 1660 1670 iterum
1698 1633 2028 1682 proscripserunt,
2072 1638 2186 1682 atque
2216 1639 2255 1669 ut
2285 1632 2449 1682 proscri-

1325 1687 1461 1738 ptionis
1490 1686 1640 1724 decreto
1669 1683 1946 1736 irrefragabilis
1974 1685 2030 1722 vis
2054 1684 2210 1731 inesset,
2241 1684 2369 1735 ipsum
2397 1683 2449 1722 ab

1325 1740 1542 1778 Innocentio
1570 1740 1601 1776 I.
1644 1736 1851 1790 apostolica
1880 1737 2100 1775 auctoritate
2128 1735 2349 1775 confirmari
2379 1750 2449 1774 cu-

1326 1802 1481 1831 rarunt.
1516 1791 1566 1829 Et
1594 1805 1724 1828 rursus
1755 1792 1794 1828 in
1823 1789 1901 1827 alio
1929 1789 2093 1828 concilio
2122 1789 2350 1828 Milevitano
2379 1789 2448 1828 61.

1326 1846 1607 1897 Episcoporum
1637 1844 1768 1881 eadem
1799 1857 1914 1880 causa
1943 1850 2167 1894 pertractata
2198 1850 2272 1890 est,
2315 1841 2350 1878 δι
2379 1841 2448 1880 Pe·

1326 1898 1450 1950 lugius
1480 1900 1611 1935 iterato
1641 1898 1901 1950 proscriptus,
1944 1896 2046 1948 quod
2086 1895 2219 1932 itidem
2256 1895 2448 1934 indicium

1329 1951 1492 1990 Romam
1523 1952 1787 1990 transmissum
1817 1958 1869 1988 est
1897 1948 1947 1987 ab
1969 1950 2187 1987 Innocentio
2215 1947 2447 1987 confirman-

1326 2006 1419 2043 dum
1436 2031 1447 2044 .

1385 2073 1445 2110 ¹7·
1475 2058 1591 2095 Porro
1618 2057 1859 2095 Innocentius
1888 2070 1929 2094 re
1959 2064 2107 2094 mature
2128 2067 2342 2107 perpensa,
2372 2067 2440 2092 no-

1324 2126 1412 2151 vam
1444 2113 1630 2149 Haeresim
1660 2109 1865 2162 apostolico
1894 2109 2058 2147 fulmine
2086 2108 2314 2160 prostravit5
2344 2107 2443 2147 unde

1325 2166 1367 2204 S.
1396 2166 1554 2218 Prosper
1581 2165 1741 2203 canebat
1772 2164 1932 2216 (Carm.
1962 2162 2010 2201 cie
2038 2162 2266 2215 ingratis):

1434 2271 1592 2311 Pestern
1621 2269 1849 2309 subeuntem
1879 2274 2011 2321 prima
2040 2267 2178 2308 recidit
2206 2267 2265 2318 (c)

1427 2326 1558 2366 'Sedes
1588 2325 1721 2363 Roma
1752 2323 1888 2362 Petri.

2340 2427 2391 2467 Et

1326 2538 1381 2566 ret
1399 2554 1408 2563 .
1446 2531 1577 2564 Contra
1602 2529 1637 2562 S.
1665 2526 1881 2572 Augustinus
1918 2522 2100 2566 utriusque
2138 2518 2276 2563 ingenia
2300 2520 2442 2555 extollit

1328 2579 1407 2612 Lib.
1434 2579 1478 2611 tle
1504 2585 1573 2610 nat.
1600 2578 1640 2609 (9⁴
1668 2583 1757 2619 grat.
1785 2570 1919 2616 cap.-6.
1937 2591 1947 2610 ,
1973 2569 2008 2601 in
2034 2568 2146 2611 Epist.
2172 2566 2273 2605 185„
2302 2566 2336 2598 in
2365 2567 2444 2600 Lib.

1329 2627 1372 2659 ΙΙ.
1400 2623 1442 2656 ad
1469 2623 1580 2655 Bonif-
1607 2633 1681 2666 cap.
1702 2622 1734 2652 3.
1752 2641 1762 2659 ,
1790 2622 1820 2651 δε
1847 2616 1955 2651 alibi.
1982 2616 2084 2647 Certe
2111 2613 2172 2658 qui
2203 2612 2329 2655 Pelagii
2357 2612 2445 2656 Epi-

1329 2671 1456 2704 stolam
1481 2668 1523 2701 ad
1548 2665 1831 2705 Demetriadem,
1867 2662 2012 2706 ejusque
2038 2658 2317 2693 Commentarios
2344 2658 2379 2690 in
2404 2670 2443 2691 o-

1329 2728 1426 2750 mnes
1453 2715 1566 2760 Epist.
1594 2716 1627 2747 S.
1654 2713 1750 2746 Pauli
1776 2710 1891 2753 legit,
1928 2707 2029 2740 facile
2056 2705 2222 2749 intelligit
2243 2726 2252 2743 ‚
2280 2716 2360 2736 eum
2387 2703 2443 2736 in-

1329 2761 1468 2795 doctum
1495 2761 1726 2804 obtusumque
1750 2755 1926 2789 hominem
1951 2765 2017 2785 non
2039 2752 2167 2785 fuisse.
2205 2751 2322 2784 Mores
2349 2748 2442 2792 quod

1331 2809 1483 2848 attinet,
1509 2809 1542 2841 S.
1569 2804 1782 2850 Augustinus
1808 2800 1995 2844 appellavit
2023 2798 2200 2842 Pelagium
2226 2808 2267 2829 ex
2294 2795 2436 2839 publica

1329 2856 1423 2888 fama
1451 2859 1555 2887 airum
1578 2855 1716 2889 bonum,
1742 2851 1883 2892 egregie
1910 2846 2142 2879 Christianum
2165 2865 2176 2884 ‚
2212 2845 2254 2875 Θ
2281 2842 2443 2874 Sanctam

1331 2902 1404 2935 Lib.
1429 2900 1488 2933 ill.
1515 2901 1569 2932 De
1586 2908 1681 2941 pecc.
1709 2898 1865 2933 meritis,
1892 2895 1932 2925 ἶν’
1952 2895 2086 2925 remiss.
2105 2901 2180 2933 cap.
2203 2901 2232 2921 1.
2251 2888 2330 2920 &3-
2351 2889 2445 2920 Cou-

1332 2957 1385 2981 tra
1411 2949 1445 2980 S.
1472 2944 1620 2980 Isidorus
1647 2942 1818 2974 Pelusiota
1833 2939 1907 2973 Lib.
1928 2940 1953 2972 1.
1980 2938 2092 2983 Epist.
2113 2934 2193 2976 314.
2219 2946 2299 2967 enm
2313 2934 2444 2967 111.Μο-

1331 2993 1481 3028 nachum
1507 3000 1633 3033 vagum
1659 2987 1824 3020 describit
1840 3009 1848 3017 .
1875 2985 2020 3019 Orosius
2039 2995 2120 3015 vero
2144 2982 2179 3014 in
2194 2982 2342 3024 Apolog.
2361 2990 2443 3012 eum

1330 3047 1431 3074 vocat
1449 3040 1639 3070 ministrum
1653 3047 1836 3067 mensarum
1852 3054 1861 3073 ‚
1887 3033 2020 3065 balneis
2033 3051 2044 3070 ,
2069 3032 2241 3072 epulisque
2260 3029 2441 3059 nutritum.

1376 3090 1423 3125 (c)
1449 3081 1551 3116 Sedes
1578 3082 1668 3114 Petri
1695 3080 1752 3113 hic
1779 3079 1975 3124 appellatur
1998 3080 2106 3121 prima
2132 3076 2263 3124 ratione
2288 3070 2444 3114 dignita-

1331 3133 1400 3172 tis,
1426 3133 1457 3162 &
1481 3130 1676 3173 primatus,
1702 3139 1769 3160 non
1797 3135 1912 3159 autem
1932 3124 2064 3156 ratione
2087 3129 2279 3170 temporum
2305 3123 2443 3150 constat

1330 3178 1420 3211 enim
1442 3197 1452 3216 ,
1491 3175 1659 3207 Haeresim
1687 3173 1905 3216 pelagianam
1943 3170 2016 3211 jam
2043 3169 2138 3214 prins
2164 3166 2269 3197 fuisse
2295 3162 2443 3196 damna-

1332 3232 1425 3256 tam.
1453 3220 1533 3255 Vid.
1562 3219 1667 3254 Card-
1693 3220 1773 3253 Orsi
1802 3218 1899 3251 Hist.
1928 3217 2029 3249 Eccl.
2057 3213 2133 3247 Lib.
2160 3211 2277 3244 XXV.
2304 3222 2338 3242 n.
2363 3219 2441 3250 ¹29·

1331 3273 1362 3302 &
1386 3269 1516 3301 frustra
1542 3268 1576 3300 in
1603 3267 1668 3300 hoc
1694 3267 1770 3298 loco
1795 3261 2003 3309 explicando
2027 3266 2234 3303 torquentur
2253 3257 2374 3288 Petrus
2400 3254 2443 3288 de

1329 3316 1450 3349 Marcu
1478 3314 1512 3346 in
1540 3314 1686 3346 Dissert.
1714 3314 1758 3345 de
1784 3320 1850 3343 (iet.
1880 3310 2025 3343 Collect.
2046 3307 2216 3338 Canomlm
2243 3314 2317 3347 cap.
2337 3301 2390 3334 15-
2407 3313 2442 3333 11.

1332 3373 1388 3406 7.‚
1414 3363 1445 3392 δι
1472 3361 1631 3394 petavius
1655 3361 1699 3394 de
1726 3358 1904 3402 Pelagium
1920 3377 1933 3398 ,
1959 3359 2000 3389 (θ’
2020 3353 2186 3396 Semipel·
2203 3349 2329 3395 Dogm.
2344 3347 2442 3382 Hist-

1330 3418 1405 3453 cap.
1428 3419 1458 3441 1.
1484 3418 1518 3441 11.
1541 3407 1595 3443 18·
